1910 3236
657 264 728 298 na
756 263 999 297 quiNa.
1459 249 1525 300 97

137 378 328 442 Galliae)
355 395 509 443 regno
532 378 713 442 privari
737 376 913 441 posse?
963 375 1178 424 Clericos
1202 380 1252 422 et
1274 373 1523 437 regulares

136 456 189 505 in
208 470 357 504 causa
371 453 587 502 criminis
605 469 635 501 a
650 453 934 516 cognitione
949 451 1078 500 civili
1103 457 1356 513 exemptos
1374 464 1482 496 esse
1503 447 1520 495 ἓ

138 530 478 594 Indulgentiae,
509 529 670 577 missae
706 528 925 592 privatae‚
951 528 1140 590 aliaque
1164 526 1319 574 multa
1340 525 1522 590 populo

135 605 202 655 ad
229 605 438 655 salutem
471 621 572 653 non
607 603 895 660 necessaria,
920 619 1016 667 quo
1046 602 1270 660 tendant,
1295 610 1346 650 et
1369 616 1523 664 quan-

134 690 238 731 tam
276 681 341 730 ad
371 679 752 743 extinguendam
786 679 948 736 fidem,
973 678 1120 726 etiam
1154 677 1524 735 vivacissimam,

136 757 237 806 vim
265 757 494 814 habeant,
537 755 630 803 nisi
673 772 702 802 a
741 762 984 819 potestate
1017 754 1149 802 civili
1181 763 1231 801 et
1265 761 1523 801 consuetu-

135 832 252 881 dine
269 831 533 889 foveretur,
559 847 703 878 nemo
727 838 803 878 est
827 830 910 893 qui
933 846 1031 877 non
1056 828 1299 892 intelligit.
1353 829 1524 892 Itaque

136 907 463 956 mutationum
487 907 538 954 in
562 906 877 969 religionibus
899 921 1046 952 unam
1070 904 1240 952 videor
1263 905 1380 952 mihi
1414 921 1525 952 cau·

54 986 58 990 ’
133 998 239 1031 sam
262 982 511 1046 assignare
529 998 685 1044 posse,
706 982 924 1045 ingratos
940 980 1235 1028 sacerdotes.

636 1314 850 1362 CAPUT
884 1314 1025 1362 XIII.

158 1433 223 1466 DE
246 1431 538 1465 CONDITIONE
573 1431 775 1463 GENERIS
802 1431 1010 1474 EUMANJ,
1035 1431 1269 1468 QUANTUM
1297 1431 1501 1464 ATTINET

403 1499 467 1531 AD
491 1498 807 1530 PELICITATEM
834 1498 1103 1530 PRAESENTIS
1120 1499 1259 1531 vl'rAE.

134 1577 266 1626 TUM
285 1576 502 1640 corporis
520 1583 625 1623 tum
643 1575 818 1623 animae
834 1574 1150 1624 facultatibus
1173 1576 1296 1624 adeo
1314 1577 1525 1640 aequales

137 1653 268 1702 inter
303 1667 355 1700 se
384 1650 618 1715 produxit
652 1658 830 1699 natura
858 1650 1097 1710 homines,
1121 1659 1178 1700 ut
1201 1653 1421 1715 quamvis
1444 1653 1525 1700 alii

137 1727 247 1777 aliis
268 1727 452 1775 viribus
488 1735 573 1775 aut
610 1726 807 1790 ingenio
839 1734 1088 1790 praestent,
1114 1727 1156 1776 si
1178 1734 1343 1776 tamen
1362 1730 1526 1776 omnia

139 1803 284 1852 simul
297 1802 683 1860 considerentur,
692 1802 967 1850 differentia
980 1811 1119 1851 tanta
1131 1819 1233 1852 non
1248 1813 1325 1852 est
1340 1814 1397 1853 ut
1412 1821 1527 1868 pro-

138 1878 335 1928 mittere
358 1878 451 1926 sibi
475 1878 718 1926 commodi
750 1879 1011 1942 quicquam
1034 1880 1190 1943 possit
1226 1896 1368 1940 unus,
1394 1880 1528 1944 quod

138 1954 263 2003 alius
300 1970 495 2018 sperare
532 1970 671 2017 aeque
709 1971 809 2002 non
843 1963 1023 2018 potest.
1094 1955 1245 2004 Quod
1266 1956 1442 2004 attinet
1464 1956 1528 2004 ad

138 2030 240 2079 vim
257 2045 558 2094 corpoream,
572 2046 685 2077 raro
702 2030 920 2078 invenias
946 2030 1194 2079 hominem
1217 2032 1288 2079 ita
1308 2032 1529 2080 imbecil-

138 2106 257 2164 lum,
275 2114 335 2154 ut
354 2105 676 2153 fortissimum
699 2121 800 2153 non
822 2106 977 2168 possit
996 2107 1271 2155 interficere
1293 2108 1372 2155 vel
1394 2107 1525 2166 dolo,

139 2181 218 2230 vel
258 2180 603 2244 conjunctione
643 2197 756 2228 cum
792 2181 900 2229 aliis
937 2181 1114 2245 quibus
1144 2183 1415 2246 periculum
1453 2192 1527 2231 est

140 2272 412 2306 commune.
450 2255 597 2305 Quod
615 2264 782 2304 autem
800 2257 980 2305 attinet
1001 2257 1066 2305 ad
1087 2258 1345 2306 facultates
1359 2259 1525 2318 animi,

45 2377 59 2399 ,Π
144 2332 428 2396 (verborum
441 2331 642 2391 artibus,
658 2331 710 2379 id
733 2339 822 2391 est,
840 2332 1155 2381 scientiarum
1178 2334 1359 2397 regulis
1382 2350 1531 2397 gene-

30 2399 70 2462 w}
139 2407 321 2457 ralibus
344 2407 577 2471 exceptis,
601 2423 721 2471 quas
743 2408 888 2471 pauci
907 2417 958 2456 et
980 2409 1032 2457 in
1056 2410 1201 2457 rebus
1224 2409 1527 2472 paucissimis

37 2490 61 2543 3'
139 2482 408 2548 possident,
433 2491 489 2531 ut
523 2499 635 2547 quae
664 2500 757 2532 nec
793 2484 1050 2533 nobiscum
1083 2493 1213 2533 natae
1246 2485 1361 2543 sint,
1386 2502 1479 2533 nec
1498 2502 1528 2533 a

50 2550 57 2571 ²
139 2557 404 2623 prudentia
438 2559 543 2607 sine
574 2560 737 2608 studio
774 2561 1069 2623 acquisitae),
1094 2561 1330 2624 majorem
1366 2561 1528 2609 adhuc

72 2661 94 2698 3
138 2633 339 2684 invenio
376 2634 721 2697 aequalitatem.
805 2636 1072 2684 Prudentia
1110 2637 1239 2684 enim
1271 2637 1429 2684 omnis
1465 2637 1529 2684 ab

3 2771 6 2774 ψ
66 2702 106 2778 γ’,ἶη-
141 2709 445 2775 experientia
465 2718 558 2769 est,
581 2719 633 2759 et
661 2712 888 2760 omnibus
918 2712 1094 2776 aequali
1125 2720 1346 2775 tempore
1382 2712 1433 2759 in
1468 2711 1528 2759 iis

2 2830 12 2840 ,μ
76 2788 107 2853 ᾗ
142 2785 304 2843 rebus,
332 2784 509 2848 quibus
543 2785 761 2834 animum
793 2786 1048 2849 aequaliter
1077 2787 1342 2850 applicant,
1366 2802 1531 2849 aequa-

74 2923 77 2927 4
88 2857 257 2910 aliter
274 2859 509 2908 tribuitur
522 2875 553 2908 a
569 2869 760 2909 natura.
830 2861 889 2910 Id
901 2877 1035 2918 vero,
1053 2861 1185 2924 quod
1203 2861 1531 2924 aequalitatem

86 2948 125 2955 ’·
276 2950 400 2984 von.
428 2950 507 2983 111.
1362 2953 1398 2986 Η

1575 393 1678 426 CAP.
1699 393 1783 425 XII.

1574 448 1765 470 =——r——ae

1567 490 1610 518 De
1624 490 1767 527 religione.
