1968 3236
542 249 613 283 nn
642 249 900 284 οινιτΑΊ-Β.
929 248 1281 284 cnms'rlANA.
1475 266 1481 270 -
1506 241 1600 284 325

0 374 25 425 ἐς
223 358 452 408 Sel-vator
485 367 666 419 noster,
690 362 988 424 patriarchas
1024 360 1132 409 illos
1168 359 1464 409 immortales
1494 360 1599 424 qui·
1645 382 1847 415 xxxvm,

6 424 12 430 ,.
220 433 332 483 dem
371 450 490 493 esse,
528 444 579 483 at
618 453 715 484 non
756 453 843 500 per
878 437 1225 500 proprietatem
1258 436 1469 500 aliquam
1507 436 1598 484 hu·
1617 438 1886 518 „emm

220 525 379 558 manae
401 512 622 559 essentiae
651 520 1042 575 consequentem,
1067 512 1152 559 sed
1183 527 1270 575 per
1300 512 1597 560 voluntatem
1616 533 1703 574 ‹1¹1an
1723 524 1830 574 »Μυῒ
1850 523 1882 572 {n

222 583 330 643 Dei,
355 585 438 648 qui
461 601 522 633 ex
544 602 678 634 mera
698 587 878 650 gratia
902 587 1080 634 electos
1103 587 1303 635 donavit
1324 587 1428 635 vita
1453 594 1599 635 ceter·
1617 567 1886 644 ffiffi‘ffu

221 675 304 707 na.
393 659 539 708 Quod
584 669 746 708 autem
791 661 1080 724 patriarchae
1125 661 1195 709 illi
1238 662 1416 726 aliique
1460 662 1603 710 multi

223 733 392 782 fideles
426 735 646 783 homines
682 745 799 783 tunc
835 736 1013 783 mortui
1046 744 1222 794 essent,
1245 737 1406 784 vivere
1439 744 1603 785 tamen

222 825 306 858 eos
330 810 454 858 dixit
480 811 725 867 Christus;
762 828 906 859 causa
928 819 1046 870 erat,
1071 812 1203 875 quod
1220 813 1417 860 nomina
1434 827 1603 860 eorum

221 885 404 949 scripta
438 895 577 934 erant
608 888 657 934 in
690 888 812 935 libro
859 888 1000 942 vitae3
1037 896 1087 935 et
1122 895 1382 951 propterea
1413 887 1603 936 addidit

221 961 370 1009 verba
403 962 523 1019 haec,
549 970 604 1009 ut
638 963 686 1009 in
723 971 860 1010 textu
891 962 1055 1010 videre
1091 970 1180 1020 est,
1221 962 1351 1025 quod
1384 962 1603 1010 viverent

221 1036 348 1084 Deo.
419 1036 552 1085 Quid
579 1046 743 1084 autem
768 1045 856 1095 est,
880 1045 1079 1101 propter
1101 1037 1231 1100 quod
1253 1038 1427 1086 animae
1445 1038 1601 1100 justo-

222 1127 331 1159 rum
355 1112 406 1159 in
438 1112 614 1159 coelum
642 1113 768 1160 irent
799 1121 911 1161 ante
942 1122 1161 1188 corpora,
1186 1129 1298 1161 cum
1328 1113 1603 1161 mercedem

223 1203 425 1251 operum
461 1203 656 1235 suorum
691 1188 933 1251 recepturi
971 1204 1070 1236 non
1105 1188 1202 1236 sint
1233 1189 1456 1237 homines
1489 1196 1604 1237 ante

218 1262 472 1325 judicium,
506 1271 560 1311 ut
592 1264 903 1312 manifestum
937 1272 1010 1311 est
1043 1280 1104 1312 ex
1139 1265 1254 1312 Luc.
1278 1266 1373 1312 xiv.
1406 1271 1481 1323 13,
1514 1271 1599 1312 14:

228 1337 504 1402 Cumfaeis
521 1339 804 1396 convivium,
823 1356 943 1386 voca
954 1354 1228 1403 pauperes,
1243 1339 1449 1399 debiles,
1464 1339 1602 1388 clau-

224 1411 332 1468 dos,
366 1420 416 1460 et
452 1430 611 1460 coeeos
630 1433 648 1468 ;
683 1421 733 1461 et
770 1414 942 1461 beatu-³
978 1414 1097 1474 eris,
1128 1416 1248 1478 quia
1288 1432 1383 1462 non
1422 1415 1603 1463 habent

223 1486 504 1535 retribuere
527 1488 620 1535 tibi
634 1507 654 1543 ;
678 1488 983 1536 retribuetur
1004 1490 1130 1536 enim
1161 1489 1254 1537 tibi
1272 1490 1322 1537 in
1352 1507 1606 1539 resurrec-

224 1562 359 1609 tione
385 1563 635 1625 justorum
653 1567 682 1611 s?
751 1565 921 1628 Itaque
944 1572 1057 1612 ante
1092 1566 1512 1625 resurrectionem,
1536 1566 1606 1614 nil

223 1637 370 1685 habet
393 1638 442 1685 in
467 1638 591 1686 coelo
615 1638 746 1702 quod
768 1639 916 1687 faciat
943 1640 1120 1698 anima,
1144 1641 1235 1688 etsi
1268 1657 1358 1704 per
1392 1657 1444 1688 se
1478 1642 1604 1690 exis-

224 1721 364 1761 teret.
432 1714 647 1761 Verbum
680 1714 789 1774 hoc,
814 1715 979 1762 anima
1008 1715 1317 1775 immortalis,
1353 1716 1404 1764 in
1442 1717 1605 1781 Scrip-

224 1796 336 1838 tura
359 1789 507 1837 Sacra
528 1805 782 1853 nusquam,
806 1790 911 1838 vita
935 1797 1120 1838 «eterna
1142 1791 1320 1855 passim
1343 1792 1604 1841 invenitur.

225 1864 384 1928 Caput
403 1864 432 1912 J
436 1865 516 1912 obi
540 1865 779 1913 decimum
804 1873 1045 1929 quartum,
1062 1866 1147 1914 ubi
1168 1882 1269 1914 non
1291 1867 1464 1930 aliquis
1486 1867 1605 1915 ami-

225 1955 393 1988 corum
419 1955 617 1987 suorum
651 1939 882 2002 loquitur,
906 1941 993 1988 sed
1024 1942 1141 2005 ipse,
1165 1948 1323 1990 totum
1350 1943 1605 2005 quaerimo-

226 2015 310 2062 nia
329 2023 404 2062 est
426 2014 487 2062 de
517 2015 811 2063 mortalitate
838 2016 1106 2074 hominum,
1130 2017 1234 2066 sine
1264 2025 1428 2066 tamen
1454 2034 1603 2082 nega-

226 2089 359 2138 tione
382 2089 759 2138 immortalitatis
782 2099 892 2154 post
915 2093 1318 2141 resurrectionem
1339 2112 1350 2140 ε
1388 2093 1604 2158 Lignum

229 2163 377 2212 habet
398 2181 534 2228 spem
552 2183 572 2220 ,·
606 2166 652 2213 si
667 2167 939 2230 proecieum
950 2169 1141 2231 fuerit,
1166 2185 1359 2216 rursum
1382 2169 1604 2228 vir-excit,

229 2245 279 2286 et
302 2240 431 2286 rami
454 2240 560 2302 ejus
576 2240 849 2304 pullulant.
887 2243 946 2290 Si
968 2244 1188 2291 senuerit
1212 2243 1263 2291 in
1287 2251 1427 2291 terra
1451 2243 1605 2291 radia:

229 2315 352 2376 ejus,
374 2319 424 2360 et
453 2315 504 2361 in
527 2314 737 2378 pulvere
759 2324 1005 2365 emortuus
1021 2318 1200 2382 suerit
1225 2325 1427 2367 truncus
1451 2318 1606 2381 illius,

230 2389 302 2436 ad
338 2387 536 2436 odorem
578 2404 719 2452 aquae
758 2392 1080 2455 germinabit,
1118 2400 1169 2441 et
1193 2394 1371 2457 saciet
1406 2410 1606 2453 comam,

232 2463 375 2527 quasi
411 2479 516 2526 cum
547 2464 763 2528 primum
795 2466 1083 2531 plantatum
1119 2475 1210 2516 est.
1281 2468 1442 2516 Homo
1472 2485 1606 2529 vero,

232 2554 337 2587 cum
362 2539 771 2602 mortuusfuerit,
789 2548 839 2590 et
862 2543 1093 2603 nudatus,
1109 2550 1260 2608 atque
1279 2550 1607 2608 consumptus,

232 2612 316 2661 ubi
338 2629 500 2677 quaeso
518 2617 636 2662 est?
722 2616 786 2664 Et
806 2618 951 2681 paulo
973 2627 1098 2683 post,
1122 2619 1258 2667 homo
1282 2635 1388 2666 cum
1423 2618 1607 2667 dormi-

233 2687 349 2746 erit,
383 2704 477 2735 non
507 2696 740 2754 resurget
778 2692 932 2742 donee
965 2700 1220 2743 atteratur
1254 2693 1441 2742 eoelum.
1511 2695 1609 2744 Sed

234 2761 427 2825 quando
449 2764 559 2821 erit,
583 2763 714 2826 quod
734 2767 909 2816 ooelum
931 2776 1167 2818 atteretur
1191 2770 1207 2816 ἓ
1253 2769 1532 2832 Respondet
1555 2771 1605 2819 S.

237 2837 421 2896 peti-m,
443 2837 661 2887 futurum
683 2854 789 2890 esse
811 2842 861 2891 in
884 2844 1252 2894 resurrectione.
1322 2844 1452 2894 Dicit
1474 2846 1611 2896 enim
