1910 3236
651 291 718 324 [111
747 291 987 325 nomme.
1440 283 1496 325 91

116 413 292 462 nempe
306 399 593 459 oblationes,
612 417 796 464 preces,
815 402 1083 464 gratiarum
1099 402 1333 461 actiones,
1358 411 1503 450 caete-
1550 429 1652 460 CAp,
1670 429 1717 460 xl
1724 429 1754 461 1,

117 489 291 538 rasque
325 475 612 535 antedictaS,
648 477 794 525 iidem
829 478 1061 526 authores
1096 478 1364 543 imaginum
1397 486 1504 527 tum
1542 484 1748 562 W

116 549 357 613 pictarum
389 560 437 598 et
466 552 781 616 sculptarum,
808 563 914 601 tum
945 554 1162 602 fusarum
1195 554 1503 603 adorationes

116 624 364 683 addidere,
391 641 449 674 eo
483 627 579 675 fine
613 637 669 675 ut
703 629 926 692 populus,
961 629 1012 676 id
1046 637 1135 687 est,
1170 630 1503 693 ignorantium

116 700 394 758 multitudo,
419 702 536 751 deos
571 703 703 767 ipsos
738 705 788 751 in
824 705 927 752 istis
960 705 1252 768 imaginibus
1280 706 1502 754 habitare

116 776 430 836 existimaret,
455 787 504 826 et
539 779 685 842 agris,
710 779 919 843 templis,
943 774 1180 829 reditibus
1203 790 1254 829 et
1277 782 1503 830 sacerdo-

115 851 246 899 tibus
262 851 467 901 donaret
485 874 497 908 ;
534 871 643 918 quae
662 855 826 902 omnia
844 870 982 903 sacra
998 856 1319 915 habebantur,
1339 858 1389 906 id
1411 866 1501 916 est,

115 927 263 975 solius
296 928 566 977 sacerdotis
602 930 858 978 commodo
894 930 1151 989 destinata,
1176 939 1231 980 ut
1262 949 1500 993 eavernae,

115 1001 229 1059 luci,
246 1003 410 1067 sylvae,
429 1013 637 1063 montes,
662 1005 834 1053 insulae
856 1006 1062 1070 integrae
1086 1023 1194 1070 quae
1218 1008 1312 1056 illis
1335 1025 1501 1057 conse-

115 1086 264 1127 cratae
305 1088 459 1127 erant.
531 1081 634 1128 Diis
670 1089 834 1128 autem
877 1081 981 1129 istis
1017 1098 1116 1130 non
1159 1083 1305 1132 modo
1343 1086 1501 1132 varias

113 1153 312 1211 formas,
345 1162 401 1203 ut
434 1156 701 1215 hominum,
732 1157 1013 1216 bestiarum,
1038 1167 1384 1219 monstrorum,
1415 1161 1502 1208 sed

114 1229 262 1277 etiam
286 1246 430 1278 onme
454 1247 608 1294 genus
638 1232 916 1295 passionum
943 1242 994 1281 et
1017 1234 1306 1283 facultatum
1330 1252 1501 1285 carna-

113 1305 249 1365 lium,
256 1314 313 1354 ut
330 1322 513 1364 sexum,
528 1323 816 1366 sermonem,
832 1308 1501 1374 cupidinem,generationem

118 1381 506 1445 (generationem
539 1399 639 1430 nou
671 1383 817 1431 modo
854 1385 1091 1433 mixtione
1132 1386 1262 1433 inter
1294 1402 1346 1434 se
1387 1387 1501 1435 deo-

114 1471 240 1515 rum,
274 1457 403 1504 unde
441 1457 526 1516 dii,
565 1458 651 1505 sed
693 1459 839 1506 etiam
876 1460 1115 1508 mixtione
1152 1461 1355 1509 deorum
1390 1479 1501 1510 eum

113 1531 407 1590 hominibuS,
438 1533 569 1580 unde
592 1534 812 1597 hybridae
836 1534 945 1593 orti,
971 1543 1026 1583 ut
1050 1536 1290 1585 Hercules
1308 1546 1359 1586 et
1378 1539 1501 1586 Bae-

115 1608 256 1668 chus)
284 1608 632 1657 attribuerunt.
689 1610 849 1657 Etiam
874 1610 1070 1659 eosdem
1094 1612 1211 1660 deos
1234 1613 1501 1673 adulteros,

113 1683 464 1742 fraudulentos,
483 1684 629 1743 fureS,
649 1686 971 1749 omnibusque
989 1687 1096 1735 aliis
1115 1688 1246 1736 vitiis
1270 1705 1502 1752 conspur-

114 1766 250 1807 catos
267 1758 530 1819 faciebant,
549 1761 676 1809 natis
699 1778 729 1809 a
750 1763 973 1825 potentia
990 1771 1039 1811 et
1057 1779 1165 1827 quae
1179 1764 1312 1828 leges
1329 1765 1500 1813 huma-

114 1850 202 1883 nas
224 1835 386 1898 potius
410 1852 555 1899 quam
579 1837 815 1885 honorem
838 1838 1066 1886 videntur
1087 1839 1285 1888 violare.

181 1910 448 1969 Postrem0‚
473 1911 537 1959 ad
551 1913 866 1976 prognostica
886 1914 1055 1974 futuri,
1076 1931 1186 1979 quae
1209 1925 1392 1979 praeter
1416 1933 1500 1965 ex-

114 1985 403 2049 perientiam
437 1987 674 2050 praeteriti
705 1989 994 2038 naturaliter
1026 1991 1160 2039 nulla
1188 2000 1316 2050 sunt,
1339 2008 1499 2056 neque

114 2061 546 2124 supernaturaliter
558 2071 738 2126 praeter
751 2065 1097 2114 revelationem
1111 2067 1340 2126 divinam,
1351 2068 1499 2116 iidem

114 2136 343 2185 authores
382 2137 672 2201 religionum
712 2140 1033 2200 ethnicarum,
1071 2142 1261 2191 fabulas
1302 2145 1495 2206 excogi-

114 2220 277 2261 tantes
313 2220 363 2261 et
393 2214 636 2278 colloquia
659 2232 770 2263 cum
806 2216 897 2265 diis
919 2218 1219 2277 simulantes,
1242 2219 1499 2266 innumera

113 2286 408 2336 addiderunt
420 2305 601 2352 genera
614 2290 984 2350 divinationum,
999 2292 1372 2355 hominibusque
1387 2308 1497 2356 per-

115 2371 371 2411 suaserunt
384 2367 771 2429 praecognituros
786 2383 836 2415 se
850 2367 1071 2416 fortunas
1086 2385 1197 2417 suas
1218 2385 1277 2417 ex
1295 2384 1497 2431 respon-

115 2439 408 2487 sisabsurdis
415 2440 492 2487 vel
505 2442 744 2505 ambiguis
757 2443 1122 2492 sacerdotumin
1131 2445 1347 2508 Delphis,
1358 2443 1495 2501 Delo,

114 2514 316 2577 aliisque
339 2514 458 2563 locis
474 2525 674 2580 propter
690 2519 889 2567 oracula
911 2519 1200 2573 celebribus;
1238 2519 1496 2582 responsis,

115 2605 225 2654 quae
255 2589 319 2637 ad
358 2599 559 2639 eventus
595 2594 866 2642 contrarios
903 2594 1262 2642 accommodari
1297 2602 1498 2657 possent

114 2672 317 2728 propter
351 2665 736 2729 ambiguitatem,
761 2669 838 2716 vel
879 2677 1081 2733 propter
1118 2677 1331 2716 mentem
1368 2668 1493 2716 vatis

115 2756 146 2788 a
166 2740 426 2803 vaporibus
456 2743 790 2804 perturbatam
833 2744 904 2804 (id
939 2744 1070 2807 quod
1104 2745 1154 2791 in
1189 2743 1309 2791 locis
1332 2759 1496 2791 caver-

115 2815 247 2863 nosis
262 2814 479 2863 mirabile
494 2832 592 2864 nou
615 2819 710 2878 est)
731 2818 982 2873 absurdis3
1018 2819 1093 2865 vel
1111 2835 1170 2866 ex
1189 2818 1319 2865 foliis
1339 2818 1495 2880 Sybil-

115 2890 288 2948 larum,
328 2906 531 2954 quarum
572 2892 683 2939 libri
724 2893 910 2956 aliquot
951 2909 981 2940 a
1022 2893 1218 2941 civitate
1260 2893 1494 2950 Romana,
