1968 3236
173 383 275 414 CAP.
294 382 325 414 1.

404 239 497 280 536
719 247 898 280 APPEN
910 247 1006 279 mx
1034 245 1106 278 AD
1136 244 1476 278 LEVIATHAN.

402 359 690 406 tur.—Cum
718 373 832 419 ergo
859 356 1095 418 quaeritur
1119 355 1236 418 quid
1270 355 1390 412 tria,
1414 356 1492 403 vel
1524 355 1642 419 quid
1668 362 1791 413 tres,

404 510 785 572 complectamur
824 508 928 554 haec
961 507 1070 554 tria.
1142 507 1315 569 Neque
1353 507 1566 554 occurrit
1602 507 1794 561 animo;

405 586 517 649 quia
548 583 962 646 supereminentia
998 582 1268 630 divinitatis
1300 582 1469 630 usitati
1507 582 1687 645 eloquii
1722 581 1796 629 fa-

406 662 640 709 cultatem
665 659 905 707 excedit.’'

471 737 533 783 A.
572 736 686 782 Non
726 742 856 782 recte
895 751 944 782 se
986 742 1186 782 excusat
1231 734 1550 797 Epiphanius,
1621 733 1798 781 Alieno

407 812 536 860 enim
559 811 677 859 vitio
703 811 928 874 compelli
964 810 1027 857 ad
1061 809 1340 857 faciendum
1363 809 1415 857 id
1439 809 1573 873 quod
1597 817 1672 857 est
1706 809 1800 856 illi-

407 889 572 946 citum,
612 888 715 934 sine
740 887 788 934 vi
824 893 908 934 aut
941 886 1084 933 minis
1115 901 1259 933 nemo
1300 892 1479 948 potest.
1565 886 1630 933 Et
1667 884 1800 948 quod

408 963 729 1011 Bellarminus
769 962 992 1010 doctores
1032 978 1145 1009 suos
1176 961 1514 1025 philosophice
1551 962 1801 1025 disputare

407 1047 569 1102 negat,
609 1045 665 1086 ut
707 1038 970 1086 ostendant
1014 1037 1324 1096 Trinitatem,
1351 1038 1458 1085 ·sed
1503 1045 1560 1085 ut
1612 1037 1802 1085 solvant

410 1115 708 1178 sophismata
731 1113 1149 1177 philosophorum,
1169 1129 1268 1160 non
1294 1120 1368 1160 est
1391 1130 1576 1161 verum.
1642 1113 1801 1161 Utun-

410 1199 489 1239 tur
541 1191 669 1238 enim
713 1190 928 1253 theologi
975 1190 1061 1248 illi,
1104 1189 1188 1252 qui
1227 1189 1554 1253 expositiones
1595 1187 1803 1252 symboli

412 1267 587 1314 Niceni
624 1265 900 1324 ediderunt,
950 1281 1118 1313 omnes
1157 1265 1259 1312 fere
1307 1265 1674 1313 definitionibus
1720 1263 1804 1311 de-

413 1342 619 1405 sumptis
645 1358 704 1389 ex
728 1342 889 1405 logica
912 1351 962 1389 et
985 1341 1323 1404 metaphysica
1346 1341 1655 1396 Aristotelis;
1692 1355 1805 1388 cum

413 1424 631 1465 sanctam
654 1417 946 1465 Trinitatem
970 1433 1028 1465 ex
1055 1417 1158 1465 sola
1184 1417 1438 1480 Scriptura
1464 1417 1615 1464 Sacra
1639 1423 1804 1464 osten-

415 1494 528 1541 dere
554 1493 826 1541 debuerint.
899 1493 1057 1540 Miror
1073 1492 1220 1540 etiam
1244 1492 1459 1540 Nicenos
1483 1492 1667 1551 Patres,
1692 1507 1804 1539 cum

415 1577 490 1617 tot
527 1577 691 1617 essent
727 1569 857 1616 inter
894 1568 1004 1616 illos
1041 1567 1334 1631 philosophi,
1370 1568 1521 1615 verba
1554 1567 1638 1615 illa
1667 1566 1803 1625 artis,

416 1647 588 1708 quibus
625 1646 673 1692 in
710 1645 1115 1708 explicationibus
1150 1643 1223 1690 usi
1260 1652 1387 1702 sunt,
1416 1644 1467 1690 in
1492 1643 1650 1707 ipsum
1674 1657 1803 1707 sym-

415 1721 581 1768 bolum
607 1737 704 1768 non
728 1720 965 1768 intulisse.

484 1797 548 1844 B.
587 1796 710 1843 Mihi
734 1812 850 1843 vero
874 1795 994 1844 illud
1014 1797 1191 1844 mirum
1214 1812 1314 1844 non
1340 1803 1430 1852 est,
1458 1793 1803 1851 consideranti,

420 1871 552 1935 quod
590 1872 639 1918 in
678 1871 875 1935 synodis
904 1872 1108 1936 magnis,
1135 1871 1218 1935 qui
1241 1870 1474 1919 audacter
1497 1884 1726 1933 perorare
1755 1876 1807 1917 et

421 1947 668 2010 disputare
691 1955 911 2010 possunt,
934 1947 1080 2011 pauci
1116 1947 1230 1995 sint.
1317 1946 1514 2009 Reliqui
1554 1961 1687 2008 ergo,
1722 1944 1807 2008 qui

420 2023 522 2070 sola
566 2022 648 2070 illa
694 2030 983 2086 argumenta
1027 2024 1362 2087 approbarunt
1409 2038 1519 2086 quae
1558 2037 1619 2069 ex
1658 2021 1808 2068 Sacra

423 2098 674 2160 Scriptura
709 2098 856 2146 allata
887 2106 1042 2156 erant,
1087 2114 1199 2145 cum
1241 2113 1444 2145 numero
1483 2096 1809 2159 disputatores

423 2180 722 2235 superarent,
747 2173 888 2220 facile
913 2173 1153 2236 suffragiis
1189 2173 1286 2221 suis
1319 2173 1586 2228 evicerunt,
1610 2179 1667 2219 ut
1688 2170 1810 2219 nihil

424 2249 472 2295 in
497 2248 768 2312 symbolum
793 2248 1135 2296 admitteretur
1158 2256 1337 2312 praeter
1361 2264 1419 2295 ea
1437 2263 1544 2310 quae
1563 2261 1623 2294 ex
1647 2246 1810 2310 Scrip-

424 2324 546 2370 turis
570 2332 738 2387 aperte
762 2324 1111 2371 inferebantur.

494 2399 556 2445 A.
596 2398 726 2447 Quid
773 2405 845 2446 est
892 2414 1091 2462 corpu-9,
1135 2397 1253 2461 quid
1291 2398 1651 2461 incorporeum,
1694 2396 1812 2460 quid

426 2473 638 2535 spe'ritus
655 2477 682 2521 ,9

495 2549 558 2596 B.
596 2549 811 2596 Nomina
844 2549 927 2596 illa
962 2549 1031 2596 ita
1065 2549 1267 2597 eruditis
1293 2549 1518 2597 omnibus
1542 2547 1739 2611 cognita
1761 2554 1813 2595 et

429 2622 676 2670 intellecta
698 2624 801 2671 visa
819 2633 948 2683 sunt,
974 2632 1031 2671 ut
1049 2625 1263 2671 nesciam
1283 2640 1346 2671 an
1369 2624 1495 2671 ullus
1514 2631 1600 2671 aut
1623 2622 1814 2671 theolo-

429 2714 519 2760 gus
561 2706 646 2745 aut
691 2699 1010 2763 philosophus
1057 2699 1423 2747 definitionibus
1469 2716 1527 2747 ea
1572 2698 1814 2762 explicare

432 2772 659 2835 dignatus
698 2774 775 2821 sit.
845 2774 920 2822 Tu
962 2790 1080 2837 ergo
1113 2775 1250 2837 cujus
1285 2774 1356 2821 rei
1394 2774 1551 2822 ideam
1575 2774 1626 2821 in
1650 2773 1813 2821 animo

432 2847 593 2906 habes,
619 2848 815 2910 quando
839 2849 1026 2912 profers
1061 2849 1137 2896 vel
1172 2849 1416 2912 prolatum
1441 2849 1581 2897 audis
1610 2849 1816 2896 vocabu·

424 2920 526 2970 lum
551 2923 670 2970 illud
695 2939 876 2988 corpu-5·
893 2927 920 2972 ,9
