1910 3236
719 290 788 323 DE
818 290 1060 323 HOMINE.
1521 278 1583 330 27

196 401 452 450 scientiam
474 416 642 449 veram
665 402 842 462 tendit,
866 403 1129 451 authorum
1153 401 1486 465 antiquiorum
1505 401 1591 448 de-

180 477 444 565 ⁸sinitz’ones
479 477 776 536 examinare,
800 479 1228 543 negligentiusque
1251 477 1458 541 scriptas
1483 493 1592 525 cor-

197 555 374 640 rigere,
397 554 474 602 vel
498 554 626 602 sibi
615 554 706 618 1psi
729 570 880 602 novas
901 556 1215 604 constituere.
1285 555 1436 602 Prout
1460 553 1591 600 enim

196 630 249 679 in
271 646 564 694 unaquaque
588 630 794 678 scientia
826 632 1051 694 procedit
1082 631 1400 695 computatio,
1424 629 1592 678 multi-

197 706 443 772 plicantur
466 707 614 755 etiam
639 707 723 770 qui
745 706 797 754 in
821 706 1184 756 definitionibus
1219 715 1335 756 sunt
1368 720 1589 754 errores·
1578 742 1590 761 ,

197 782 330 831 unde
368 782 606 846 paulatim
642 782 891 830 ducuntur
924 782 1134 830 lectores
1168 783 1220 830 in
1254 781 1593 830 conclusiones

198 859 462 913 absurdas3
499 875 622 922 quas
656 858 750 906 etsi
784 856 986 906 tandem
1008 858 1225 917 videant,
1249 857 1490 906 extricare
1521 863 1595 904 ta-

197 952 312 985 men
337 952 387 984 se
410 951 512 984 non
535 942 756 999 possunt,
772 934 869 982 nisi
887 934 1049 982 denuo
1073 935 1134 981 ab
1150 934 1292 981 initio
1307 940 1593 996 computare

198 1012 455 1076 incipiant,
475 1012 527 1059 in
550 1027 648 1075 quo
666 1011 807 1059 initio
826 1026 998 1058 eorum
1013 1025 1203 1057 errores
1219 1008 1412 1057 fundati
1437 1015 1592 1056 erant.

200 1089 278 1138 Illi
291 1105 425 1152 ergo,
446 1088 531 1152 qui
548 1087 836 1135 authoribus
861 1086 968 1134 aliis
991 1085 1199 1133 nimium
1223 1084 1446 1143 credunt,
1462 1083 1594 1131 idem

197 1165 402 1223 faciunt,
428 1163 561 1228 quod
595 1163 678 1227 qui
712 1163 891 1211 multas
927 1177 1141 1210 summas
1179 1161 1392 1209 minores
1415 1161 1467 1207 in
1490 1176 1594 1208 ma-

195 1242 355 1305 jorem
378 1239 632 1302 eolligunt,
657 1238 910 1287 summulis
943 1237 1040 1285 illis
1061 1253 1162 1285 non
1186 1244 1300 1284 ante
1323 1243 1456 1284 recte
1481 1252 1595 1283 exa-

201 1316 415 1375 minatiS,
440 1324 490 1364 et
513 1324 770 1380 perspecto
795 1313 997 1363 tandem
1035 1329 1215 1372 errore,
1240 1328 1332 1360 nec
1358 1312 1595 1375 suspectis

202 1393 548 1456 magistrorum
575 1391 843 1455 principiis,
870 1389 1100 1453 expedire
1135 1404 1186 1437 se
1219 1404 1322 1436 non
1355 1395 1594 1451 possunt;

202 1468 290 1518 sed
313 1476 506 1531 tempus
541 1474 836 1515 consumunt
869 1466 1106 1513 librorum
1140 1463 1260 1512 folia
1294 1463 1595 1529 motitantes‚

201 1544 618 1610 quemadmodum
651 1544 841 1591 faciunt
874 1541 1094 1598 aviculae,
1118 1556 1230 1603 quae
1260 1531 1523 1603 postquam
1546 1539 1598 1586 in

201 1621 482 1670 cubiculum
528 1620 728 1683 aliquod
772 1618 1064 1667 intraverint
1102 1633 1191 1680 per
1226 1616 1488 1675 caminum,
1525 1615 1599 1663 in-

202 1698 459 1761 clusasque
499 1713 550 1745 se
586 1696 816 1755 viderint,
853 1695 918 1743 ad
951 1694 1180 1742 fenestrae
1219 1693 1391 1740 vitreae
1436 1692 1602 1740 lumen

202 1776 381 1824 falsum
403 1773 681 1822 motitando
696 1773 813 1831 alas,
834 1772 999 1820 oblitae
1023 1787 1120 1834 qua
1135 1770 1213 1818 via
1235 1770 1468 1833 ingressae
1485 1769 1599 1826 sint,

202 1851 430 1900 laborant
451 1849 650 1898 frustra.
719 1849 909 1896 Primus
933 1863 1051 1911 ergo
1075 1845 1312 1894 sermonis
1335 1860 1467 1902 usuS,
1492 1860 1602 1907 quae

204 1927 461 1992 acquisitio
474 1935 548 1974 est
562 1925 894 1983 scientiarum,
904 1923 1127 1972 consistit
1141 1922 1192 1970 in
1206 1929 1342 1969 recta
1348 1921 1603 1968 nominum

205 2003 504 2062 definitione,
535 2002 820 2066 primusque
854 2002 1034 2048 abusus
1074 2000 1126 2047 in
1160 1997 1447 2046 definitione
1482 1997 1605 2044 falsa

173 2125 177 2129 .
204 2081 283 2129 vel
319 2080 482 2135 nuHa3
518 2086 667 2142 atque
701 2077 816 2126 inde
851 2076 1128 2141 procedunt
1148 2074 1285 2122 falsae
1305 2081 1355 2122 et
1378 2072 1605 2121 absurdae

205 2155 609 2220 philosophorum
633 2153 903 2217 opiniones,
929 2168 1039 2215 quae
1063 2151 1189 2210 illos,
1214 2149 1297 2213 qui
1321 2148 1605 2196 instructio-

204 2247 320 2280 nem
354 2247 456 2279 non
479 2247 510 2279 a
531 2230 731 2294 propria
753 2228 1073 2277 meditatione
1097 2227 1183 2275 sed
1206 2227 1267 2274 ab
1302 2224 1603 2273 authoritate

205 2308 445 2356 librorum
491 2307 757 2370 accipiunt,
794 2313 935 2354 tanto
979 2304 1237 2352 hominum
1271 2299 1605 2365 ignorantium

207 2383 488 2432 conditione
506 2382 763 2430 inferiores
778 2380 1007 2438 reddunt,
1028 2386 1214 2443 quanto
1230 2377 1470 2433 homines,
1489 2390 1606 2421 vera

208 2459 414 2508 scientia
436 2457 646 2522 praediti,
672 2457 844 2505 eadem
868 2456 1153 2504 conditione
1177 2453 1449 2517 superiores
1474 2458 1604 2498 sunt.

210 2535 340 2584 Nam
361 2535 492 2583 inter
508 2550 676 2582 veram
696 2533 952 2581 scientiam
970 2540 1020 2580 et
1035 2531 1311 2580 doctrinam
1330 2542 1604 2583 erroneam,

209 2611 489 2674 ignorantia
505 2610 554 2658 in
579 2609 743 2657 medio
769 2616 857 2657 est.
928 2609 1110 2656 Sensus
1135 2615 1186 2655 et
1209 2603 1494 2668 imaginatio
1517 2617 1606 2648 na-

210 2686 393 2734 turales
416 2685 801 2734 absurditatibus
838 2684 1063 2733 obnoxiae
1085 2699 1186 2731 non
1211 2689 1342 2729 sunt.
1414 2678 1607 2725 Natura

211 2762 318 2825 ipsa
340 2776 502 2809 errare
538 2777 639 2809 non
673 2768 852 2824 potest.
924 2760 1125 2809 Quanto
1161 2766 1323 2805 autem
1361 2755 1469 2818 quis
1505 2769 1607 2800 ser-

212 2836 370 2883 monis
405 2836 548 2899 copia
586 2835 805 2884 abundat
840 2835 1011 2898 magiS,
1045 2842 1185 2882 tanto
1220 2838 1305 2879 aut
1339 2829 1607 2893 sapientior

213 2911 290 2959 vel
326 2911 522 2959 stultior
557 2920 633 2960 est
668 2928 814 2974 quam
845 2911 1032 2973 vulgus,
1104 2908 1277 2971 Neque
1315 2906 1418 2955 sine
1451 2904 1606 2953 literis

1642 426 1745 459 CAP.
1762 425 1826 458 lv.

1637 523 1683 552 De
1697 532 1836 552 sermone.
