1968 3236
491 263 563 298 nn
591 262 781 297 naono
806 261 1211 296 unanimam«.
1446 248 1546 299 473

162 375 247 424 οἱα
267 382 345 423 est
365 374 468 423 vita
490 390 704 438 praesens
725 395 737 428 ;
775 389 953 421 carcer
977 381 1052 421 est
1069 371 1397 436 sepulchrum,
1416 369 1547 419 unde
1565 391 1668 423 CAP.
1685 390 1812 422 κων.

161 450 228 500 ad
247 451 397 499 vitam
429 459 665 498 aeternam
700 466 799 497 non
837 457 1058 513 resurget
1086 457 1334 514 peccator,
1358 448 1446 496 sed
1484 447 1548 496 ad
1587 444 1788 519 Dm

159 525 425 575 secundam
460 534 685 584 mortem,
716 526 809 574 nisi
845 526 981 590 prius
1018 525 1288 574 reddiderit
1321 524 1548 572 ultimum
1584 533 1784 571 miriadibus

160 601 498 666 quadrantem,
535 602 613 650 vel
651 618 741 665 pro
778 618 837 650 eo
875 602 1098 665 passione
1144 618 1233 650 sua
1277 599 1547 648 reddiderit
1582 578 1818 648 {li-„mm

160 677 397 726 Christus.
468 677 638 741 Itaque
662 678 811 726 verba
833 678 940 726 haec
963 677 1028 725 ad
1049 677 1388 742 purgatorium
1424 675 1547 723 nihil
1584 664 1810 702 &dm

0 787 15 820 ἓ
159 753 425 819 pertinent.

0 823 15 886 {o
227 829 387 877 Locus
410 829 610 893 quintus
634 837 707 877 est
738 829 918 877 Matth.
942 846 988 877 v.
1008 836 1102 878 22:
1138 828 1258 892 Ego
1281 834 1443 875 autem
1468 825 1548 874 di-

160 921 220 952 co
241 904 396 960 vohis,
420 905 540 969 quia
565 905 720 952 omnis
744 905 831 969 qui
855 905 1100 952 irascitur
1096 903 1276 967 fratri
1299 919 1406 961 suo,
1430 919 1548 950 reus

160 979 262 1027 erit
271 980 476 1043 judicio
495 999 514 1028 .·
549 981 636 1044 qui
654 987 816 1028 autem
852 980 1044 1028 dixerit
1047 978 1228 1043 fratri
1249 994 1355 1037 8110,
1385 977 1548 1036 Buca,

162 1071 278 1103 reus
300 1056 401 1103 erit
419 1056 628 1104 concilio
647 1075 664 1103 .·
699 1056 786 1120 qui
809 1063 972 1103 autem
996 1055 1204 1113 dixerit,
1209 1055 1398 1119 fatue:
1434 1069 1550 1101 reus

162 1130 263 1179 erit
291 1131 532 1179 Gehennae
556 1131 706 1196 ignis.
777 1132 816 1178 A
846 1131 1022 1194 quibus
1042 1121 1206 1179 strbis
1229 1130 1325 1177 tria
1345 1144 1453 1177 esse
1475 1129 1551 1176 in-

161 1206 258 1255 fert
288 1222 470 1269 genera
503 1214 835 1270 peccatorum,
859 1216 910 1254 et
934 1206 1030 1254 tria
1061 1221 1244 1269 genera
1263 1210 1550 1268 poenaru‘m3

161 1282 354 1346 peccati
375 1297 531 1345 genus
553 1282 779 1330 ultimum
803 1290 996 1329 tantum
1018 1282 1069 1329 in
1094 1280 1329 1329 Gehenna
1349 1279 1553 1343 punien-

162 1357 281 1406 dum
304 1373 409 1405 aese
433 1357 601 1405 dicens
622 1379 635 1413 ;
671 1366 721 1406 et
734 1357 957 1421 proinde,
977 1365 1290 1421 peccatorum
1307 1355 1551 1403 minorum

162 1449 335 1497 poenas
358 1433 463 1481 dari
488 1433 665 1482 debere
689 1434 740 1481 in
762 1433 1061 1497 purgatorio.
1104 1432 1254 1495 Cujus
1275 1429 1551 1494 argumenti

162 1509 262 1557 vim
285 1508 468 1556 nullam
492 1509 651 1557 video.
704 1510 837 1557 Num
861 1509 1010 1556 curiae
1033 1516 1177 1556 erunt
1199 1507 1418 1564 diversae,
1440 1512 1554 1569 post

163 1592 389 1644 mortem,
414 1585 478 1633 ad
500 1585 760 1633 criminum
789 1586 1005 1633 diversas
1039 1584 1225 1648 species
1248 1582 1549 1645 distinguen-

23 1727 26 1729 ‚
164 1659 267 1718 daS,
302 1661 430 1709 sicut
470 1670 611 1708 erant
650 1661 701 1708 in
740 1661 769 1709 J
773 1660 930 1718 udaea,
968 1658 1195 1708 tribunal
1216 1658 1461 1722 judicum,
1502 1663 1556 1704 et

23 1732 26 1734 ’
79 1752 81 1754 ·
163 1736 510 1784 consistorium
550 1736 797 1784 seniorum
814 1739 843 1784 ,9
913 1736 1092 1783 Nonne
1132 1734 1373 1797 judicium
1409 1747 1556 1780 omne

164 1812 470 1876 erit2Christi
492 1821 545 1860 et
577 1813 910 1876 apostolorum
932 1811 949 1859 ?
1018 1812 1192 1874 Itaque
1215 1809 1278 1858 ad
1301 1807 1555 1872 explicati-

165 1902 310 1935 onem
331 1887 478 1952 hujus
499 1888 597 1936 loci
630 1888 864 1936 debemus
896 1887 1048 1946 illum,
1073 1902 1173 1934 non
1197 1885 1412 1934 solitarie
1437 1899 1555 1931 con-

165 1962 398 2022 siderare,
429 1963 516 2011 sed
550 1964 852 2027 conjunctim
886 1979 1000 2011 cum
1035 1962 1196 2010 verbis
1230 1976 1339 2024 quae
1363 1967 1556 2008 antece-

165 2037 307 2099 dunt,
346 2046 399 2087 et
436 2039 814 2103 subsequuntur.
902 2038 1133 2086 Servator
1167 2045 1336 2084 noster
1370 2035 1422 2082 in
1462 2035 1558 2082 hoc

166 2113 327 2177 capite
348 2113 700 2178 interpretatur
721 2114 881 2177 legem
895 2112 1196 2166 Mosaicam;
1231 2126 1380 2173 quam
1396 2108 1558 2157 Judaei

166 2197 287 2237 tunc
309 2189 535 2253 imploese
552 2205 604 2237 se
627 2189 989 2246 existimabant,
1013 2188 1055 2235 si
1078 2202 1272 2235 sensum
1297 2185 1556 2232 verborum

165 2265 542 2329 grammaticum
587 2280 686 2312 non
734 2265 1029 2327 transgressi
1074 2270 1230 2320 erant,
1277 2274 1556 2324 quanquam

165 2346 342 2388 contra
376 2339 669 2387 sententiam
707 2339 828 2402 legis
867 2339 1114 2397 fecissent,
1149 2346 1201 2385 et
1233 2335 1556 2384 intentionem

167 2414 475 2477 legislatoris.
512 2414 685 2475 Itaque
709 2429 823 2461 cum
845 2421 1145 2477 praeceptum
1169 2420 1362 2460 sextum
1385 2409 1557 2458 violari

166 2504 270 2537 non
291 2497 542 2552 putarent,
565 2488 660 2536 nisi
695 2488 942 2537 hominem
964 2488 1073 2552 quis
1107 2486 1449 2543 interfecisset,
1471 2501 1557 2533 ne-

169 2580 265 2628 que
300 2563 577 2627 septimum,
600 2563 695 2611 nisi
730 2564 928 2627 quando
963 2565 1073 2628 quis
1096 2579 1208 2611 cum
1231 2561 1434 2609 muliere
1457 2576 1556 2608 non

169 2654 323 2687 uxore
346 2654 436 2687 sua
451 2638 811 2699 concubuisset,
831 2639 1062 2687 Servatur
1074 2647 1242 2686 noster
1264 2635 1374 2683 illos
1397 2634 1559 2693 docet,

169 2714 319 2762 etiam
341 2713 483 2761 fratri
503 2713 649 2761 irasci
671 2713 777 2762 sine
790 2729 938 2762 causa
954 2714 1091 2777 justa
1103 2710 1421 2760 homicidium
1436 2725 1559 2758 esse.

170 2795 201 2814 “
222 2788 504 2846 Audivistis,
541 2788 716 2851 inquit,
748 2788 799 2836 in
833 2788 941 2852 lege
965 2788 1198 2844 Mosaica‚
1222 2802 1316 2834 uon
1346 2785 1562 2844 occides,

171 2874 221 2913 et
244 2864 523 2927 quicunque
541 2862 734 2912 occidet
755 2864 1164 2912 condemnabitur
1186 2877 1351 2910 coram
1380 2860 1559 2924 judici·
