1910 3236
325 258 386 300 86
844 266 915 298 DE
943 265 1184 298 HOMINE.

71 402 271 433 CAp‚X11,
325 388 413 427 est.
485 379 828 441 Unusquisque
871 394 1004 440 ergo,
1044 378 1253 425 maxime
1294 394 1408 426 vero
1452 379 1492 425 is
1534 377 1616 440 qui
1656 378 1707 425 in

62 455 268 533 „W
324 455 543 502 futurum
564 463 755 516 tempus
780 453 988 500 maxime
1012 453 1260 516 prospicit,
1282 454 1487 501 similem
1513 454 1707 500 Prome-

324 531 438 578 theo
462 530 614 577 vitam
637 530 754 591 agit.
825 529 954 576 Nam
977 536 1032 576 ut
1056 529 1389 587 Prometheus,
1410 529 1460 576 id
1483 536 1570 587 est,
1591 529 1707 576 Pro-

323 606 539 653 videntia
557 605 811 660 excellens,
828 604 990 652 Monti
1010 604 1242 664 Caucaso,
1267 605 1397 652 unde
1421 605 1539 652 satis
1562 605 1707 667 longe

323 682 600 744 prospicere
630 688 749 738 erat,
783 681 969 738 affixus,
1003 681 1220 743 quotidie
1256 697 1340 728 cor
1375 680 1708 728 devorandum

324 756 498 819 aquilae
529 756 754 819 praebuit,
792 756 861 803 ita
900 763 957 803 ut
992 763 1229 818 quantum
1265 757 1491 804 noctibus
1521 755 1708 803 reficie-

322 834 484 891 batur,
509 831 800 880 tantundem
827 831 1042 880 interdiu
1075 840 1476 887 consumeretur;
1523 832 1593 879 ita
1623 847 1709 879 cor

323 908 532 955 hominis
566 907 617 954 in
650 907 1010 970 longitudinem
1046 907 1252 954 nimium
1287 907 1642 971 prospicientis,
1680 923 1710 955 a

323 991 459 1031 metu
500 983 687 1041 mortis,
723 983 801 1031 vel
842 983 1089 1046 egestatis,
1131 983 1209 1030 vel
1249 983 1595 1041 calamitatum,
1632 983 1708 1030 vel

324 1060 453 1107 curis
490 1059 595 1106 aliis
630 1059 939 1107 mordacibus
975 1059 1078 1106 sine
1112 1059 1484 1116 intermissione,
1507 1066 1710 1122 praeter-

324 1152 469 1199 quam
492 1135 542 1182 in
569 1150 754 1192 somno,
779 1134 983 1182 roditur.

390 1212 554 1258 Metus
595 1211 676 1258 hic
717 1218 997 1274 perpetuus,
1037 1211 1119 1273 qui
1157 1226 1311 1272 genus
1351 1210 1618 1257 humanum
1658 1209 1709 1256 in

323 1303 579 1335 causarum
615 1286 891 1350 ignorantia
925 1286 1064 1349 quasi
1099 1285 1150 1332 in
1184 1285 1398 1332 tenebris
1430 1284 1709 1342 comitatur,

324 1363 570 1426 objectum
588 1363 736 1410 habet
755 1362 1028 1409 necessario
1047 1361 1260 1424 aliquod.
1322 1361 1451 1409 Quia
1474 1376 1591 1423 ergo
1613 1359 1712 1407 for-

322 1446 551 1486 tunarum
569 1453 766 1485 suarum
785 1453 980 1485 causam
1003 1437 1148 1484 aliam
1166 1437 1387 1484 homines
1401 1453 1500 1484 non
1525 1435 1708 1494 vident,

322 1513 443 1560 nihil
468 1521 541 1560 est
572 1513 704 1576 quod
739 1529 966 1561 accusare
994 1521 1198 1575 possunt
1225 1521 1404 1576 praeter
1430 1512 1710 1576 potentiam

324 1589 534 1652 aliquam
559 1597 610 1636 et
642 1595 872 1653 agentem
901 1587 1210 1636 invisibilem.
1282 1588 1445 1651 Atque
1468 1588 1584 1635 hinc
1611 1587 1709 1635 for-

324 1672 452 1711 tasse
484 1671 603 1722 erat,
644 1663 776 1726 quod
811 1672 1032 1711 veterum
1068 1671 1324 1726 poetarum
1362 1663 1536 1726 aliquis
1572 1664 1710 1711 Deos

315 1739 511 1803 primos
544 1756 575 1786 α
608 1739 783 1786 timore
799 1739 982 1803 factos
1015 1756 1123 1786 esse
1147 1739 1339 1787 dixerit.
1411 1739 1469 1786 Id
1494 1738 1625 1801 quod
1649 1738 1709 1786 de

325 1814 431 1873 diis,
455 1815 506 1862 id
538 1823 626 1873 est,
657 1815 717 1862 de
747 1815 914 1862 multis
947 1816 1252 1863 ethnicorum
1288 1815 1395 1873 diis,
1420 1832 1588 1862 verum
1617 1823 1708 1863 est.

324 1890 526 1952 Agnitio
561 1906 676 1937 vero
713 1891 860 1947 unici,
890 1891 1083 1949 aeterm‘,
1116 1891 1314 1952 infiniti,
1346 1892 1710 1956 omnipotentia,

325 1965 426 2012 Dei
459 1966 520 2012 ab
545 1966 921 2029 investigatione
947 1982 1219 2025 causarum,
1252 1967 1509 2025 virtutum,
1539 1982 1711 2030 opera-

326 2041 612 2104 tionumque
658 2057 920 2105 corporum
965 2042 1277 2100 naturalium,
1327 2058 1471 2105 quam
1520 2059 1549 2090 a
1594 2059 1712 2090 cura

323 2117 478 2164 futuri
503 2118 752 2180 temporis,
776 2117 964 2165 facilius
989 2117 1198 2165 derivari
1227 2118 1403 2181 potuit.
1475 2118 1602 2166 Nam
1626 2118 1711 2180 qui

326 2193 387 2240 ab
407 2193 584 2241 effectu
602 2209 908 2257 quocunque,
931 2209 1074 2256 quem
1092 2193 1287 2251 viderit,
1307 2194 1370 2241 ad
1394 2209 1588 2241 causam
1607 2194 1711 2257 ejus

325 2268 599 2331 proximam
613 2268 1004 2328 ratiocinaretur,
1014 2277 1064 2316 et
1079 2268 1192 2316 inde
1207 2268 1271 2316 ad
1285 2268 1412 2316 illius
1431 2285 1589 2317 causae
1597 2284 1711 2316 cau-

329 2361 432 2392 sam
449 2345 722 2408 proximam
740 2345 1043 2408 procederet,
1063 2354 1113 2392 et
1135 2345 1185 2391 in
1210 2360 1465 2392 causarum
1484 2344 1711 2408 deinceps

328 2421 550 2468 ordinem
565 2420 807 2484 profunde
825 2437 875 2468 se
894 2421 1223 2483 immergeret,
1239 2420 1479 2468 inveniret
1496 2420 1710 2478 tandem,

330 2513 440 2544 cum
478 2503 697 2544 veterum
743 2497 1145 2560 philosophorum
1186 2496 1471 2554 sanioribus,
1512 2496 1711 2544 unicum

328 2588 431 2619 esse
462 2572 673 2634 primum
703 2580 958 2630 motorem,
982 2572 1033 2619 id
1063 2578 1151 2627 est,
1176 2571 1371 2618 unicam
1402 2580 1452 2619 et
1479 2579 1711 2619 aetemam
1774 2589 1779 2592 ·

327 2663 490 2694 rerum
538 2647 755 2695 omnium
802 2663 1014 2706 causam,
1063 2663 1208 2710 quam
1254 2646 1501 2710 appellant
1542 2662 1711 2694 omnes

330 2723 519 2777 Deum;
554 2731 702 2785 atque
736 2723 829 2771 hoc
864 2723 967 2770 sine
1004 2722 1136 2770 omni
1172 2722 1478 2769 fortunarum
1514 2738 1710 2770 suarum

328 2798 640 2860 cogitatione,
667 2814 872 2862 quarum
903 2797 1180 2846 sollicitudo
1198 2805 1246 2844 et
1272 2806 1455 2845 metum
1479 2798 1638 2862 gignit
1661 2806 1711 2845 et

329 2874 388 2920 ab
408 2873 720 2936 inquisitione
745 2889 998 2922 causarum
1022 2872 1316 2921 naturalium
1340 2873 1555 2922 animum
1573 2889 1710 2922 aver-
