1910 3236
657 270 728 303 nn
757 269 998 304 nomme.
1456 259 1519 302 95

134 381 287 440 cibuS,
306 381 414 444 quis
437 381 680 444 potentias
703 381 967 429 invisibiles
985 380 1092 428 illas
1111 379 1397 427 metuendas
1415 395 1519 427 esse
1565 406 1667 438 eff,
1684 406 1767 438 Χῃ,

134 455 319 515 credet,
339 456 514 519 quibus
538 455 619 503 ille
643 456 763 503 alios
787 465 973 504 terrere
994 455 1179 503 vellet?
1559 461 1764 538 m

201 531 509 580 Existimatio
556 530 900 579 benet-olentiae
934 531 1138 589 tollitur,
1185 529 1380 595 quando
1420 546 1520 578 nou
1754 523 1760 529 ⁶

134 607 314 671 gregis,
337 606 424 654 sed
461 622 550 654 sua
572 607 703 654 bona
727 615 970 669 quaerunt,
995 606 1046 654 id
1081 614 1172 665 est,
1196 605 1391 669 quando
1415 621 1520 653 cre-

136 682 298 731 denda
319 682 590 746 praedicant
614 698 724 745 quae
748 682 882 730 credi
917 683 1023 740 sibi,
1059 681 1173 730 solis
1195 681 1274 729 vel
1295 681 1521 739 maxime,

138 757 280 806 utilia
301 766 416 806 sunt
438 757 502 805 ad
523 765 819 820 potestatem
843 758 919 805 vel
944 757 1143 805 divitias
1155 755 1521 820 comparandas

136 834 182 882 A
199 833 375 897 quibus
399 833 530 881 enim
545 834 689 881 rebus
707 834 882 896 cuique
900 834 1083 881 bonum
1098 833 1331 890 nascitur,
1349 848 1430 880 eas
1447 847 1525 879 res

135 925 283 973 agere
306 909 587 957 censebitur
611 925 709 956 non
733 909 957 964 aliomm,
981 908 1068 956 sed
1090 909 1164 955 sui
1188 909 1337 972 ipsius
1362 924 1522 956 causa.

204 984 471 1042 Postrem0‚
508 984 623 1046 quia
656 985 854 1032 unicum
890 993 965 1031 est
998 984 1310 1031 revelationis
1347 983 1524 1031 divinae

136 1059 472 1108 testimonium
495 1059 714 1122 operatio
738 1059 1100 1117 miraculorum,
1137 1059 1177 1106 si
1201 1059 1323 1122 quis,
1347 1067 1525 1122 praeter

136 1135 386 1198 religionis
420 1142 630 1197 receptae
659 1134 906 1192 articulos,
931 1134 1161 1182 articulos
1183 1150 1335 1181 novos
1370 1135 1525 1182 intro-

138 1210 317 1258 ducere
335 1209 592 1257 conabitur
610 1209 714 1256 sine
732 1209 968 1257 miraculo
984 1208 1132 1267 edito,
1151 1208 1273 1256 fides
1292 1209 1376 1266 illi,
1401 1225 1526 1272 prae-

138 1294 215 1334 ter
237 1301 345 1334 eam
369 1301 516 1348 quam
539 1283 726 1331 faciunt
751 1284 966 1332 civitatis
988 1284 1122 1347 leges
1145 1293 1195 1331 et
1213 1285 1525 1335 consuetudi-

138 1377 226 1410 nes
247 1361 327 1409 vel
349 1360 583 1408 sanctitas
618 1359 719 1407 fere
743 1359 1049 1417 miraculosa,
1086 1359 1220 1407 nulla
1251 1359 1523 1407 habebitur.

140 1437 282 1486 Sicut
305 1436 437 1485 enim
459 1436 510 1483 in
550 1436 696 1483 rebus
719 1435 1023 1483 naturalibus
1044 1435 1120 1483 vir
1140 1435 1356 1499 prudens
1379 1435 1525 1499 argu-

137 1519 304 1561 menta
346 1511 605 1569 naturalia,
646 1511 716 1559 ita
771 1511 823 1558 in
876 1511 1329 1575 supernaturalibus
1387 1512 1527 1574 signa

138 1587 528 1653 supernaturalia
558 1587 794 1650 postulat.

206 1661 490 1711 Deficientis
523 1661 639 1709 fidei
663 1677 823 1709 causae
856 1660 1003 1709 modo
1028 1660 1172 1710 dictae
1195 1662 1247 1709 in
1279 1662 1527 1725 sequenti-
1581 1682 1586 1689 ·

139 1738 231 1787 bus
267 1737 502 1801 exemplis
538 1737 795 1801 perspicue
831 1737 1152 1800 apparebunt.
1222 1737 1402 1795 Moses,
1444 1739 1527 1801 qui

138 1813 375 1878 populum
417 1813 737 1860 Israeliticum
774 1812 1012 1860 eduxerat
1053 1828 1112 1860 ex
1149 1811 1385 1876 AEgypto,
1425 1813 1528 1861 dies

139 1896 333 1938 tantum
366 1889 692 1953 quadraginta
725 1889 912 1946 aberat,
935 1904 1048 1935 cum
1083 1888 1293 1952 populus
1330 1889 1410 1936 ille
1439 1905 1528 1952 per

141 1964 446 2022 seditionem,
471 1964 641 2012 relicto
664 1979 780 2011 vero
805 1964 909 2011 Deo
934 1964 1018 2027 qui
1040 1963 1186 2027 paulo
1209 1971 1325 2012 ante
1349 1965 1481 2028 ipsos
1498 1981 1529 2011 a

141 2039 375 2088 servitute
406 2047 669 2097 exemerat,
702 2038 1038 2102 fabricatoque
1074 2039 1228 2087 vitulo
1269 2056 1436 2099 aureo,
1476 2041 1527 2087 in

141 2114 465 2163 idololatriam
515 2114 859 2178 AEgyptiorum
910 2114 1260 2163 relaberentur.
1343 2116 1528 2163 Rursus

140 2197 399 2255 postquam
418 2190 599 2248 Moses,
617 2192 800 2246 Aaron,
820 2198 870 2238 et
885 2190 1137 2254 generatio
1151 2191 1249 2249 illa,
1268 2207 1378 2255 quae
1392 2207 1529 2253 mag-

142 2265 274 2314 nalia
294 2265 386 2314 Dei
406 2265 598 2314 viderat
613 2266 665 2313 in
684 2265 892 2325 deserto,
915 2266 1099 2314 mortui
1118 2275 1297 2325 essent,
1317 2267 1528 2314 surrexit

145 2341 284 2402 (Jud.
306 2341 355 2390 ii.
386 2343 465 2402 ΙΙ)
508 2343 762 2406 generatio
812 2359 941 2391 nova
984 2359 1093 2406 quae
1145 2344 1344 2391 servivit
1391 2342 1524 2390 Baal.

146 2417 319 2480 ltaque
339 2418 587 2466 miraculis
611 2418 965 2477 deficientibus,
990 2419 1170 2468 defecit
1186 2419 1322 2467 fides.

212 2492 450 2541 Samuelis
472 2492 560 2541 filii
582 2509 613 2541 a
644 2502 786 2557 patre
820 2494 1011 2557 judices
1034 2494 1085 2542 in
1113 2495 1324 2542 Bersabe
1349 2492 1530 2541 consti-

144 2567 241 2616 tuti
257 2568 315 2628 .(1
345 2568 476 2616 Sam.
498 2568 642 2630 viii.)‚
665 2569 780 2632 quia
801 2569 979 2632 injuste
997 2569 1345 2632 judicaverunt
1369 2576 1420 2615 et
1442 2568 1529 2616 do-

144 2658 212 2691 na
245 2650 556 2706 acceperunt,
579 2644 786 2708 populus
823 2644 1134 2703 IsraeliticuS,
1170 2645 1352 2706 rejecto
1376 2659 1530 2706 regno

146 2717 255 2776 Dei,
291 2733 459 2780 regem
500 2735 634 2767 more
678 2720 901 2783 gentium
945 2727 1287 2783 poposcerunt.
1358 2719 1529 2782 Itaque

145 2793 404 2842 deficiente
443 2802 690 2843 rectorum
730 2795 1006 2852 sanctitate,
1046 2810 1144 2841 una
1183 2793 1362 2840 defecit
1406 2792 1529 2841 fides

144 2868 328 2933 populi.
397 2868 557 2918 Etiam
592 2869 724 2933 quod
752 2869 816 2918 ad
849 2869 1101 2931 Evangelii
1132 2867 1528 2932 praedicationem
