1968 3236
519 251 803 285 APPEme
829 251 902 284 An
930 250 1266 285 antA‘rnAN.
1487 243 1581 286 515

204 362 562 427 phantasmata,
598 363 741 421 idola,
777 364 869 411 hoc
916 371 1005 422 est,
1051 371 1105 412 ut
1150 363 1270 412 dicit
1303 364 1352 412 S.
1391 363 1582 422 Paulus,

205 437 342 487 nihil.
411 438 583 501 Neque
602 447 765 486 tamen
785 454 951 486 earum
974 455 1073 487 una
1089 440 1249 487 verior
1266 447 1341 487 est
1364 438 1581 497 candela,

206 529 353 577 quam
370 513 584 577 reliquae,
595 522 833 576 quatenus
850 523 1108 577 apparent;
1134 514 1220 562 sed
1233 530 1347 563 vera
1364 514 1581 573 candela,

205 604 315 652 quae
336 588 574 652 principio
598 589 756 652 posita
779 597 900 647 erat,
920 589 1230 637 candelarum
1247 590 1584 654 apparentium

204 670 398 712 tantum
421 664 554 712 nulla
588 672 678 722 est,
715 664 800 712 sed
823 680 900 712 res
929 665 1048 727 ipsa,
1074 665 1338 728 eademque
1361 681 1506 714 causa
1527 665 1584 713 il-

204 739 362 787 larum
398 740 615 787 omnium
654 740 938 803 imaginum,
962 748 1013 788 et
1035 748 1296 804 propterea
1318 742 1378 788 ab
1397 740 1585 789 Aristo-

204 815 301 863 tele
334 815 653 878 distinguitur
686 831 715 863 a
741 815 1081 878 phantasmate
1116 831 1205 879 per
1242 831 1411 863 vocem
1436 816 1586 881 hypo·

203 891 379 949 nasis,
405 891 541 954 quasi
565 891 653 938 sub
687 891 897 954 imagine
932 898 1082 940 staret
1114 907 1190 939 res
1218 891 1322 955 ipsa
1354 891 1584 946 latitans;

206 982 352 1030 quam
370 966 590 1014 Graecam
603 982 771 1014 vocem
796 966 958 1014 Latini
977 967 1039 1014 ad
1073 966 1308 1030 syUabam
1331 975 1586 1015 verterunt

205 1040 549 1089 substantiam.
616 1042 681 1090 Et
721 1042 791 1090 sic
826 1041 1134 1105 distinguunt
1166 1051 1272 1090 tum
1300 1042 1456 1091 Graeci
1479 1051 1585 1091 tum

206 1116 368 1165 Latini
391 1132 494 1165 rem
517 1133 682 1166 veram
718 1117 770 1165 in
803 1133 855 1166 se
890 1118 1248 1176 subsisRnteQ
1286 1134 1316 1166 a
1354 1119 1585 1182 phantas-

205 1200 351 1252 mate,
376 1209 485 1256 quae
507 1193 702 1242 videtur
725 1194 1005 1252 subsistere,
1030 1210 1121 1242 nec
1157 1194 1394 1253 subsistit,
1428 1209 1586 1257 neque

207 1276 281 1317 est
305 1284 407 1317 ens.
477 1268 653 1317 Nonne
676 1269 782 1317 haec
806 1276 880 1317 est
901 1285 1018 1318 vera
1038 1269 1287 1318 distinctio
1320 1270 1449 1318 inter
1481 1285 1586 1317 rem

207 1343 363 1407 ipsam
387 1351 437 1391 et
455 1359 592 1391 suam
612 1342 977 1406 apparentiam?

274 1419 339 1466 B.
378 1418 453 1466 Ita
470 1426 559 1466 est.
597 1417 695 1466 Sed
719 1419 886 1466 Patres
910 1418 1127 1466 ecclesiae
1150 1418 1244 1466 illis
1270 1418 1583 1481 temporibus,

207 1502 314 1542 tum
338 1501 452 1542 ante
474 1501 581 1542 tum
614 1502 727 1557 post
750 1493 1021 1542 Concilium
1036 1494 1293 1552 Nicenum,
1318 1494 1370 1541 in
1393 1494 1587 1557 scriptis

207 1569 306 1618 suis
328 1585 499 1618 vocem
517 1569 807 1634 hypostasis
830 1569 1058 1618 videntur
1072 1570 1167 1618 alio
1190 1569 1335 1618 modo
1350 1569 1584 1632 interpre-

211 1645 323 1704 tari,
346 1646 632 1708 mysterium
655 1645 911 1693 Trinitatis
947 1645 1238 1693 Christianis
1257 1645 1481 1693 omnibus
1512 1645 1587 1692 in-

210 1720 462 1784 telligibile
485 1720 690 1768 reddere
714 1720 963 1784 cupientes
984 1741 996 1775 ;
1039 1728 1090 1768 et
1122 1719 1243 1768 illud
1266 1721 1448 1784 optime
1481 1721 1588 1768 fieri

207 1812 350 1860 posse
390 1796 734 1844 existimabant
764 1811 852 1859 per
886 1795 1251 1844 similitudinem
1281 1796 1424 1859 ignis,
1448 1796 1588 1843 lumi-

209 1872 300 1930 nis,
338 1879 388 1920 et
432 1871 622 1930 caloris,
661 1887 771 1935 quae
807 1871 904 1919 tria
941 1887 1094 1919 unum
1129 1887 1235 1920 esse
1274 1879 1586 1935 putaverunt,

209 1955 261 1995 et
290 1946 453 2010 ignem
489 1946 684 2010 quidem
708 1946 771 1995 ad
794 1947 1004 2005 Patrem,
1039 1946 1203 1994 lumen
1226 1946 1290 1994 ad
1324 1946 1513 2005 Filium,
1537 1954 1587 1994 et

210 2021 421 2070 calorem
444 2021 508 2070 ad
532 2021 767 2085 Spiritum
799 2022 1032 2070 Sanctum
1054 2022 1341 2070 retulerunt.
1410 2022 1468 2070 In
1490 2037 1587 2084 qua

211 2097 527 2145 similitudine
550 2097 832 2160 congruitas
855 2106 984 2146 esset
1004 2097 1210 2146 fortasse
1233 2104 1476 2155 accurata,
1493 2097 1587 2144 nisi

212 2171 345 2236 quod
361 2171 488 2235 ignis
504 2171 734 2235 splendor
750 2180 801 2220 et
819 2172 952 2220 calor
969 2173 1253 2220 substantiae
1266 2188 1357 2219 nec
1372 2172 1485 2229 sint,
1495 2188 1586 2219 nec

211 2248 328 2312 ipsis
342 2247 565 2295 Patribus
583 2263 685 2295 esse
703 2247 819 2296 visae
836 2248 949 2306 sint,
963 2248 1231 2312 praesertim
1246 2246 1585 2303 Aristotelicis,

212 2322 307 2371 nlai
339 2321 465 2370 forte
499 2322 603 2385 ipse
637 2321 763 2385 ignis
796 2332 1007 2386 ponatur
1039 2339 1129 2387 pro
1167 2322 1339 2386 ignito.
1422 2322 1585 2369 Homo

213 2397 344 2445 enim
388 2403 439 2444 et
478 2395 656 2459 ignem,
696 2403 746 2444 et
785 2397 965 2455 lumen,
1006 2407 1058 2446 et
1098 2398 1307 2445 calorem
1345 2396 1587 2459 extinguit

214 2472 406 2536 quoties
425 2471 573 2525 libet;
608 2470 694 2519 sed
715 2479 774 2519 ut
795 2487 944 2535 agens
966 2480 1068 2521 tam
1092 2473 1310 2520 infirmus
1344 2487 1488 2534 quam
1512 2479 1586 2519 est

213 2548 377 2605 homo,
401 2553 674 2594 creaturam
695 2561 860 2595 veram
883 2546 1247 2595 substantialem
1270 2562 1300 2594 a
1314 2546 1418 2594 Deo
1432 2545 1585 2593 omni-

213 2629 415 2686 potente
448 2628 662 2669 creatam
685 2621 970 2686 extinguere
1008 2622 1179 2686 possit,
1216 2629 1267 2669 et
1298 2621 1349 2668 in
1383 2621 1587 2669 nihilum

215 2696 452 2760 redigere,
488 2711 580 2743 nec
616 2695 843 2759 jubemur
875 2696 1090 2755 credere,
1115 2712 1205 2744 nec
1228 2695 1457 2743 credibile
1497 2702 1587 2743 est.

217 2772 388 2835 Itaque
411 2770 600 2833 quoties
622 2771 1032 2834 comparationem
1056 2771 1186 2819 illam
1209 2770 1515 2819 adducebant
1538 2770 1590 2818 in

217 2846 411 2911 scriptis
450 2845 675 2909 propriiS,
705 2845 872 2895 Patres
901 2847 993 2910 ipsi
1028 2846 1313 2909 adjecerunt
1340 2845 1588 2903 continue,

1312 2935 1342 2969 1.
1363 2935 1393 2969 1.
1413 2937 1435 2968 2

1661 386 1764 419 CAP.
1779 385 1811 419 1.

1637 481 1682 510 De
1695 481 1825 519 ambulo

1638 525 1757 554 Nicone.
