1968 3236
418 263 513 304 540
729 273 1019 306 APPENDIX
1045 272 1118 304 AD
1146 273 1484 307 LEVIATHAN.

181 402 284 434 CAp,
303 402 353 434 11,
481 382 546 430 B.
601 382 746 429 Secta
793 391 867 430 est
913 399 1144 451 numerus
1189 383 1444 431 hominum
1491 386 1800 448 sequentium

166 457 358 526 Μ
412 473 565 504 unum
601 457 904 519 eundemque
946 458 997 504 in
1045 458 1262 506 scientiis
1304 460 1609 523 magistrum,
1654 477 1800 524 quem

411 548 500 595 pro
540 549 626 579 suo
659 533 860 580 arbitrio
886 533 976 580 sibi
1002 533 1261 596 eligerunt.
1334 535 1403 582 Ut
1426 543 1592 583 autem
1610 544 1746 584 secta
1768 553 1799 584 a

413 608 675 670 sequendo,
700 608 769 655 ita
797 609 995 656 haeresis
1031 610 1092 656 ab
1129 610 1353 673 eligendo
1390 611 1585 659 dicitur.
1655 613 1799 660 Luci-

412 700 532 730 anus
556 684 733 730 librum
758 699 900 731 suum
924 684 984 731 de
1008 684 1242 748 magistro
1268 686 1509 749 eligendo,
1528 687 1675 736 homo
1695 688 1799 752 qui-

413 759 522 806 dem
546 759 869 822 blasphemus,
896 759 980 807 sed
1003 761 1160 807 bonus
1185 761 1362 808 author
1390 761 1570 825 liuguae
1595 763 1797 822 Graecae,

411 835 604 897 scripsit
625 856 713 897 περι
738 836 946 897 ἁιρέσεως.

476 910 540 958 Α.
580 911 737 958 Sectae
764 927 989 974 quaenam
1014 919 1170 969 erant,
1196 919 1245 959 et
1270 928 1475 975 quorum
1502 914 1793 963 hominum?

475 987 538 1033 B.
577 987 979 1049 Philosophorum
1001 1008 1012 1042 ;
1062 988 1294 1036 nimirum
1338 989 1570 1046 Platonis,
1603 988 1794 1039 Aristo-

409 1062 532 1120 telis,
552 1062 776 1120 Zenonis,
797 1063 1010 1125 Epicuri,
1036 1071 1084 1110 et
1107 1063 1328 1111 aliorum.
1400 1065 1795 1114 Nominabantur

408 1145 571 1184 autem
606 1138 903 1197 Academici,
943 1139 1272 1202 Peripatetici,
1323 1141 1491 1199 Stoici,
1531 1142 1792 1205 Epicurei;

408 1229 516 1275 quae
540 1220 686 1261 sectae
711 1222 852 1261 erant
867 1214 1160 1278 principales
1179 1215 1582 1280 philosophorum
1597 1218 1792 1267 Graeco-

407 1304 532 1348 rum,
556 1289 633 1336 vel
671 1305 838 1337 eorum
877 1290 960 1353 qui
985 1306 1036 1337 se
1060 1290 1374 1354 philosophos
1400 1292 1554 1340 videri
1577 1294 1792 1356 postula-

405 1363 541 1411 bant.
627 1364 732 1412 Etsi
779 1365 906 1412 enim
950 1366 1298 1414 haeresiarchas
1339 1367 1483 1430 ipsos,
1520 1368 1789 1428 Platonem,

405 1440 734 1500 Aristotelem,
761 1442 1023 1500 Zenonem,
1043 1442 1323 1505 Epicurum,
1348 1460 1438 1507 pro
1464 1452 1608 1507 captu
1634 1446 1791 1493 ethni-

405 1531 573 1563 corum
590 1533 704 1564 vere
727 1518 1042 1581 philosophos
1065 1518 1212 1566 fuisse
1235 1526 1372 1582 puto,
1391 1520 1443 1567 id
1466 1528 1554 1579 est,
1571 1521 1789 1569 veritatis

404 1598 451 1637 et
475 1591 669 1639 virtutis
694 1593 953 1651 studiosos,
980 1600 1030 1641 et
1067 1603 1268 1657 propter
1305 1611 1411 1642 eam
1448 1611 1551 1643 rem
1590 1597 1789 1645 nomina

404 1682 571 1714 eorum
595 1668 698 1716 fere
733 1685 820 1731 per
855 1676 1015 1717 totum
1039 1670 1208 1717 orbem
1233 1670 1482 1733 sapientiae
1507 1672 1663 1735 gloria
1686 1689 1785 1720 me-

403 1741 497 1789 rito
521 1743 767 1800 floruisse3
805 1753 1069 1793 sectatores
1092 1753 1253 1793 tamen
1281 1762 1449 1794 eorum
1471 1747 1786 1811 philosophos

404 1815 636 1866 dicendos
679 1835 783 1867 esse
822 1837 921 1868 non
962 1827 1112 1884 puto;
1166 1822 1248 1884 qui
1289 1831 1614 1885 praeterquam
1653 1823 1787 1887 quod

403 1893 584 1941 scirent
621 1911 844 1958 quaenam
867 1897 1052 1944 fuerint
1085 1897 1431 1960 magistrorum
1455 1915 1654 1947 suorum
1677 1915 1787 1947 sen-

401 1969 584 2027 tentiae,
609 1971 730 2018 nihil
763 1973 1119 2036 intelligebant.
1190 1974 1434 2038 Principia
1458 1975 1587 2023 enim
1625 1984 1676 2023 et
1712 1991 1787 2023 ra·

401 2043 756 2105 tiocinationes,
777 2047 952 2110 quibus
979 2065 1148 2096 eorum
1173 2048 1405 2112 dogmata
1431 2050 1784 2110 innitebantur,

398 2119 711 2175 nesciebant;
747 2138 905 2185 neque
930 2124 1190 2187 quicquam
1228 2125 1292 2173 ad
1330 2126 1649 2190 philosophiae
1680 2143 1786 2190 spe-

398 2194 522 2241 ciem
561 2195 612 2242 in
648 2196 749 2244 vita
778 2197 1069 2258 habuerunt,
1093 2209 1422 2264 praeterquam
1457 2202 1589 2265 quod
1619 2202 1784 2251 tristes

398 2268 697 2330 incederent,
716 2273 918 2321 barbam
937 2276 1298 2337 promitterent,
1315 2284 1364 2325 et
1387 2278 1587 2340 pallium
1611 2278 1784 2326 tritum

398 2345 743 2402 amicirentur;
794 2348 1015 2398 homines
1053 2352 1234 2415 alioqui
1270 2353 1419 2412 avari,
1444 2353 1665 2412 fastuosi,
1689 2353 1784 2402 ira-

399 2420 560 2478 cundi,
586 2429 634 2468 et
658 2439 821 2470 amore
846 2425 975 2472 civili
1000 2426 1161 2474 alieni.

464 2495 526 2541 A.
565 2495 762 2545 Nihilne
786 2498 848 2546 ad
885 2499 1217 2549 definitionem
1252 2503 1492 2551 haereseos
1533 2504 1782 2568 pertinent

397 2585 554 2626 voces,
588 2588 706 2633 quas
731 2574 951 2631 omisisti,
987 2577 1176 2624 veritas
1202 2585 1251 2626 et
1274 2594 1454 2633 error,-
1491 2594 1698 2642 quorum
1714 2579 1783 2627 al·

397 2651 471 2691 ter
496 2647 627 2693 omni
652 2647 871 2710 dogmati
895 2650 1113 2699 adhaeret
1136 2654 1409 2702 necessario
1430 2655 1445 2702 ἓ

461 2720 526 2767 Β.
565 2721 700 2769 Nihil
737 2724 964 2779 omnino;
1000 2726 1198 2775 haeresis
1233 2730 1362 2776 enim
1398 2730 1550 2778 solam
1575 2729 1781 2778 denotat

396 2796 688 2844 sententiam
724 2798 1033 2855 declaratam,
1059 2802 1158 2850 sive
1184 2821 1298 2852 vera
1320 2821 1378 2853 ea
1401 2806 1478 2864 sit,
1503 2806 1604 2854 sive
1627 2805 1777 2861 falsa;

396 2868 494 2916 sive
513 2871 670 2932 juxta,
690 2873 789 2920 sive
814 2883 984 2923 contra
1008 2876 1179 2939 legem.
