1910 3236
0 1998 14 2044 '¹''lx
0 1972 3 1976 ’
0 1853 11 1958 Δι’-ημῶν,-
0 1830 2 1835 ⁷
0 1717 11 1813 ”ww-m*
0 1699 2 1702 ·
0 1669 10 1679 τ
2 1614 6 1615 κ
7 1584 9 1586 ⁴

655 240 724 273 nn
752 239 995 274 ΗοΜιΝΕ.
1460 227 1549 270 105

164 354 299 404 aliud
337 355 521 402 bonum
561 352 783 415 accipiat.
857 352 983 399 Nam
1020 350 1103 413 qui
1125 349 1261 413 prior
1283 348 1548 406 transtulit,
1589 369 1692 401 eff,
1713 369 1810 401 mv,

165 429 438 479 voluntarie
484 428 535 476 id
580 428 697 476 fecit
718 449 730 481 ;
784 427 1050 475 voluntatis
1092 434 1258 473 autem
1303 425 1549 487 objectum
1569 423 1818 499 Dema

165 522 357 570 semper
379 506 561 553 bouum
586 512 658 551 est
677 503 874 566 aliquod
898 502 1095 550 volenti.
1144 501 1270 549 Sunt
1291 508 1454 548 autem
1474 515 1551 547 res
1567 505 1819 577 {ffifflugffl

165 582 357 646 aliquae,
382 597 491 644 quae
516 596 673 644 neque
696 580 856 626 verbis
880 594 1038 642 neque
1069 577 1174 625 aliis
1210 577 1362 640 signis
1394 583 1554 624 trans-
1569 570 1775 622 conmenta„

166 657 284 706 ferri
307 664 394 705 aut
418 656 627 718 relinqui
646 662 877 718 possunt3
916 654 1029 716 quia
1044 653 1123 700 cui
1142 653 1271 700 bono
1294 652 1346 700 id
1363 651 1552 709 fecerit,

167 732 373 796 intelligi
407 748 506 780 non
531 739 707 794 potest.
779 730 915 778 Idem
940 730 999 778 de
1024 730 1303 778 vulneribus
1326 737 1376 777 et
1398 730 1554 778 incar-

167 808 416 857 ceratione
441 806 701 854 dicendum
726 815 814 854 est.
887 806 1128 864 Secundo,
1163 807 1242 870 jus
1266 811 1439 853 contra
1455 806 1555 854 vim

167 901 220 933 se
244 882 536 932 defendendi
555 883 828 930 necessario
844 882 1086 929 retinetur
1107 903 1119 936 ;
1155 898 1270 929 nam
1289 881 1373 945 qui
1396 897 1447 929 se
1471 881 1556 929 de-

167 959 341 1018 fendit,
367 975 620 1023 quousque
644 959 716 1006 vis
739 974 1056 1021 progressura
1080 965 1153 1005 est
1176 958 1384 1020 ignorat.
1436 957 1556 1005 Ter-

168 1036 256 1094 tio,
279 1035 407 1093 finis,
432 1044 632 1098 propter
669 1051 813 1097 quem
837 1034 1025 1081 relictio
1048 1033 1125 1081 vel
1148 1033 1403 1081 translatio
1430 1033 1556 1095 juris

168 1111 454 1160 introducta
477 1118 565 1167 est,
590 1110 712 1157 alius
745 1125 845 1157 non
869 1117 957 1167 est,
983 1124 1130 1172 quam
1161 1108 1276 1156 vitae
1300 1116 1351 1155 et
1374 1108 1559 1156 medio-

170 1204 281 1236 rum
323 1187 385 1235 ad
419 1186 571 1233 vitam
613 1186 930 1233 conservatio.
1002 1184 1054 1232 Si
1095 1184 1204 1247 quis
1244 1200 1360 1246 ergo
1395 1183 1557 1231 verbis

170 1263 382 1327 signisve
401 1261 508 1309 aliis
525 1261 732 1325 spoliare
751 1277 803 1308 se
826 1262 923 1308 fine
938 1259 1175 1319 videatur,
1198 1267 1400 1323 propter
1413 1275 1558 1323 quem

171 1338 267 1387 illis
290 1354 405 1386 usus
428 1354 532 1385 esse
556 1337 860 1401 intelligitur,
884 1336 933 1384 id
974 1335 1149 1383 fecisse
1178 1336 1450 1383 voluntarie
1474 1352 1558 1383 ex-

171 1413 460 1462 istimandus
483 1429 582 1461 non
601 1421 692 1470 est,
718 1411 805 1460 sed
828 1427 916 1475 per
934 1411 1279 1475 ignorantiam,
1294 1411 1558 1459 verborum

172 1498 225 1538 et
248 1489 498 1553 signorum
526 1488 719 1536 illorum
742 1488 841 1535 vim
864 1503 964 1534 non
995 1486 1289 1550 intelligens.

237 1564 513 1613 Translatio
537 1564 662 1626 juris
685 1571 856 1610 mutua
879 1568 1165 1610 contractus
1189 1561 1383 1609 dieitur.
1454 1561 1559 1609 Dif-

171 1640 338 1689 ferunt
360 1647 527 1687 autem
552 1639 682 1686 inter
706 1654 757 1686 se
769 1639 862 1701 jus
887 1637 1190 1701 transferre,
1206 1645 1257 1685 et
1271 1653 1374 1685 rem
1391 1644 1559 1685 trans-

153 1716 318 1780 ferre
350 1716 452 1763 sive
477 1714 700 1763 tradere.
769 1713 1003 1762 Traditur
1041 1729 1119 1761 res
1143 1713 1316 1761 eodem
1338 1721 1560 1776 tempore

173 1790 437 1855 aliquando
457 1806 555 1854 quo
578 1789 870 1838 transfertur
891 1790 988 1852 jus,
1012 1796 1068 1837 ut
1090 1790 1147 1837 fit
1164 1789 1215 1836 in
1239 1790 1486 1853 emptione
1511 1796 1562 1836 et

174 1866 471 1924 venditione,
496 1865 692 1929 quando
724 1865 849 1912 alter
884 1865 1160 1928 pecuniam,
1184 1865 1310 1913 alter
1332 1881 1561 1923 mercem,

174 1942 319 1991 simul
342 1958 454 1990 cum
486 1943 596 2005 jure
620 1941 881 1996 transfert;
917 1940 1179 2004 aliquando
1214 1941 1363 1989 etiam
1402 1949 1564 1989 trans-

174 2017 333 2066 fertur
351 2019 447 2082 jus,
470 2026 735 2080 antequam
756 2016 980 2064 tradatur
1003 2032 1096 2064 res.

231 2093 491 2152 Praeterea,
511 2093 637 2140 alter
651 2092 1049 2140 contrahentium
1069 2092 1133 2140 ad
1148 2091 1438 2140 tradendam
1457 2107 1559 2139 rem

175 2168 254 2216 vel
287 2168 351 2216 ad
386 2175 697 2217 contractum
729 2167 1068 2231 exequendum
1097 2167 1253 2215 altero
1287 2168 1423 2231 prior
1457 2183 1562 2214 esse

174 2251 338 2308 potest
358 2265 370 2299 ;
428 2251 547 2291 tunc
592 2243 851 2306 posteriori
897 2243 1040 2291 credi
1078 2244 1179 2291 sive
1203 2243 1346 2306 fides
1387 2242 1564 2290 haberi

177 2319 385 2375 dicitur;
423 2327 474 2367 et
496 2319 753 2382 promissio
785 2320 889 2382 ejus
913 2326 1122 2384 pactum
1145 2319 1355 2373 dicitur;
1391 2325 1442 2365 et
1463 2333 1563 2365 non

174 2395 478 2460 praestitisse,
501 2394 707 2443 violatio
713 2395 866 2458 fidei.

245 2470 458 2520 Quando
480 2470 736 2518 translatio
772 2470 898 2534 juris
932 2477 1105 2517 mutua
1126 2485 1226 2516 non
1249 2476 1339 2526 est,
1364 2475 1563 2516 contra·

177 2546 399 2595 hentium
439 2554 605 2594 autem
650 2546 775 2594 alter
814 2547 896 2609 jus
936 2545 1016 2594 vel
1060 2561 1165 2592 rem
1204 2544 1438 2592 transfert
1478 2559 1564 2606 spe

178 2621 406 2670 amicitiae
426 2622 505 2669 vel
528 2622 674 2670 officii
696 2622 759 2670 ab
784 2637 842 2670 eo
861 2622 939 2670 cui
953 2620 1200 2675 transfert,
1217 2619 1296 2667 vel
1319 2619 1564 2667 existima-

178 2697 328 2745 tionis
374 2712 523 2745 causa
565 2697 698 2762 apud
742 2697 880 2756 alios,
924 2697 1003 2744 vel
1047 2712 1107 2743 ex
1153 2695 1407 2754 charitate,
1454 2693 1565 2742 talis

180 2772 436 2821 translatio
460 2773 664 2822 donatio
686 2782 739 2822 et
756 2773 941 2839 gratia
963 2771 1252 2836 appellatur.

246 2848 599 2897 Contractuum
622 2850 764 2914 signa
786 2864 1014 2912 expressa
1036 2855 1151 2896 sunt
1173 2846 1350 2900 verba;
1386 2844 1566 2892 debent
