1968 3236
174 417 272 449 CAP.
291 419 403 450 XXX.

179 512 222 539 Dc
235 512 330 540 officio
340 521 414 539 sum-

177 556 216 583 ini
230 555 404 594 imperantis.

440 275 537 318 250
939 282 1008 315 DE
1037 281 1312 314 CIVITATE.

441 395 575 442 tiam.
645 394 798 456 Leges
834 409 931 439 non
967 391 1251 439 necessariae
1282 391 1389 440 aliae
1415 392 1701 456 plerumque
1724 409 1823 440 non

442 478 555 517 sunt
571 486 714 532 quam
732 468 891 530 laquei
909 467 971 514 ad
988 467 1275 529 capiendam
1293 468 1572 530 pecuniam3
1599 483 1724 531 quae,
1739 468 1824 515 ubi

442 545 696 608 imperanti
721 559 908 590 summo
926 542 1167 600 obeditur,
1184 543 1440 605 superfluae
1456 551 1568 591 sunt
1585 564 1596 598 ;
1620 543 1704 591 ubi
1723 559 1823 591 non

441 621 677 677 obeditur,
704 619 767 666 ad
790 618 1121 665 defensionem
1143 618 1311 681 populi
1326 635 1426 666 non
1445 619 1704 666 sufficiunt.

506 695 646 757 Legis
685 693 1003 757 perspicuitas
1049 693 1274 741 consistit
1320 710 1420 742 non
1466 702 1568 742 tam
1614 695 1666 742 in
1706 694 1822 758 ipsis

439 770 612 828 verbis,
650 786 796 833 quam
831 770 881 816 in
917 785 1188 827 causarum,
1223 777 1427 832 propter
1462 786 1583 832 quas
1619 769 1699 817 lex
1721 770 1823 818 lata

439 853 526 903 est,
551 845 830 892 narratione
865 844 1136 907 perspicua.
1208 844 1327 891 Inde
1363 845 1491 892 enim
1527 845 1820 908 legislatoris

437 921 738 968 voluntatem
762 919 1098 982 cognoscimus
1121 940 1132 974 ;
1170 935 1266 982 qua
1289 921 1501 984 cognita,
1525 920 1716 968 facilius
1744 921 1820 968 in-

439 996 680 1058 telligitur
715 996 791 1043 lex
829 995 997 1058 paucis
1034 1011 1180 1058 quam
1217 995 1381 1043 multis
1418 996 1593 1043 verbis.
1662 996 1825 1044 Verba

438 1071 568 1118 enim
609 1071 772 1118 omnia
817 1071 1045 1133 ambigua
1087 1077 1200 1117 sunt
1221 1091 1232 1125 ;
1281 1070 1653 1133 multiplicando
1699 1087 1823 1135 ergo

438 1147 599 1204 verba,
620 1146 975 1209 multiplicatur
998 1145 1306 1208 ambiguitas.
1378 1145 1634 1205 Praeterea,
1652 1147 1823 1195 verbo-

438 1239 546 1271 rum
567 1222 818 1285 diligentia
835 1222 986 1268 nimia
1008 1221 1251 1284 plerisque
1275 1237 1364 1284 pro
1385 1229 1677 1285 argumento
1695 1222 1824 1270 acci-

438 1299 585 1360 pitur,
611 1297 742 1360 quod
767 1297 806 1344 si
840 1297 987 1344 verba
1016 1297 1292 1353 observant,
1328 1297 1486 1360 legem
1524 1313 1625 1345 non
1661 1305 1823 1346 trans-

437 1373 727 1435 grediuntur
747 1393 758 1427 ;
796 1372 923 1419 unde
944 1372 1111 1420 multae
1136 1372 1362 1419 oriuntur
1379 1372 1490 1420 lites
1514 1372 1714 1420 minime
1736 1389 1823 1420 ne-

437 1448 673 1496 cessariae.
744 1448 872 1495 Dum
902 1448 1031 1494 enim
1066 1447 1246 1510 cogito,
1281 1447 1413 1510 leges
1438 1448 1652 1511 antiquae
1677 1464 1822 1512 quam

436 1523 571 1571 brevi
596 1523 816 1570 oratione
841 1523 1034 1585 scriptae
1057 1522 1254 1575 fuerint,
1276 1530 1326 1570 et
1357 1530 1414 1570 ut
1447 1523 1688 1586 gradatim
1721 1539 1824 1572 cre-

437 1599 597 1646 verint
618 1620 629 1654 ;
658 1598 819 1646 videre
837 1599 956 1645 mihi
973 1598 1141 1646 videor
1166 1604 1413 1645 certamen
1434 1598 1680 1661 quoddam
1694 1598 1824 1647 inter

437 1674 602 1737 legum
626 1674 885 1737 scriptores
904 1682 952 1721 et
975 1674 1270 1728 advocatos3
1306 1674 1390 1721 ubi
1414 1673 1485 1721 illi
1502 1673 1592 1722 hos
1610 1674 1822 1722 circum-

438 1750 664 1808 scribere,
689 1750 738 1796 hi
766 1750 872 1798 illos
898 1750 1140 1797 declinare
1165 1749 1366 1796 student
1386 1770 1397 1804 ;
1435 1758 1484 1797 et
1506 1750 1710 1797 vincunt
1732 1749 1819 1798 ad-

435 1825 613 1873 vocati.
705 1826 929 1872 Officium
971 1841 1086 1889 ergo
1122 1832 1196 1873 est
1236 1825 1586 1888 legislatorum,
1633 1825 1686 1872 id
1727 1833 1819 1883 est,

438 1915 623 1948 summe
664 1900 1021 1962 imperantium,
1069 1916 1236 1948 causas
1275 1900 1658 1964 uniuscujusque
1699 1900 1821 1964 legis

436 1975 690 2038 perspicue
709 1975 933 2033 scribere,
953 1976 1180 2038 legesque
1199 1976 1328 2039 ipsas
1346 1976 1534 2035 breves,
1555 1975 1640 2024 sed
1659 1975 1821 2025 verbis

437 2051 646 2114 propriis
669 2051 843 2109 facere,
871 2059 1105 2114 quantum
1122 2059 1341 2115 possunt.

505 2126 692 2174 Summi
726 2126 1005 2189 imperantis
1041 2128 1186 2175 etiam
1215 2135 1304 2186 est,
1330 2142 1498 2191 poenas
1533 2135 1584 2175 et
1618 2127 1822 2191 praemia

437 2209 568 2250 recte
592 2201 882 2265 dispensare.
950 2202 1071 2250 Cum
1096 2210 1260 2250 autem
1283 2219 1540 2266 poenarum
1562 2203 1674 2251 finis
1695 2203 1819 2252 ultio

437 2286 538 2325 non
561 2277 625 2325 sit
647 2285 697 2324 et
720 2277 996 2324 exoneratio
1020 2277 1145 2335 bilis,
1172 2277 1258 2325 sed
1277 2278 1525 2340 peccantis
1544 2278 1695 2341 ipsius
1717 2284 1819 2337 aut,

438 2352 660 2416 exemplo
696 2353 814 2415 ejus,
853 2351 1057 2399 aliorum
1086 2352 1393 2408 emendati03
1418 2353 1511 2401 illis
1535 2353 1819 2402 criminibus

437 2445 596 2493 poenae
636 2426 859 2475 maximae
905 2427 1257 2475 constituendae
1303 2436 1430 2487 sunt,
1473 2445 1584 2491 quae
1630 2429 1819 2478 civitati

438 2512 551 2554 sunt
587 2501 983 2557 damnosissima;
1019 2502 1179 2565 qualia
1218 2511 1331 2551 sunt
1367 2520 1439 2563 ea,
1476 2520 1585 2568 quae
1612 2505 1675 2552 ab
1705 2504 1818 2553 odio

436 2579 686 2644 regiminis
703 2599 715 2634 ;
740 2593 848 2641 quae
867 2593 896 2625 a
913 2585 1194 2640 contemptu
1210 2580 1411 2642 justitiae
1430 2580 1683 2636 oriuntur;
1708 2596 1818 2644 quae

437 2654 801 2705 multitudinem
823 2653 1017 2701 irritant
1037 2673 1048 2707 ;
1085 2660 1134 2700 et
1168 2669 1275 2716 quae
1298 2655 1391 2702 nisi
1415 2656 1588 2718 punita
1610 2656 1723 2714 sint,
1745 2656 1818 2704 vi-

439 2733 541 2781 deri
564 2736 767 2795 possunt
790 2745 820 2777 a
842 2735 1040 2791 regente
1063 2729 1337 2792 approbari.
1392 2731 1671 2795 Indignatio
1685 2731 1816 2780 enim

437 2807 670 2872 populum
694 2821 791 2853 non
815 2804 866 2852 in
890 2811 1080 2852 actores
1115 2812 1322 2862 tantum,
1354 2806 1439 2854 sed
1475 2807 1622 2855 etiam
1645 2807 1697 2855 in
1730 2822 1816 2855 au-

439 2885 603 2932 thores
620 2879 871 2945 injustitiae
890 2878 1143 2927 manifeste
1167 2879 1368 2936 incitat;
1404 2890 1454 2929 et
1472 2882 1523 2929 in
1546 2882 1815 2946 potentiam
