1910 3236
690 471 936 524 PARS
985 470 1031 524 Ι.

478 650 631 714 DE
717 647 1255 713 HOMINE.

722 956 937 1005 CAPUT
972 957 1010 1004 I.

738 1073 800 1106 DE
824 1073 986 1106 SBNSU.

173 1163 590 1213 Comunoms
617 1160 867 1208 hominum
890 1158 1048 1222 primo
1071 1156 1340 1220 sigillatim,
1378 1155 1555 1204 deinde

173 1238 293 1287 alias
315 1237 376 1286 ab
399 1237 505 1285 aliis
528 1234 860 1299 dependentes
882 1242 940 1281 ut
973 1233 1025 1280 in
1059 1232 1182 1280 serie
1214 1231 1551 1279 considerabo.

174 1314 395 1379 Ipsarum
434 1326 739 1375 unaquaeque
775 1309 979 1372 alicujus
1021 1306 1270 1371 qualitatis
1309 1307 1388 1354 vel
1426 1307 1555 1354 acci-

173 1387 333 1437 dentis
366 1386 418 1435 in
440 1401 643 1449 corpore
667 1392 886 1441 externo,
910 1381 1042 1446 quod
1070 1381 1304 1445 appellari
1327 1381 1450 1429 solet
1472 1380 1555 1428 ob-

160 1465 368 1528 J'ectnm,
386 1469 461 1509 est
479 1459 742 1526 apparitio
761 1458 862 1506 sive
880 1457 1264 1522 representatio.
1302 1456 1449 1505 Quod
1467 1457 1555 1504 ob-

162 1540 371 1607 jectum,
394 1535 586 1600 agendo
610 1535 661 1582 in
684 1534 902 1598 corporis
924 1532 1127 1581 humani
1150 1548 1554 1596 organa„nempe

173 1613 355 1672 ocuIOS,
378 1627 536 1670 aureS,
560 1618 671 1668 etc„
693 1626 784 1674 pro
808 1608 1088 1657 diversitate
1105 1607 1312 1656 actionis
1337 1607 1552 1655 diversas

169 1688 399 1756 producit
420 1686 766 1752 apparitiones,

238 1764 392 1830 Origo
410 1763 628 1812 omnium
640 1761 921 1810 nominatur
942 1775 1131 1808 sensus.
1167 1759 1317 1807 Nulla
1332 1759 1461 1807 enim
1479 1768 1555 1807 est

171 1839 324 1890 animi
345 1838 617 1902 conceptio,
638 1853 747 1901 quae
769 1852 869 1884 non
890 1835 1050 1883 fuerat
1064 1842 1179 1883 ante
1200 1835 1371 1900 genita
1392 1835 1443 1882 in
1466 1835 1555 1882 ali-

173 1933 271 1982 quo
293 1930 539 1972 sensuum,
557 1913 636 1961 vel
657 1921 763 1961 tota
784 1911 941 1970 simul,
960 1910 1038 1958 vel
1055 1927 1144 1974 per
1164 1919 1348 1975 partes.
1383 1911 1460 1958 Ab
1477 1910 1555 1958 his

173 2000 338 2042 autem
358 1989 528 2055 primis
550 1988 866 2052 conceptibus
884 2001 1053 2035 omnes
1070 1994 1240 2050 postea
1253 1986 1554 2034 derivantur.

241 2065 469 2131 Cognitio
504 2080 663 2112 causae
687 2062 928 2112 sentiendi
951 2062 1204 2121 naturalis,
1227 2061 1458 2126 praesenti
1480 2062 1556 2109 in-

174 2142 348 2193 stituto
369 2156 472 2189 non
486 2149 560 2188 est
583 2139 803 2187 absolute
820 2139 1097 2187 necessaria
1116 2159 1129 2194 ;
1165 2138 1316 2187 etiam
1330 2137 1426 2186 alio
1445 2137 1554 2185 loco

65 2207 70 2239 ἶ
103 2254 109 2258 .
174 2218 238 2268 de
270 2217 356 2266 illa
389 2215 507 2264 satis
541 2214 766 2278 ampliter
801 2214 1134 2263 tractavimus,
1202 2213 1554 2271 Veruntamen,

174 2301 232 2344 ut
251 2291 505 2359 praesentis
527 2290 744 2339 methodi
766 2298 932 2354 partes
965 2289 1276 2354 impleantur,
1300 2289 1362 2337 de
1385 2288 1555 2336 eadem

175 2385 231 2420 re
251 2369 444 2425 iterum,
467 2367 554 2415 sed
575 2366 805 2427 breviter,
830 2366 1137 2414 disseremus.

242 2445 405 2494 Causa
427 2442 672 2492 sen-sionis
695 2450 770 2490 oet
791 2450 1048 2491 externum
1071 2457 1247 2505 corpus
1271 2441 1372 2488 sive
1396 2439 1556 2502 objec-

177 2525 294 2580 tum,
333 2518 467 2584 quod
507 2517 685 2582 premit
730 2517 1110 2580 uniuscujusque
1154 2531 1394 2579 organum
1445 2530 1556 2578 pro-

46 2602 95 2657 ’ἐξ
177 2595 360 2662 primm
382 2593 462 2643 vel
474 2593 771 2652 immediate,
789 2602 847 2641 ut
863 2593 915 2641 in
932 2607 1079 2640 sensu
1095 2598 1261 2640 tactus
1278 2599 1330 2639 et
1348 2596 1554 2655 gustu&

178 2671 257 2721 vel
282 2668 510 2728 mediate,
542 2676 600 2717 ut
637 2668 690 2716 in
727 2667 850 2725 visu,
883 2667 1074 2725 auditu,
1110 2666 1303 2730 offae-tu
1319 2684 1338 2719 ;
1373 2672 1423 2713 et
1446 2680 1556 2729 pre-

178 2744 375 2805 mendo,
410 2744 736 2793 mediantibus
781 2743 943 2792 nervis
988 2751 1038 2790 et
1083 2741 1394 2797 membraniS‚
1439 2756 1555 2789 con-

179 2823 373 2873 tinuum
410 2820 560 2869 efficit
592 2826 780 2867 motum
815 2819 1080 2867 introrsum
1114 2817 1178 2865 ad
1201 2817 1472 2874 cerebrum,
1505 2825 1556 2865 et

59 2893 95 2900 ⁴
180 2896 296 2948 inde
317 2894 382 2945 ad
405 2910 522 2944 cor:
558 2893 687 2943 unde
723 2894 940 2942 nascitur
979 2893 1139 2941 cordis
1177 2892 1469 2950 resistentia,
1506 2899 1555 2939 et

1619 1179 1724 1212 CAP.
1745 1180 1777 1212 1.

1607 1235 1798 1256 *q-ae

1610 1273 1763 1302 Donum.
