1968 3236
528 253 599 287 ως
627 253 815 287 ιιΕῦΝο
842 250 1248 286 τεΝΕΒιιΑιωΜ.
1483 241 1579 283 499

199 366 385 415 fictum.
481 364 640 411 Entia
685 363 964 427 hujusmodi
1005 379 1146 422 nova,
1192 362 1358 420 notha,
1400 362 1579 419 inania,
1599 381 1701 413 ομ»
1718 381 1844 414 xtvx.

199 441 362 490 verbis
384 448 435 487 et
456 439 657 487 vocibus
693 439 970 502 implicitus,
994 454 1081 502 per
1112 437 1470 502 copulationem
1493 452 1582 485 no-
1633 436 1824 505 m

203 517 391 567 minum
410 515 541 563 solus
564 515 731 577 genuit
757 514 1059 571 Aristoteles,
1078 513 1413 577 philosophiae,
1437 528 1583 576 quam
1632 520 1670 548 ὡ
1690 519 1769 548 mni

200 590 423 641 fraudem
448 606 623 638 vanam
644 590 856 653 appellat
878 590 927 637 S.
949 589 1140 644 Paulus,
1155 588 1394 652 principia
1409 588 1581 651 prima.
1654 561 1822 600 mmm

267 666 347 715 Ab
370 667 463 714 hac
487 665 713 713 doctrina
735 665 796 713 de
820 665 1051 712 essentiis
1075 672 1125 712 et
1140 664 1333 727 formis
1355 662 1584 711 substan-

205 741 414 791 tialibus
450 740 708 806 separatis
746 740 1104 803 daemonologia
1126 739 1408 787 Graecorum
1431 738 1482 786 in
1505 754 1584 786 ec-

205 818 368 874 clesia,
388 826 443 865 ut
467 817 584 874 dixi,
609 817 780 864 relicta
802 823 876 863 est
896 837 908 868 ;
945 824 995 863 et
1017 815 1295 878 superstitio
1319 814 1415 871 illa,
1440 829 1586 876 quam

205 893 524 953 δεισιδαιμονίαν
569 900 747 940 vocant
782 891 954 948 Graeci,
996 891 1096 938 sive
1133 898 1317 938 metum
1360 889 1588 952 phantas-

204 978 408 1018 matum.
497 967 616 1015 inde
654 967 1036 1015 exorcismorum
1071 981 1188 1013 usus
1236 972 1371 1013 ortus
1407 972 1497 1022 est,
1538 972 1588 1012 et

206 1045 335 1109 signi
369 1044 544 1101 crucis,
569 1052 619 1091 et
653 1059 792 1106 aquae
831 1041 1118 1100 benedictae,
1148 1041 1323 1105 quibus
1358 1047 1587 1088 excanta-

207 1127 380 1169 rentur
402 1128 487 1167 aut
510 1119 853 1182 abigerentur:
891 1116 1207 1177 deindssnata
1229 1124 1306 1164 est
1337 1115 1502 1179 opinio
1526 1114 1588 1162 de

207 1195 492 1244 substantiis
528 1193 843 1257 incorporeis,
877 1193 929 1240 id
961 1200 1049 1251 est,
1084 1191 1266 1240 nullam
1299 1190 1589 1239 habentibus

209 1271 409 1320 omnino
433 1269 835 1334 magnitudinem,
859 1278 909 1317 et
933 1268 1065 1332 quod
1099 1268 1230 1315 Deus
1253 1267 1355 1331 ipse
1377 1267 1589 1330 optimus

211 1347 450 1395 maximus
494 1344 880 1409 magnitudinem
921 1360 1019 1392 non
1056 1343 1275 1401 haberet,
1313 1357 1590 1406 quanquam

211 1437 369 1485 neque
413 1420 697 1468 substantia
745 1419 1059 1484 incorporea,
1106 1434 1264 1482 neque
1309 1417 1591 1466 substantia

212 1495 596 1546 immaterialis
583 1512 634 1543 111
659 1495 911 1558 Scriptura
930 1495 1079 1542 Sacra
1102 1494 1392 1542 inveniatur.
1450 1493 1590 1550 Item,

0 1593 26 1641 ι,
212 1572 347 1637 quod
387 1572 553 1619 anima
594 1577 671 1618 est
712 1577 819 1618 tota
851 1570 902 1617 in
943 1576 1062 1627 toto,
1086 1575 1136 1616 et
1171 1576 1278 1616 tota
1303 1569 1353 1616 in
1371 1567 1593 1632 qualibet

0 1642 23 1738 ᾗ
203 1654 364 1713 parte
386 1646 632 1711 corporis.
702 1645 776 1693 Ex
799 1644 971 1692 eodem
994 1644 1130 1692 fonte
1153 1652 1263 1692 orta
1285 1651 1359 1691 est
1373 1643 1595 1691 doctrina

0 1745 19 1802 {Z
212 1730 320 1772 tota
341 1722 403 1770 de
424 1721 729 1786 purgatorio,
753 1728 805 1767 et
823 1719 885 1767 de
910 1719 1213 1783 apparitione
1228 1726 1469 1767 nocturna
1490 1719 1595 1766 ani-

0 1809 12 1841 !
214 1813 421 1855 marum,
445 1804 497 1844 et
518 1795 726 1859 legenda
759 1795 1120 1853 miraculorum,
1144 1803 1196 1843 et
1219 1794 1512 1858 quaestiones
1535 1794 1595 1842 de

215 1873 390 1923 animis
422 1872 758 1935 reproborum,
788 1870 888 1929 ubi,
925 1878 977 1918 et
1008 1886 1120 1918 cum
1160 1870 1259 1918 sint
1289 1869 1594 1933 impatibiles,

217 1947 463 2012 quomodo
484 1947 754 2010 puniuntur
773 1966 786 2000 ;
821 1945 1012 2008 aliaque
1030 1945 1185 1993 multa
1208 1961 1318 2008 quae
1336 1960 1435 1993 non
1458 1960 1595 2008 repe-

5 2078 7 2080 ,
218 2024 412 2072 riuntur
427 2023 479 2071 in
504 2022 758 2087 Scriptura
782 2021 946 2069 Sacra.

0 2090 11 2168 ’ξ
285 2097 435 2148 Quod
470 2113 648 2161 corpus
688 2096 819 2145 idem
856 2097 908 2144 in
945 2095 1166 2160 pluribus
1203 2095 1344 2143 simul
1378 2093 1513 2152 lociS,
1548 2101 1599 2141 et

0 2168 4 2172 ⁸
219 2173 363 2237 plura
383 2187 590 2236 corpora
611 2173 663 2220 in
685 2171 858 2220 eodem
876 2171 1019 2219 simul
1042 2171 1150 2219 loco
1173 2186 1279 2219 esse
1302 2170 1487 2227 dicunt,
1511 2184 1598 2216 ne·

222 2264 318 2312 que
352 2247 644 2306 AristoteES,
667 2263 827 2312 neque
865 2246 1158 2310 philosophi,
1195 2261 1353 2308 neque
1393 2244 1599 2292 hominis

223 2324 511 2387 cujusquam
541 2324 649 2371 sani
681 2331 755 2371 est
794 2330 981 2386 putare.
1052 2322 1149 2370 Sed
1184 2321 1280 2369 dici
1313 2318 1601 2383 expediebat

223 2398 287 2448 ad
310 2398 679 2447 sustentandam
705 2397 1014 2461 praesentiam
1038 2396 1216 2445 realem
1240 2395 1399 2443 carnis
1422 2394 1602 2443 Christi

226 2475 277 2523 in
300 2474 434 2522 omni
460 2489 586 2537 pane
608 2481 908 2521 consecrato.

294 2550 444 2599 Quod
465 2550 662 2599 volendi
683 2565 830 2599 causa
851 2551 915 2600 sit
931 2550 1175 2607 voluntas,
1199 2548 1251 2596 id
1273 2556 1361 2605 est,
1384 2546 1605 2611 potentia

228 2641 375 2674 causa
396 2633 553 2683 actus,
572 2625 934 2674 Aristotelicum
956 2632 1046 2684 est,
1062 2634 1112 2673 et
1130 2631 1380 2687 receptum
1402 2639 1433 2670 a
1451 2621 1604 2670 Scho-

229 2701 442 2755 lasticis;
478 2700 724 2759 nimirum,
747 2709 803 2750 ut
836 2701 1052 2750 dominio
1087 2701 1177 2748 Dei
1215 2700 1264 2747 in
1301 2698 1603 2746 voluntatem

230 2777 492 2824 humanam
533 2777 740 2834 sublato,
777 2776 982 2825 liberum
1023 2782 1318 2824 statueretur
1350 2772 1606 2821 arbitrium

232 2852 460 2900 hominis,

1315 2939 1347 2971 ι(
1372 2938 1406 2971 x
1422 2940 1443 2971 2
