1968 3236
511 288 795 322 APPEme
824 289 895 322 Ao
923 288 1260 322 LaviArnAN.
1478 266 1573 320 533

195 401 259 448 ab
290 398 500 448 animali
531 410 579 448 et
613 399 872 454 rationali,
907 407 962 447 ut
992 416 1022 447 a
1052 400 1150 447 suis
1185 398 1439 463 partibus;
1475 413 1575 445 non

194 474 551 538 distinguentes
575 476 704 523 inter
739 475 1073 522 definitionem
1108 474 1332 528 hominis,
1369 488 1477 536 quae
1501 480 1576 520 est

194 550 362 598 oratio
386 550 569 598 habeus
592 567 680 614 pro
715 551 934 614 partibus
968 550 1166 598 nomina
1199 548 1388 597 animal
1416 557 1466 596 et
1489 564 1575 595 ra-

194 625 399 685 tionale,
415 635 465 674 et
489 627 734 674 hominem
749 626 922 689 ipsum,
941 627 1079 689 cujus
1094 633 1256 688 partes
1276 632 1389 672 sunt
1413 632 1575 687 caput,

193 699 409 759 bustum,
435 718 592 760 crura,
629 710 678 750 et
713 701 900 764 reliqua
922 702 1153 748 membra.
1224 700 1322 748 Sed
1346 699 1575 763 quoniam

195 775 373 825 durum
391 787 465 826 est
481 778 657 826 animal
677 777 913 825 rationale
931 777 980 823 in
999 782 1227 824 concreto
1242 775 1484 839 appellare
1503 790 1576 822 es-

195 853 421 912 sentiam,
445 854 666 902 nonnulli
690 853 947 901 formulam
971 851 1101 899 illam
1134 850 1361 912 loquendi
1387 849 1575 897 mollire

196 929 462 991 cupienteS‚
502 946 600 977 non
641 928 819 976 animal
851 926 1103 984 rationale,
1132 926 1218 973 sed
1252 925 1464 973 animam
1498 940 1576 972 ra-

194 1002 443 1062 tionalem,
469 1005 727 1053 essentiam
751 1003 960 1051 hominis
983 1018 1086 1050 esse
1110 1001 1279 1049 dicunt
1300 1021 1312 1055 ;
1349 1000 1576 1048 eandem-

196 1093 291 1142 que
314 1080 633 1127 substantiam
671 1095 774 1127 esse
809 1078 1009 1125 seorsim
1034 1077 1101 1131 ab
1138 1077 1350 1124 humano
1374 1090 1576 1138 corpore

196 1154 501 1203 existentem.
585 1156 748 1218 Atque
782 1154 851 1201 ita
887 1139 1147 1201 essentiam
1173 1152 1358 1199 faciunt
1387 1159 1577 1214 partem

196 1228 347 1292 ipsius
378 1230 588 1278 hominis
619 1231 946 1293 integrantem
971 1227 1209 1289 simulque
1233 1225 1553 1275 essentialem.

262 1304 327 1352 A.
363 1305 407 1353 Ο
444 1305 689 1353 mirabiles
727 1303 883 1351 inanis
919 1302 1237 1366 philosophiae
1273 1300 1544 1364 praestigias
1563 1298 1575 1346 3

197 1379 290 1427 Dic
313 1380 431 1443 quid
448 1382 551 1445 jam
574 1396 688 1428 vere
712 1387 762 1427 et
784 1379 979 1443 proprie
1003 1378 1244 1441 significat
1259 1392 1483 1441 persona
1502 1378 1530 1423 ἓ

263 1455 327 1503 Β.
362 1455 469 1504 Vox
494 1456 666 1504 Latina
689 1463 777 1512 est,
802 1453 1081 1517 significans
1105 1468 1206 1500 rem
1239 1466 1579 1515 quamcunque

196 1529 491 1594 singularem
514 1539 741 1595 agentem
764 1539 1014 1592 utcunque
1046 1544 1133 1575 sua
1165 1527 1242 1574 vel
1273 1526 1471 1574 alterius
1493 1542 1577 1574 vo-

194 1605 400 1654 luntate.
460 1607 541 1654 Sic
577 1606 748 1654 Cicero
790 1604 891 1665 (De
922 1603 1155 1658 Oratore,
1179 1603 1227 1650 ii.
1257 1605 1392 1662 102):
1444 1601 1579 1649 Unus

196 1682 415 1730 sustineo
438 1689 545 1730 tres
563 1696 830 1746 personas,
848 1679 957 1737 mei,
968 1678 1180 1742 judicis,
1204 1684 1254 1725 et
1278 1677 1579 1725 adversarii.

198 1756 333 1807 Quid
346 1757 440 1806 hoc
460 1766 549 1816 est,
574 1757 670 1805 nisi
693 1755 823 1819 quod
846 1754 948 1818 ipse
967 1754 1142 1802 Cicero
1159 1761 1323 1817 partes
1341 1760 1507 1815 ageret
1530 1760 1582 1800 et

197 1847 324 1891 suaa,
349 1840 398 1881 et
417 1832 613 1896 judicis,
638 1840 690 1880 et
712 1830 1006 1879 adversarii?
1078 1828 1211 1878 Quid
1234 1828 1382 1875 etiam
1413 1837 1503 1886 est,
1530 1827 1583 1875 id

199 1907 333 1971 quod
353 1908 600 1957 invenitur
621 1908 673 1955 in
688 1906 985 1955 catechismo
1003 1905 1292 1968 Anglicano,
1307 1903 1391 1951 ubi
1415 1903 1580 1951 minis-

198 1990 276 2032 ter
292 1992 456 2047 rogat:
486 1983 624 2040 Quid
637 2000 700 2031 ex
703 1982 839 2045 fidei
855 1988 948 2029 tuce
962 1980 1197 2029 articulis
1206 1979 1466 2044 praecipue
1481 1978 1582 2026 dis-

200 2057 319 2107 cis?
353 2059 743 2107 catechumenus
771 2055 1050 2120 respondit:
1086 2055 1241 2102 Disco
1266 2054 1449 2118 primo,
1473 2068 1581 2100 cre-

201 2133 323 2182 dere
338 2134 387 2181 in
404 2132 562 2181 Deum
586 2134 804 2191 Patrem,
822 2132 908 2196 qui-
927 2131 1118 2179 creavit
1141 2147 1213 2177 me
1237 2136 1286 2177 et
1304 2129 1580 2176 universum

202 2208 425 2256 mundum
441 2227 458 2262 ,·
481 2208 710 2266 secundo,
727 2208 776 2255 in
794 2206 974 2255 Filium
997 2208 1103 2268 ejus
1118 2205 1286 2252 Jesum
1314 2203 1579 2261 Christum,

201 2283 289 2348 qui
306 2283 517 2331 redemit
531 2300 605 2331 me
622 2290 672 2331 et
691 2283 966 2331 universum
987 2297 1147 2346 genus
1166 2281 1419 2327 humanum
1436 2297 1454 2332 ‚·
1478 2286 1580 2326 ter-

203 2358 292 2417 1⁸⁸0,
317 2358 367 2406 in
385 2358 627 2423 Spiritum
651 2358 899 2416 Sanctum,
923 2358 1011 2422 qui
1032 2354 1364 2417 sanctificavit
1389 2370 1462 2400 me
1483 2370 1581 2400 om-

203 2450 407 2497 nemque
418 2433 623 2481 electum
634 2432 873 2497 populum
887 2432 1103 2490 Dei,nisi
1119 2429 1248 2493 quod
1264 2430 1393 2477 Deus
1411 2429 1459 2475 in
1475 2444 1582 2491 per-

205 2525 324 2557 sona
346 2508 542 2572 propria
559 2508 742 2556 creavit
765 2507 957 2561 omnim
982 2507 1033 2554 in
1056 2520 1264 2569 persona
1279 2503 1383 2551 Filii
1407 2503 1481 2550 sui
1505 2519 1582 2551 re-

205 2585 359 2633 demit
375 2599 528 2647 genus
551 2584 846 2638 humanum;
881 2582 932 2630 in
955 2597 1162 2646 persona
1185 2579 1391 2642 Spiritus
1415 2578 1582 2626 Sancti

205 2659 460 2708 eeclesiam
474 2658 810 2706 sanctificavit.
847 2658 980 2707 Quid
993 2658 1086 2705 hoc
1101 2656 1159 2703 de
1173 2653 1393 2718 personis
1408 2653 1584 2702 divinis

205 2734 398 2792 clarius,
422 2743 509 2781 aut
531 2732 645 2781 fidei
676 2734 1021 2796 congruentius
1052 2731 1147 2779 dici
1170 2728 1367 2794 potest?
1435 2729 1582 2779 Quod

205 2810 245 2858 si
262 2826 352 2874 pro
374 2825 584 2873 persona
602 2817 797 2856 utamur
820 2824 938 2857 voce
961 2806 1209 2871 hypostasi
1228 2820 1339 2852 cum
1357 2804 1580 2853 Patribus

206 2885 403 2943 Graecis,
429 2900 538 2932 cum
573 2882 847 2947 hypostasis
870 2892 919 2931 et
942 2881 1215 2931 substantia
1244 2878 1372 2927 idem
1396 2879 1580 2943 signifi-
