1968 3236
438 239 533 282 406
756 247 826 279 DE
854 244 1110 279 civrrA'rE
1139 242 1498 276 cnius‘mANA.

174 383 400 415 mann,
437 376 559 417 sum,
596 374 683 422 per
717 356 990 404 Johannem
1026 354 1312 416 Baptistam,
1348 359 1398 401 et
1433 368 1521 416 per
1560 350 1820 415 apostolos,

192 437 388 516 m
439 435 558 483 nihil
595 433 727 481 aliud
765 433 824 479 de
860 430 956 478 fide
997 430 1287 493 praedicasse
1323 435 1649 492 praeterquam
1691 426 1823 490 quod

194 504 396 550 ecclesiastica·
440 512 542 574 ipse
583 516 707 556 esset
745 507 983 554 Christus.
1052 505 1302 552 Johannes
1332 502 1531 565 (Matth.
1556 502 1624 550 iii.
1649 502 1701 563 2)
1728 501 1822 549 hoc

441 586 594 633 solum
612 581 910 646 praedicavit,
927 596 1133 644 regnum
1147 579 1248 627 Dei
1263 578 1661 643 appropinquat.
1686 577 1823 625 Idem

444 661 674 708 Servator
711 666 877 705 noster
915 655 1215 720 praedicavit
1256 655 1376 718 ipse,
1406 654 1604 715 (Matth.
1630 653 1695 701 iv.
1727 654 1826 715 17);

443 744 490 784 et
526 734 783 782 duodecim
817 732 1048 796 apostolis
1071 731 1122 778 in
1145 730 1388 778 mandatis
1425 729 1559 778 dedit
1595 730 1825 777 Servator

441 818 622 868 noster,
652 809 853 870 (Matth.
877 824 923 855 x.
946 807 1018 869 7),
1038 814 1096 854 ut
1125 806 1256 854 idem
1285 805 1626 869 praedicarent.
1695 804 1826 852 Arti-

442 887 578 934 culus
597 886 677 933 ille
692 884 807 932 fidei
823 884 1114 932 Christianae
1136 881 1517 930 fundamentalis
1533 889 1653 928 erat.
1690 880 1827 928 Post-

441 979 586 1025 quam
624 962 774 1025 igitur
808 960 1014 1023 apostoli
1049 975 1079 1007 a
1111 958 1461 1022 praedicatione
1501 955 1694 1004 articuli
1738 955 1828 1002 hu-

437 1040 516 1101 jus
551 1037 614 1084 ad
650 1036 899 1084 Christum
934 1035 1114 1083 reversi
1150 1041 1328 1092 essent,
1363 1032 1684 1095 interrogavit
1717 1031 1828 1079 illos

443 1113 664 1161 Christus
683 1118 885 1160 cunctos
905 1110 1063 1168 simul,
1082 1126 1181 1158 non
1198 1111 1396 1157 Petrum
1426 1108 1582 1156 solum
1626 1107 1827 1169 (Matth.

442 1190 537 1238 xvi.
555 1191 657 1250 13):
688 1188 948 1245 Quemnam
968 1204 1077 1233 esse
1095 1203 1169 1232 me
1185 1185 1356 1232 dieunt
1374 1184 1629 1231 homines?
1646 1181 1828 1230 Filium

444 1265 652 1312 hominis
672 1268 699 1313 ,9
749 1264 826 1311 Illi
849 1279 965 1310 vero
990 1262 1217 1310 dixerunt
1239 1262 1384 1322 (vers.
1416 1259 1513 1321 14.)
1542 1278 1553 1306 :
1590 1257 1701 1306 Alii
1721 1257 1829 1322 qui-

445 1341 552 1388 dem
587 1339 856 1387 Johannem
891 1338 1200 1401 Bapffistmu,
1237 1335 1332 1383 alii
1367 1351 1482 1382 vero
1522 1333 1710 1391 Eliam,
1734 1331 1830 1379 alii

446 1433 560 1463 vero
593 1414 876 1472 ‹ser-emiavn,
910 1420 996 1460 aut
1040 1429 1182 1460 unum
1225 1429 1286 1459 ex
1317 1409 1605 1475 prophetis·
1688 1409 1830 1457 Tunc

448 1500 612 1539 autem
657 1491 802 1552 (vers.
837 1489 915 1550 15)
952 1487 1275 1551 interrogavit
1313 1487 1421 1534 illos
1462 1485 1606 1533 simul
1645 1499 1831 1543 omnes,

448 1582 548 1613 non
586 1567 782 1613 Petrum
823 1565 1006 1612 solum:
1055 1563 1149 1611 Vos
1190 1569 1350 1610 autem
1387 1577 1526 1625 quem
1558 1576 1632 1607 me
1656 1558 1832 1607 dicitis

449 1659 557 1688 esse
581 1645 608 1689 ?
645 1641 817 1703 Itaque
845 1641 987 1702 (vers.
1020 1639 1100 1700 16)
1129 1639 1338 1686 Sanctus
1363 1638 1533 1685 Petrus
1559 1651 1651 1700 pro
1674 1634 1831 1684 omni-

449 1718 539 1764 bus
558 1716 835 1779 respondit:
870 1716 914 1762 T
914 1732 942 1762 u
960 1733 1013 1762 es
1037 1715 1285 1773 Christus,
1294 1713 1445 1775 filius
1466 1713 1566 1760 Dei
1585 1710 1794 1759 viventi-s·
1812 1729 1831 1758 .·

452 1792 534 1854 qui
557 1791 803 1850 articulus,
828 1799 883 1839 ut
918 1792 1032 1849 dixi,
1067 1791 1182 1838 fidei
1218 1789 1369 1838 totius
1405 1788 1623 1836 ecclesiae
1655 1786 1832 1835 funda-

451 1876 669 1915 mentum
701 1875 789 1915 est.
826 1868 987 1930 Atque
1017 1867 1132 1914 hinc
1164 1866 1473 1915 occasionem
1502 1863 1651 1927 coepit
1665 1862 1834 1911 dicen-

453 1943 530 1991 di:
575 1942 646 1990 Tu
665 1959 718 1990 es
743 1942 940 2000 Petrus,
958 1949 1005 1989 et
1031 1959 1182 2006 super
1207 1942 1335 1988 leant:
1352 1946 1555 2004 petram
1572 1937 1834 2001 aedificabo

452 2035 604 2065 meam
628 2017 887 2066 ecelesiam
911 2025 1004 2065 etc.
1044 2018 1363 2066 Manifestum
1387 2031 1508 2078 ergo
1529 2022 1619 2074 est,
1642 2021 1833 2078 petram

454 2094 669 2141 ecclesiae
691 2093 1103 2140 fundamentalem
1127 2094 1271 2141 aliam
1289 2092 1587 2140 intellectam
1606 2106 1706 2138 non
1729 2105 1835 2138 esse

455 2186 511 2217 eo
519 2169 644 2226 loco,
652 2175 830 2232 praeter
845 2168 960 2215 fidei
978 2169 1236 2216 articulum
1251 2168 1385 2216 illum
1401 2165 1833 2215 fundamentalem.

457 2244 553 2292 Sed
588 2260 752 2307 quare,
779 2244 910 2291 dicet
937 2244 1124 2307 aliquiS,
1149 2244 1417 2307 interponit
1444 2242 1664 2291 Christus
1686 2241 1838 2289 verba

456 2320 552 2377 illa,
580 2320 649 2367 Ta
664 2336 718 2367 es
740 2319 957 2366 Petrus?
982 2320 1400 2367 Considerandum
1421 2334 1537 2382 ergo
1553 2325 1627 2366 est
1641 2324 1836 2381 aposto-

456 2395 555 2442 lum
580 2394 975 2457 cognominatum
993 2395 1140 2442 fuisse
1161 2411 1190 2443 a
1207 2395 1403 2443 Christo
1421 2394 1653 2458 Cepham,
1672 2392 1724 2440 id
1746 2399 1836 2450 est,

457 2472 624 2519 Graece
650 2492 805 2533 πετραν
822 2470 898 2517 vel
915 2492 1079 2533 orm-pov,
1106 2471 1275 2518 Latine
1295 2470 1530 2535 lapidem.
1573 2469 1837 2532 Postquam

457 2546 605 2609 igitur
623 2545 882 2593 articulum
917 2545 1047 2592 hunc
1083 2546 1253 2593 Petrus
1289 2547 1537 2594 confessus
1559 2551 1704 2602 esset,
1725 2544 1837 2592 Ser-

458 2628 597 2668 vator
619 2628 801 2677 noster,
821 2619 884 2667 ad
907 2636 1084 2667 nomen
1110 2621 1214 2684 ejus
1240 2621 1476 2679 alludens,
1502 2619 1643 2678 dixit,
1686 2618 1760 2667 Tu
1782 2635 1839 2667 es

464 2696 660 2754 Petrus,
686 2702 735 2743 et
758 2711 910 2759 super
928 2694 1054 2742 hanc
1076 2703 1273 2759 petram
1299 2695 1557 2758 (edificabo
1581 2701 1692 2743 etc:
1727 2701 1839 2743 tan-

462 2786 605 2831 quam
621 2770 805 2818 diceret
818 2769 1076 2817 articulum
1093 2770 1242 2828 illum,
1258 2770 1425 2818 Jesum
1440 2787 1549 2818 esse
1569 2769 1838 2828 Christum,

464 2844 590 2904 fidei,
610 2861 696 2909 per
716 2862 861 2908 quam
875 2844 1080 2893 ecclesia
1095 2853 1199 2893 erat
1224 2845 1515 2903 Christiana,
1535 2844 1839 2894 essentialem
