1968 3236
491 258 776 291 APPEme
803 258 876 291 AD
904 257 1239 291 Lssle'rnAN.
1458 248 1551 290 545

182 367 412 418 articulos
447 369 560 417 fidei
597 385 758 417 errare
788 385 838 417 se
870 386 967 417 non
1007 385 1175 433 posse;
1211 377 1260 417 et
1292 369 1553 433 primatum

182 459 329 508 super
346 459 514 491 omnes
529 445 780 508 episcopos
798 446 1116 493 concessisset
1133 446 1272 508 Papae
1291 445 1554 507 imperator

185 519 403 574 Phocas;
439 528 490 567 et
531 520 718 582 imperii
756 520 805 567 in
849 520 988 567 Italia
1021 520 1092 567 w‘s
1127 520 1474 582 languesceret,
1505 528 1556 566 et

181 601 341 643 metus
366 594 717 643 Saracenorum
740 595 985 658 principes
1006 595 1305 642 Christianos
1325 611 1554 658 occupas-

181 677 287 724 set;
323 670 468 733 Papa,
502 672 603 732 jam
641 679 754 718 ante
787 670 968 717 divitiis
1006 680 1055 717 et
1093 671 1314 733 potentia
1349 671 1555 718 multum

182 753 373 802 auctus,
393 744 614 792 Concilia
636 744 882 807 generalia
907 745 1101 808 propria
1123 746 1417 793 authoritate
1440 762 1556 793 con-

183 821 406 878 vocabat,
431 820 654 883 neglecta
676 821 1022 883 imperatorum
1038 829 1087 868 et
1108 821 1260 868 Italiae
1279 821 1557 883 regulorum

183 896 497 953 authoritate,
523 912 729 959 quorum
766 895 914 943 etiam
950 896 1136 958 aliquos
1173 912 1310 959 reges
1334 905 1383 944 et
1406 897 1555 959 impe-

186 980 387 1029 ratores,
421 979 475 1019 ut
514 971 784 1028 haereticos,
831 971 1249 1019 excommunicare
1288 988 1430 1019 ausus
1467 980 1555 1019 est.

186 1048 357 1111 ltaque
397 1063 656 1111 progressu
693 1048 925 1110 temporis
954 1063 1121 1095 omnes
1156 1047 1416 1103 doctrinas,
1450 1064 1558 1111 quae

191 1123 459 1187 potentiam
496 1123 869 1171 ecclesiasticam
893 1131 977 1170 aut
1008 1115 1284 1186 sffrgentem
1309 1123 1558 1186 impedire,

185 1206 273 1247 aut
309 1207 655 1247 consummatae
693 1198 947 1246 detrahere
970 1198 1274 1256 videbantur,
1299 1214 1387 1262 pro
1410 1199 1560 1247 haere-

185 1274 320 1323 sibus
342 1274 745 1322 condemnabant.
815 1274 977 1337 Atque
1002 1273 1114 1321 inde
1137 1281 1255 1321 ortae
1278 1283 1392 1321 sunt
1408 1274 1558 1322 haere-

186 1366 264 1399 ses
280 1350 376 1399 illae
399 1365 685 1407 numerosae,
709 1358 909 1413 propter
927 1365 1063 1414 quaS‚
1080 1358 1193 1413 post
1218 1349 1348 1397 edita
1363 1350 1561 1398 Lutheri

187 1426 387 1489 scripta,
407 1434 484 1473 tot
508 1425 767 1473 Christiani
792 1425 843 1472 in
859 1425 952 1472 hoc
976 1441 1126 1488 regno
1149 1425 1339 1487 Angliae
1362 1425 1562 1488 aliisque

188 1501 240 1549 in
271 1500 391 1548 locis
423 1500 667 1548 combusti
701 1508 847 1555 sunt;
884 1499 1056 1557 donec,
1081 1500 1419 1562 evigilantibus
1455 1508 1564 1548 tan-

189 1576 302 1625 dem
324 1577 517 1625 illorum
540 1577 757 1624 locorum
782 1576 1094 1639 principibus,
1117 1592 1146 1623 a
1169 1584 1268 1623 tam
1293 1577 1431 1639 gravi
1454 1592 1564 1639 per-

188 1652 437 1702 secutione
460 1660 510 1699 et
533 1651 766 1699 servitute
792 1651 1011 1698 Romana
1032 1650 1223 1698 liberati
1246 1650 1457 1698 fuerunt.

256 1728 321 1775 A.
356 1726 573 1775 Ecclesia
609 1726 828 1773 Romana
862 1741 984 1789 quos
1024 1725 1242 1773 comburi
1270 1726 1430 1788 jussit,
1469 1727 1564 1774 Lu-

189 1802 437 1859 theranos,
490 1801 850 1864 Anabaptistas,
899 1800 1131 1863 aliosque,
1186 1800 1419 1850 habuitne
1475 1818 1564 1865 pro

191 1876 499 1934 ChristianiS,
519 1893 582 1924 an
606 1892 696 1940 pro
719 1875 958 1924 ethnicis?

257 1951 323 2000 B.
358 1952 451 2000 Pro
475 1952 760 2000 Christianis
783 1952 886 2000 sine
910 1951 1088 2005 dubio:
1134 1967 1225 2000 nec
1245 1952 1334 1999 hos
1357 1959 1564 2011 tantum,

191 2042 361 2075 verum
383 2027 529 2075 etiam
562 2027 786 2085 Arianos,
809 2035 857 2075 et
881 2042 964 2075 eos
986 2042 1153 2075 omnes
1176 2043 1296 2089 quos
1319 2027 1566 2075 damnavit

193 2101 407 2167 synodus
438 2102 640 2150 Nicena..
711 2102 883 2166 Neque
914 2118 996 2150 eos
1035 2102 1176 2150 aliter
1198 2102 1389 2150 vocavit
1420 2117 1565 2164 quam

193 2177 467 2226 haereticos.
536 2176 665 2224 Nam
696 2177 786 2224 etsi
816 2177 1160 2240 philosophicis
1185 2177 1450 2224 rationibus
1474 2177 1564 2234 usi,

195 2251 257 2300 de
278 2252 467 2300 naturis
491 2251 756 2299 Salvatoris
789 2260 840 2300 et
870 2251 932 2300 de
955 2260 1124 2300 sancta
1146 2251 1385 2299 Trinitate
1427 2251 1566 2299 aliter

195 2334 450 2375 senserunt
464 2343 611 2390 quam
629 2327 860 2390 oportuit,
878 2337 1051 2375 contra
1070 2327 1343 2390 Scripturas
1360 2326 1531 2374 Sacras
1552 2348 1564 2381 ;

197 2401 444 2450 Christum
480 2411 644 2450 tamen
679 2418 770 2465 pro
804 2418 919 2450 vero
956 2402 1166 2450 Messiah
1203 2402 1491 2460 habuerunt,
1516 2409 1567 2447 et

198 2475 373 2525 Filium
408 2476 499 2525 Dei
529 2477 698 2525 Jesum
721 2476 988 2535 Christum,
1013 2485 1062 2525 et
1096 2492 1273 2524 nomen
1297 2477 1399 2539 ejus
1430 2475 1566 2523 invo-

197 2559 384 2600 carunt.

264 2626 329 2673 A.
366 2625 418 2674 Si
451 2626 523 2673 ita
544 2634 635 2684 est,
660 2626 862 2674 ecclesia
897 2627 1115 2675 Romana
1138 2625 1199 2672 de
1223 2625 1565 2688 imperatorum

198 2700 506 2749 ethnicorum
535 2701 749 2765 antiquis
781 2702 1211 2765 persecutionibus,
1235 2709 1290 2749 ut
1311 2700 1429 2748 mihi
1460 2700 1567 2764 qui-

199 2775 311 2825 dem
333 2775 543 2833 videtur,
561 2776 725 2840 inique
742 2785 1119 2840 conqueruntur.
1156 2775 1413 2823 Christiani
1437 2775 1566 2822 enim

198 2860 472 2915 temporum
511 2850 702 2899 illorum
739 2859 885 2900 sectae
920 2851 1140 2915 quaedam
1175 2858 1329 2908 erant,
1363 2849 1567 2898 eandem

331 2941 456 2975 vo1..
476 2940 560 2974 111.
1344 2940 1379 2973 N
1397 2939 1434 2973 N

1619 390 1722 423 CAP.
1738 390 1788 423 11.

1612 491 1655 518 Dc
1668 491 1781 519 here-i.
