1968 3236
703 280 773 313 DE
801 279 1076 314 clvrrA‘rss.
1498 268 1594 311 223

646 508 861 556 CAPUT
898 507 1135 555 XXVIII.

610 624 670 655 DE
694 624 842 656 POENJS
869 625 927 656 ET
954 623 1173 656 PRAEMHS.

195 700 379 757 Poeua,
426 700 605 748 malum
651 708 743 759 est,
789 700 1164 765 transgressori
1210 699 1343 764 legis
1384 698 1591 746 author·
1610 713 1872 746 CAP.xxv111

195 774 324 823 itate
338 774 550 839 publica
576 777 828 838 inflictum,
854 793 909 823 eo
918 778 1045 839 fine,
1079 769 1141 823 ut*
1158 782 1356 823 terrore
1380 775 1488 837 ejus
1513 791 1593 823 vo-
1646 768 1837 847 m

195 849 413 898 luntates
433 851 605 899 civium
626 853 698 900 acl
718 852 1047 900 obedientiam
1072 852 1456 915 cmfformentur.
1647 853 1825 891 ammi*

265 927 542 990 Antequam
558 929 619 975 ab
636 929 728 976 hac
747 929 1031 976 definitione
1048 928 1309 991 quicquam
1334 926 1590 984 deducam,

197 1003 454 1066 quaestioni
490 1004 772 1051 nonnullius
807 1003 1044 1051 momenti
1080 1002 1478 1066 respondendum
1501 1010 1591 1061 est,

195 1093 390 1141 nempe,
406 1078 536 1126 unde
561 1079 717 1126 civem
741 1079 976 1142 puniendi
1000 1080 1080 1142 jus
1099 1079 1150 1126 in
1169 1095 1285 1126 casu
1301 1093 1593 1142 quocunque

198 1161 363 1201 ortum
398 1154 477 1201 sit.
563 1155 881 1202 Manifestum
925 1154 1054 1201 enim
1092 1162 1166 1202 est
1199 1162 1345 1218 pacto
1386 1153 1594 1217 obligari

197 1243 341 1292 posse
373 1229 634 1287 neminem,
661 1230 707 1277 vi
740 1230 888 1278 illatae
913 1246 1012 1277 non
1045 1230 1302 1285 resistere;
1340 1230 1505 1292 itaque
1539 1237 1596 1277 ut

199 1304 308 1367 quis
331 1304 559 1367 cuiquam
579 1306 659 1368 jus
677 1305 869 1353 dederit
887 1305 985 1352 vim
1003 1305 1094 1352 sibi
1113 1306 1368 1363 inferendi,
1388 1305 1595 1368 intelligi

199 1395 300 1427 non
328 1387 506 1443 potest.
580 1381 636 1428 In
678 1381 876 1428 civitate
913 1380 1227 1439 instituenda,
1260 1381 1595 1444 unusquisque

199 1454 349 1502 alium
395 1455 593 1518 quidem
635 1455 950 1520 defendend‘f
974 1457 1055 1519 jus
1101 1455 1319 1519 deponit,
1366 1456 1453 1504 sed
1496 1472 1597 1504 non

199 1530 412 1594 seipsum
437 1530 731 1579 defendendi
750 1534 831 1595 jus
863 1473 1108 1595 relinquit.
1182 1532 1406 1595 Seipsum
1430 1532 1595 1589 etiam,

199 1606 252 1654 in
287 1606 537 1669 puniendo
575 1607 680 1655 cive
722 1607 818 1655 alio
860 1623 1168 1670 quocunque,
1208 1607 1294 1666 illi,
1337 1608 1420 1671 qui
1467 1624 1599 1655 sum-

200 1696 332 1729 mam
366 1681 514 1729 habet
548 1690 863 1745 potestatem,
892 1682 1116 1730 auxiliari
1139 1683 1355 1746 obligat;
1393 1683 1481 1732 sed
1499 1700 1599 1732 non

200 1756 254 1805 in
298 1757 457 1821 seipso
502 1758 767 1821 puniendo.
839 1758 937 1806 Sed
973 1758 1207 1806 auxilium
1241 1759 1372 1807 ferre
1409 1775 1599 1808 summo

200 1832 463 1896 imperanti
485 1849 587 1881 non
609 1840 683 1881 est
701 1834 783 1897 jus
805 1833 877 1881 illi
896 1833 1013 1882 dare
1032 1850 1327 1898 quemquam
1344 1835 1598 1899 puniendi.

203 1907 527 1956 Manifestum
550 1925 668 1972 ergo
692 1915 767 1956 est
784 1909 865 1972 jus
887 1909 1139 1973 puniendi,
1159 1910 1292 1973 quod
1314 1910 1463 1959 habet
1482 1911 1600 1959 civi-

206 1991 300 2043 tas,
320 1984 373 2032 id
391 1991 480 2042 est,
497 1984 538 2032 is
554 1985 637 2048 qui
659 2001 919 2048 personam
943 1985 1073 2049 gerit
1090 1985 1319 2044 civitatis,
1337 1986 1600 2035 fundatum

202 2075 303 2108 non
338 2075 444 2108 esse
478 2059 530 2108 in
565 2061 881 2109 concessione
915 2062 1016 2108 sive
1049 2062 1211 2125 gratia
1233 2062 1430 2110 civium.
1501 2063 1600 2111 Sed

203 2144 456 2184 ostensum
491 2137 640 2185 etiam
665 2153 812 2201 supra
835 2145 926 2196 est,
951 2137 1084 2200 quod
1106 2146 1221 2186 ante
1244 2138 1457 2187 civitatis
1481 2155 1599 2186 con-

27 2258 30 2259 γ
204 2211 510 2260 stitutionem
555 2213 817 2276 unicuique
853 2213 1093 2276 quidlibet
1126 2214 1322 2277 agendi,
1357 2214 1491 2277 quod
1536 2213 1599 2261 ad

30 2280 43 2342 ’ς
205 2288 623 2336 conservationem
661 2289 736 2336 sui
768 2288 1019 2336 videretur
1041 2289 1134 2353 ipsi
1156 2290 1499 2348 necessarium,
1519 2290 1600 2352 jus

27 2406 46 2437 z
71 2406 73 2408 ,
205 2370 313 2411 erat
334 2363 575 2412 naturale.
645 2365 809 2427 Atque
831 2364 926 2412 hoc
944 2364 1083 2427 juris,
1100 2364 1232 2428 quod
1249 2365 1397 2412 habet
1415 2364 1600 2422 civitas,

205 2437 363 2487 civem
387 2439 638 2502 puniendi,
662 2439 1039 2488 fundamentum
1053 2456 1225 2487 verum
1242 2448 1331 2487 est.
1401 2439 1530 2487 Nam
1544 2447 1602 2487 ut

24 2450 51 2571 ξ
206 2513 338 2562 cives
353 2514 541 2563 civitati
555 2515 652 2563 tale
662 2516 744 2578 jus
760 2515 1106 2573 concederent,
1119 2515 1304 2563 frustra
1318 2522 1467 2569 esset;
1487 2514 1603 2577 quia

15 2575 49 2724 ξ
202 2588 286 2652 ius
308 2589 431 2637 illud
453 2590 717 2654 unicuique
741 2599 856 2639 ante
892 2607 922 2639 a
943 2599 1123 2639 natura
1144 2591 1314 2638 datum
1339 2598 1461 2638 erat.
1529 2590 1602 2638 Eo

206 2671 390 2724 tamen,
416 2666 548 2729 quod
565 2668 646 2730 jus
670 2683 812 2714 suum
848 2668 1181 2730 unusquisque
1216 2666 1525 2729 deposuerat,
1561 2665 1601 2712 is

13 2725 50 2815 §j
209 2740 294 2802 qui
329 2756 570 2789 summam
605 2742 817 2790 habebat
850 2750 1162 2806 potestatem,
1199 2750 1391 2789 tantum
1424 2741 1601 2788 virium

14 2814 45 2872 Ξῖ
208 2823 381 2864 nactus
413 2824 503 2875 est,
526 2825 584 2864 ut
604 2818 715 2880 jure
738 2833 826 2866 suo
850 2818 1062 2866 naturali
1085 2817 1148 2865 ad
1171 2817 1600 2880 praeservationem

210 2889 391 2940 civium
407 2891 627 2941 omnium
641 2893 845 2942 arbitrio
868 2909 957 2941 suo
980 2893 1053 2942 uti
1074 2892 1252 2956 potuit.
1326 2892 1501 2956 Itaque
1519 2893 1600 2956 jus
