1968 3236
146 385 249 417 CAP.
267 384 396 418 XLVI.

168 439 358 462 -fd

166 480 211 507 De
226 480 350 508 tenebris

163 523 201 551 ab
220 523 301 551 inani

163 566 353 604 philosophia.

414 243 508 286 500
743 251 813 284 DE
841 251 1028 285 nnoNo
1055 250 1455 285 TENEBRARUM.

481 363 735 422 Praeterea,
762 379 879 426 quas
914 363 963 410 in
998 363 1212 426 physicis
1246 379 1410 411 rerum
1438 379 1606 411 causas
1629 361 1790 410 reddi-

416 438 591 486 derunt
631 438 893 493 absurdas;
930 445 1001 496 ut,
1036 438 1166 500 quod
1207 437 1534 487 descensionis
1568 439 1791 502 gravium

415 530 560 561 causa
579 514 641 560 sit
663 514 905 576 gravitas3
941 514 1197 576 gravitatis
1235 521 1398 562 autem
1436 530 1632 562 causam
1669 530 1790 573 esse,

414 588 544 651 quod
580 588 643 635 ad
678 594 898 635 centrum
930 596 1074 636 terrae
1098 589 1263 636 venire
1287 589 1668 637 conservationis
1691 605 1792 637 suae

413 680 558 712 causa
581 671 828 726 appetant.
901 664 1048 712 Quod
1081 664 1211 712 idem
1245 681 1438 728 corpus,
1462 665 1585 712 nihil
1623 665 1791 712 addito

411 756 567 802 neque
585 739 829 802 ademptO,
853 740 999 787 modo
1023 742 1196 804 majus,
1217 741 1364 789 modo
1388 741 1548 789 minus
1572 741 1635 789 sit
1655 762 1667 795 ;
1703 741 1794 788 sci-

412 815 526 862 licet
549 831 636 878 per
661 814 1090 863 condensationem
1114 825 1164 864 et
1181 816 1574 864 rarefactionem.
1645 816 1793 865 Quod

412 890 574 938 anima
598 898 792 938 creatur
817 891 1136 955 iffandendO,
1162 900 1212 940 et
1235 892 1511 940 infunditur
1538 893 1754 941 creando
1773 911 1792 948 ;

413 982 688 1029 quanquam
724 966 976 1030 Scriptura
1007 967 1140 1015 dicat
1172 969 1337 1016 omnia
1368 976 1533 1017 creata
1567 984 1671 1016 esse
1704 984 1794 1031 per

410 1043 612 1090 verbum
636 1043 743 1090 Dei.
803 1043 949 1092 Quod
966 1060 1055 1107 pro
1072 1045 1228 1092 causis
1247 1045 1500 1108 assignant
1518 1044 1794 1109 qualitates

411 1117 647 1176 occultae,
663 1118 1007 1182 sympathiam,
1024 1120 1374 1184 antipathiam,
1393 1120 1792 1184 antiperistasin,

411 1192 685 1256 qualitates
708 1193 988 1258 specifica-9,
1024 1194 1142 1242 item
1178 1211 1344 1242 casam
1381 1196 1482 1242 sive
1504 1195 1792 1259 fortunam,

410 1268 463 1315 id
499 1276 585 1327 est,
611 1285 747 1316 suam
784 1270 1001 1332 ipsorum
1039 1270 1399 1334 ignorantiam;
1437 1271 1628 1319 sublata
1664 1271 1793 1318 enim

411 1344 702 1407 ignorantia,
728 1345 847 1408 quid
871 1353 946 1393 est
968 1354 1054 1393 aut
1075 1346 1300 1409 fortuna
1335 1353 1420 1393 aut
1452 1346 1678 1410 qualitas
1712 1362 1794 1394 oc-

412 1419 594 1469 culta?
666 1421 813 1469 Quod
851 1421 1008 1469 omnis
1044 1429 1149 1469 tum
1184 1423 1360 1481 sensio,
1386 1429 1492 1469 tum
1529 1421 1794 1470 intellectio

411 1495 468 1542 fit
490 1511 577 1558 per
600 1503 788 1543 motum
813 1496 1056 1559 quendam
1080 1497 1366 1560 specierum.
1428 1497 1562 1546 Quid
1586 1504 1661 1544 est
1686 1512 1794 1560 spe-

411 1570 509 1618 cies
530 1571 545 1618 ?
616 1572 811 1634 Species
858 1579 946 1630 est,
986 1581 1044 1619 ut
1089 1572 1251 1620 sciunt
1297 1588 1465 1620 omnes
1514 1572 1599 1636 qui
1642 1572 1793 1620 latine

412 1646 586 1705 sciunt,
622 1647 779 1695 forma
814 1648 887 1695 rei
924 1655 1125 1711 aspectu
1161 1648 1374 1711 cognita,
1401 1656 1630 1696 constans
1655 1664 1714 1696 ex
1737 1649 1794 1695 fi-

411 1737 535 1784 gura
558 1729 608 1769 et
631 1722 792 1770 colore
815 1744 826 1778 ;
865 1723 1020 1787 qualis
1046 1730 1119 1771 est
1153 1723 1338 1786 species
1374 1723 1516 1771 faciei
1551 1724 1793 1781 humanae,

414 1813 558 1859 quam
583 1798 771 1845 vultum
803 1806 853 1845 et
877 1806 1130 1863 aspectum
1154 1799 1373 1846 dicimus.
1445 1799 1640 1862 Species
1676 1815 1793 1863 ergo

414 1871 513 1919 sive
536 1872 697 1920 vultus
737 1890 902 1922 rerum
939 1882 1025 1922 aut
1058 1875 1319 1923 intromitti
1345 1875 1515 1923 dicunt
1537 1875 1587 1923 in
1612 1875 1793 1935 oculos,

414 1955 462 1994 et
487 1947 554 1995 sic
578 1949 731 1997 videri
753 1971 764 2006 ;
791 1960 877 1998 aut
893 1951 1076 2014 species
1092 1951 1326 2015 quasdam
1351 1967 1436 1998 seu
1453 1951 1617 2000 vultus
1630 1968 1795 1999 rerum

413 2023 572 2071 emitti
595 2025 658 2072 ad
693 2027 955 2088 objectum,
981 2034 1030 2074 et
1053 2028 1122 2075 sic
1145 2027 1299 2075 videri
1324 2028 1589 2091 objectum.
1658 2028 1795 2075 Non-

414 2098 529 2146 dum
548 2100 678 2147 enim
702 2101 831 2149 inter
858 2103 1186 2150 Scholasticos
1206 2119 1496 2151 consensum
1518 2111 1607 2162 est,
1623 2119 1686 2150 an
1710 2119 1796 2151 ex-

414 2175 735 2224 tramittendo
783 2193 845 2224 an
893 2178 1266 2226 intromittendo
1313 2178 1498 2242 species
1534 2179 1622 2226 fiat
1657 2179 1794 2227 visio.

412 2249 572 2298 Etiam
598 2251 782 2310 audire,
799 2253 1023 2311 olfacere,
1043 2261 1257 2316 gustare,
1281 2253 1552 2317 intelligere
1575 2269 1663 2317 per
1687 2270 1795 2318 spe-

413 2325 509 2373 cies
534 2325 718 2385 dicunt,
742 2344 829 2391 per
853 2344 1009 2387 aures,
1034 2345 1190 2386 nareS,
1227 2336 1277 2377 et
1306 2345 1490 2392 organa
1520 2329 1796 2378 intellectus

412 2406 732 2450 transeuntes.
826 2403 973 2452 Quod
1018 2405 1268 2452 aeternitas
1314 2421 1414 2453 non
1460 2404 1523 2452 sit
1562 2405 1795 2468 temporis

414 2475 514 2524 sine
538 2478 634 2525 fine
658 2485 743 2526 aut
766 2479 1007 2543 principio
1033 2480 1288 2536 successio,
1315 2480 1400 2528 sed
1418 2497 1543 2528 nunc
1561 2486 1719 2539 stam,
1743 2480 1795 2528 id

414 2560 503 2606 est,
527 2553 655 2601 idem
679 2572 804 2603 mmc
828 2555 969 2603 nobis
993 2571 1112 2614 esse,
1146 2556 1276 2619 quod
1301 2564 1407 2604 erat
1430 2572 1555 2604 nunc
1586 2555 1794 2615 Adamo,

413 2627 464 2674 id
499 2636 586 2687 est,
611 2630 738 2678 inter
761 2647 886 2679 nunc·
910 2637 959 2678 et
983 2637 1096 2679 tanc
1119 2632 1303 2679 nullam
1327 2648 1430 2680 esse
1455 2631 1792 2679 differentiam.

415 2702 554 2759 Haec,
574 2704 788 2768 inquam,
809 2706 922 2769 quia
936 2721 1035 2754 non
1051 2706 1334 2764 miscentur,
1352 2707 1485 2769 quod
1501 2707 1665 2765 sciam,
1682 2721 1794 2754 cum

414 2777 636 2828 doctrina
657 2780 771 2828 fidei
796 2781 1087 2839 Christiana,
1112 2781 1199 2829 sed
1223 2797 1453 2845 responsa
1469 2789 1583 2829 sunt
1601 2788 1794 2830 tantum

412 2852 627 2915 physica,
660 2870 717 2902 eo
754 2856 851 2903 fine
877 2854 1006 2914 data,
1044 2872 1105 2903 ne
1137 2872 1232 2904 non
1272 2857 1520 2905 videretur
1556 2857 1795 2921 sapientia
