1968 3236
691 213 762 247 DE
791 213 1063 248 civt‘rarss.
1463 207 1559 249 255

178 322 415 371 Homines
438 323 615 371 divinae
638 324 887 387 potentiae,
911 325 1061 372 velint
1092 324 1265 382 nolint,
1290 323 1555 387 subjiciun-
1602 350 1842 383 cmgxxxh

174 404 287 453 tur;
323 406 374 449 et
404 399 487 462 qui
520 399 826 447 existentiam
857 401 932 448 vel
961 399 1316 464 providentiam
1340 399 1554 447 divinam
1593 406 1805 483 HJJ

174 488 275 521 non
294 483 579 537 agnoscent,
603 491 701 522 non
716 476 888 538 jugum
912 476 1176 533 excutient,
1201 475 1287 523 sed
1308 475 1557 538 propriam
1596 490 1650 518 nei
1665 489 1799 518 naturali

174 547 391 612 ipsorum
414 550 834 613 tranquillitatem.
905 552 1130 599 Potentia
1142 547 1246 599 haec
1261 551 1440 607 divina,
1459 567 1559 598 non

173 623 320 672 modo
345 640 491 688 super
513 641 666 688 genus
692 626 973 685 humanum,
998 626 1084 674 sed
1108 627 1256 674 etiam
1280 642 1426 690 super
1459 626 1562 674 ani-

173 699 322 747 malia
355 709 549 758 caetera,
585 710 732 763 atque
768 701 914 748 etiam
950 718 1094 765 super
1133 718 1210 750 res
1255 702 1560 761 inanimatas,

172 775 502 838 metaphorice
518 784 711 823 tantum
728 792 932 839 regnum
948 777 1141 825 dicitur.
1178 778 1401 840 Regnare
1415 778 1560 836 enim,

171 851 368 914 proprie
382 859 575 914 sumpto
592 852 754 910 verbo,
772 859 846 899 est
861 852 1167 916 imperanda,
1182 853 1427 910 minandO,
1435 869 1561 917 pro-

172 925 411 974 mittendo
436 942 622 990 regere.
710 927 903 974 Subditi
937 943 1054 991 ergo
1086 928 1136 975 in
1168 944 1319 990 regno
1346 928 1438 975 Dei
1461 945 1560 976 non

172 1010 289 1049 sunt
320 1017 398 1049 res
434 1002 731 1059 inanimatae,
756 1018 914 1064 neque
950 1012 1188 1051 creaturae
1221 1003 1559 1060 irrationales;

172 1076 289 1141 quia
309 1087 558 1140 praecepta
582 1077 747 1124 divina
764 1077 897 1124 nulla
912 1078 1208 1140 intelligunt:
1233 1094 1393 1140 neque
1412 1079 1559 1138 athei,

171 1159 258 1200 aut
281 1152 364 1215 qui
387 1152 636 1199 actionum
660 1152 978 1199 humanarum
1006 1168 1173 1200 curam
1205 1153 1309 1201 Deo
1333 1169 1437 1202 esse
1460 1171 1561 1202 non

171 1227 450 1274 existimant
470 1247 482 1282 ;
508 1236 766 1290 propterea
790 1227 921 1290 quod
941 1222 1131 1290 ‘mullum
1146 1237 1417 1291 agnoscunt
1435 1246 1560 1293 prae-

171 1311 367 1366 ceptum
400 1302 632 1350 divinum.
703 1303 801 1351 Qui
825 1319 942 1366 ergo
967 1304 1174 1351 credunt
1197 1305 1355 1352 Deum
1379 1321 1484 1353 esse
1509 1314 1560 1354 et

170 1378 364 1441 generis
386 1378 586 1426 humani
612 1394 779 1426 curam
802 1394 988 1441 gerere,
1014 1388 1064 1427 et
1086 1388 1332 1443 praessepta
1355 1380 1446 1428 Dei
1474 1397 1560 1445 ag-

170 1462 396 1513 noscunt,
420 1455 471 1502 in
495 1470 646 1517 regno
670 1454 762 1502 Dei
793 1454 882 1502 soli
918 1455 1047 1503 cives
1083 1464 1226 1510 sunt;
1262 1455 1436 1518 reliqui
1469 1473 1559 1519 pro

171 1529 393 1578 hostibus
424 1530 611 1578 censeri
651 1530 824 1577 solent.
895 1530 964 1578 Ut
1000 1531 1108 1594 quis
1144 1531 1304 1578 verbis
1344 1539 1557 1594 regatur,

170 1605 436 1668 requiritur
457 1613 513 1653 ut
534 1606 685 1653 verba
706 1605 968 1668 intelligat;
1004 1606 1122 1668 quia
1132 1605 1217 1663 illi,
1231 1605 1326 1653 nisi
1349 1606 1443 1654 hoc
1456 1608 1558 1664 fiat,

169 1680 301 1744 leges
323 1697 423 1728 non
446 1690 593 1737 sunt;
630 1697 742 1729 cum
772 1680 836 1728 ad
867 1681 1128 1732 essentiam
1161 1681 1282 1744 legis
1313 1682 1557 1745 pertineat

167 1756 425 1820 perspicua
459 1757 805 1820 promulgati0,
832 1756 987 1819 qualis
1027 1756 1318 1821 ignorantiae
1358 1773 1558 1806 excusa-

167 1831 351 1880 tionem
366 1832 685 1895 peccantibus
701 1832 874 1880 tollere
891 1832 1112 1880 sufficiat.
1182 1833 1559 1896 Promulgantur

168 1914 334 1955 autem
356 1907 488 1971 leges
499 1907 688 1956 'divinae
706 1908 862 1955 tribus
878 1907 1036 1955 modis
1057 1929 1070 1963 ;
1105 1923 1280 1971 nempe
1297 1925 1385 1972 per
1404 1909 1558 1957 dicta-

168 1997 283 2030 men
302 1983 516 2031 rationis
535 1983 790 2031 naturalis
805 2003 822 2038 ,·
847 1999 936 2047 per
955 1982 1304 2031 revelationem
1319 2003 1338 2039 ;
1373 1985 1450 2032 vel
1469 2001 1558 2048 per

167 2073 330 2106 vocem
347 2058 551 2122 alicujus
571 2059 795 2118 hominis,
814 2059 893 2107 cui
910 2058 1056 2107 fidem
1070 2058 1201 2122 apud
1215 2066 1417 2108 caeteros
1439 2060 1559 2108 fecit

168 2132 302 2182 Deus
323 2149 412 2198 per
435 2134 769 2198 operationem
791 2134 1151 2182 miraculorum.
1219 2135 1418 2199 Triplex
1440 2152 1557 2199 ergo

169 2207 531 2271 quodammodo
547 2209 645 2257 dici
661 2218 825 2273 potest
848 2225 953 2257 esse
975 2209 1179 2258 verbum
1203 2210 1309 2269 Dei,
1327 2211 1558 2259 nimirum

169 2283 437 2344 rationale,
455 2284 705 2344 sensibile,
725 2292 775 2333 et
788 2285 1139 2350 propheticum
1158 2304 1176 2340 ‚·
1201 2286 1280 2333 cui
1295 2286 1557 2350 respondet

167 2358 346 2423 triplex
379 2376 535 2423 genus
566 2361 797 2409 audiendi
824 2361 998 2419 Deum,
1022 2377 1197 2424 nempe
1229 2368 1372 2409 recta
1402 2362 1554 2420 ratio,

168 2448 341 2482 sensus
363 2436 787 2500 mpernaturalis,
811 2445 862 2484 et
867 2435 1025 2498 fides.
1096 2437 1276 2485 Sensus
1294 2443 1458 2484 autem
1474 2453 1556 2484 su-

26 2548 34 2555 ,
79 2499 82 2503 ’
157 2510 533 2572 pernaturaliS,
570 2527 682 2558 cum
714 2511 779 2559 sit
807 2511 930 2558 nihil
958 2511 1091 2559 aliud
1131 2527 1276 2575 quam
1314 2512 1554 2560 revelatio

167 2581 354 2632 homini
377 2585 612 2649 singulari
630 2586 777 2645 facta,
796 2587 932 2635 illum
950 2586 1108 2635 solum
1125 2587 1310 2650 obligat
1329 2587 1406 2635 cui
1424 2588 1556 2636 facta

167 2666 260 2706 est.

235 2733 281 2780 A
303 2733 577 2782 differentia
599 2735 727 2783 inter
748 2735 938 2799 reliqua
959 2736 1058 2784 duo
1082 2736 1217 2783 verbi
1240 2735 1391 2784 divini
1406 2752 1555 2799 gene-

170 2822 240 2867 ra,
264 2809 518 2858 rationale
547 2817 598 2858 et
630 2811 994 2875 propheticum,
1018 2811 1220 2859 attribui
1249 2811 1354 2860 Deo
1393 2820 1555 2876 potest
