1910 3236
408 207 470 258 78
929 220 1000 252 DE
1028 219 1271 254 HOMINE.

158 355 349 388 CAp,X1‚
405 331 707 379 diversorum
746 331 997 379 hominum
1039 330 1254 380 diversas
1293 331 1571 394 passiones;
1611 331 1792 394 partim

159 412 357 479 me
405 408 555 456 etiam
578 414 778 471 propter
802 406 1128 454 differentiam
1146 406 1445 470 opinionum,
1465 422 1585 470 quas
1607 407 1793 454 habent

159 503 282 522 morum·
407 483 585 531 diversi
611 483 833 531 homines
869 482 999 530 circa
1030 498 1214 542 causas,
1246 499 1276 530 a
1308 483 1482 546 quibus
1514 498 1592 531 res
1627 483 1792 546 cupita

406 560 468 607 sit
491 558 819 622 producenda.

472 635 633 682 Primo
652 650 768 697 ergo
787 634 895 681 loco
919 649 1067 696 pono,
1085 649 1273 681 morem
1296 633 1512 681 omnium
1535 633 1790 681 hominum

405 726 522 769 esse,
564 718 621 757 ut
665 717 904 773 perpetuo
951 716 1099 772 atque
1145 709 1476 756 indesinenter
1520 709 1790 772 potentiam

403 802 550 832 unam
580 792 694 848 post
725 785 870 832 aliam
901 800 988 847 per
1012 801 1207 832 omnem
1229 784 1381 831 vitam
1404 791 1789 847 persequantur;

403 877 504 908 non
539 860 668 923 quod
708 861 815 924 quis
849 862 1085 924 majorem
1122 861 1223 908 sive
1250 860 1567 908 intensiorem
1600 876 1792 924 semper

404 944 579 1000 speret,
605 953 751 1000 quam
777 953 872 1000 qua
901 938 1004 1001 jam
1034 937 1229 995 fruitur,
1252 952 1412 999 neque
1437 936 1570 999 quod
1597 936 1792 984 modica

402 1013 624 1076 potentia
653 1020 914 1061 contentus
944 1029 1047 1061 esse
1076 1029 1177 1060 non
1204 1012 1386 1075 possit3
1425 1011 1511 1059 sed
1541 1012 1672 1074 quod
1702 1028 1790 1074 po-

402 1089 608 1136 tentiam
639 1096 689 1136 et
715 1089 841 1136 bene
864 1088 1059 1136 vivendi
1090 1088 1347 1136 facultates
1379 1095 1644 1150 praesentes
1673 1103 1790 1135 con-

402 1180 594 1212 servare
621 1180 720 1212 non
755 1165 924 1227 possit,
949 1164 1045 1212 nisi
1080 1163 1378 1227 acquirendo
1400 1163 1556 1226 plura.
1626 1163 1806 1226 Atque·

399 1241 515 1288 hinc
540 1248 628 1298 est,
653 1240 786 1303 quod
807 1256 964 1303 reges,
989 1256 1196 1303 quorum
1219 1239 1441 1302 potentia
1464 1246 1537 1286 est
1560 1239 1787 1299 maxima,

400 1316 463 1364 ad
483 1332 591 1364 eam
607 1323 713 1363 tum
733 1315 864 1363 domi
878 1315 1083 1379 legibus,
1100 1323 1207 1363 tum
1223 1315 1342 1362 foris
1360 1315 1507 1362 armis
1531 1315 1789 1363 tutandam

401 1407 452 1439 se
490 1399 795 1439 convertant.
864 1391 1027 1439 Etiam
1062 1390 1258 1454 quando
1295 1391 1389 1438 hoc
1425 1407 1620 1454 quoque
1655 1398 1789 1440 reete

400 1467 648 1523 successit,
673 1466 913 1530 cupiditas
943 1466 1098 1514 oritur
1127 1466 1223 1514 alia
1253 1482 1393 1524 nova,
1419 1474 1504 1514 aut
1531 1465 1674 1514 famae
1703 1474 1789 1514 aut

398 1542 703 1605 voluptatum
728 1557 981 1590 novarum.

467 1618 775 1675 Divitiarum,
789 1617 1047 1675 honorum,
1063 1616 1269 1679 imperii,
1285 1617 1362 1663 vel
1377 1617 1611 1679 potentiae
1626 1618 1787 1680 cujus-

398 1709 588 1756 cunque
623 1692 863 1755 cupiditas
899 1691 1114 1755 disponit
1143 1692 1393 1739 hominem
1422 1691 1486 1739 ad
1516 1693 1789 1741 contentio·

396 1785 525 1827 nem,
560 1768 853 1826 inimicitias,
897 1774 945 1815 et
984 1767 1195 1819 bellum;
1246 1768 1618 1830 competitorem
1655 1768 1786 1816 enim

396 1844 684 1902 interficere,
719 1843 930 1902 vincere,
969 1850 1017 1891 et
1053 1843 1492 1906 quomodocunque
1534 1843 1784 1906 repellere,

395 1920 705 1984 competitori
724 1920 864 1967 alteri
882 1920 943 1967 ab
962 1919 1283 1967 obtinendum
1298 1919 1431 1982 quod
1445 1920 1582 1983 cupit
1595 1920 1675 1967 via
1693 1927 1783 1968 est.

463 1996 642 2044 Laudis
678 1995 962 2059 competitio
996 1994 1362 2042 venerationem
1396 1994 1625 2057 producit
1658 1997 1785 2044 anti-

395 2072 611 2136 quitatis.
682 2072 810 2119 Nam
853 2071 938 2133 qui
983 2071 1168 2129 vivunt,
1211 2087 1322 2118 cum
1362 2071 1639 2119 viventibus
1681 2087 1781 2120 non

395 2163 505 2196 cum
524 2147 730 2195 mortuis
749 2146 1070 2204 contendunt,
1090 2154 1140 2194 et
1162 2146 1238 2193 his
1262 2146 1370 2209 plus
1390 2147 1522 2209 justo
1540 2147 1782 2208 tribuunt,

393 2229 450 2270 ut
473 2222 533 2270 ab
558 2221 652 2269 illis
677 2221 887 2269 demant.

462 2297 713 2360 Cupiditas
745 2296 832 2344 otii
863 2303 913 2344 et
939 2295 1205 2359 voluptatis
1237 2295 1450 2359 disponit
1472 2296 1696 2345 homines
1719 2297 1783 2346 ad

393 2372 664 2438 parendum
695 2372 930 2436 potentiae
961 2371 1105 2419 alicui
1129 2371 1405 2426 communi;
1443 2373 1556 2435 quia
1579 2381 1783 2436 propter

393 2448 688 2513 cupiditates
722 2447 845 2504 illas,
877 2446 1101 2494 homines
1134 2446 1422 2510 potentiam,
1456 2463 1603 2510 quam
1633 2464 1664 2496 a
1694 2463 1783 2497 sua

393 2525 612 2588 ipsorum
646 2523 886 2571 industria
922 2538 1117 2586 sperare
1149 2528 1394 2586 poterant,
1420 2523 1779 2587 derelinquunt.

394 2599 559 2647 Metus
599 2598 770 2646 mortis
811 2596 1037 2645 violentae
1079 2602 1130 2644 et
1167 2597 1422 2645 vulnerum
1464 2598 1678 2662 disponit
1717 2600 1782 2649 ad

391 2674 537 2733 idem,
557 2681 606 2722 et
628 2681 831 2738 propter
853 2688 1049 2720 causam
1073 2671 1294 2720 eandem.
1366 2673 1603 2722 Homines
1625 2674 1780 2739 indigi

391 2749 634 2813 iidemque
648 2751 815 2807 fortes,
835 2764 927 2796 nec
945 2755 1078 2796 sorte
1102 2764 1189 2796 sua
1206 2749 1441 2806 contenti,
1462 2750 1611 2798 etiam
1624 2750 1780 2798 hono-

391 2825 457 2872 ris
481 2824 704 2873 militaris
727 2823 988 2882 ambitiosi,
1007 2823 1332 2887 disponuntur
1355 2824 1418 2872 ad
1440 2826 1569 2874 bella
1585 2833 1635 2875 et
1652 2825 1779 2874 sedi—
