1968 3236
360 207 453 251 304
682 218 752 251 DE
781 215 1037 251 olver'rE
1066 215 1423 249 CHRISTIANA.

75 346 341 381 mnxxxvn
358 329 520 386 homo,
546 328 637 376 scit
659 335 822 375 tamen
847 343 956 389 quae
981 326 1189 374 dicimus
1221 334 1270 374 et
1299 326 1518 374 facimus,
1590 325 1748 374 Caete-

35 424 38 428 ⁴
96 402 312 471 „mi
359 421 468 451 rum
504 404 652 450 verba
692 403 774 450 illa
816 401 1014 449 Davidis
1052 417 1150 449 non
1190 408 1440 465 ponuntur
1468 401 1531 449 ad
1559 409 1749 449 naturae

94 486 290 524 etprophetis-
360 479 536 527 divinae
561 478 956 536 declarationem,
982 477 1065 525 sed
1097 478 1159 525 ad
1186 478 1451 526 voluntatis
1480 485 1661 526 nostrae
1696 477 1748 525 in

358 556 463 602 Deo
500 554 785 602 honorando
825 554 1246 616 significationem.
1316 554 1494 601 Videre
1535 554 1667 601 enim
1698 561 1748 600 et

358 631 536 677 andire
565 636 678 677 sunt
710 629 946 677 attributa
973 630 1188 689 honoris,
1213 637 1263 677 et
1286 630 1390 677 Deo
1414 629 1615 678 attribui
1637 645 1748 692 pos-

358 714 487 753 sunt.
558 705 655 753 Sed
691 705 731 752 si
770 705 822 752 in
863 706 1063 769 propria
1101 714 1152 753 et
1185 706 1357 753 stricta
1391 705 1747 768 significatione

358 788 677 838 sumerentur,
702 797 731 827 a
759 781 948 828 caeteris
986 781 1133 828 etiam
1170 781 1391 844 partibus
1416 781 1633 844 corporis
1656 781 1750 828 hu-

356 857 487 904 mani
533 865 823 920 argumenta
864 857 1040 904 similia
1076 856 1201 904 sumi
1247 864 1462 919 possent,
1498 856 1747 904 tribuendi

356 932 460 980 Deo
503 940 703 980 caeteras
750 948 918 980 omnes
964 932 1180 980 actiones
1225 932 1491 987 humanas;
1541 948 1748 995 quarum

357 1008 577 1071 plurimae
618 1014 783 1071 turpes
825 1015 954 1064 sunt,
994 1015 1042 1055 et
1087 1007 1291 1070 proinde
1332 1007 1598 1055 attribuere
1638 1007 1745 1055 illas

358 1084 461 1131 Deo
486 1084 782 1132 contumelia
805 1084 1017 1131 maxima
1039 1092 1181 1132 esset.
1252 1084 1426 1147 Itaque
1456 1099 1626 1131 vocem
1655 1083 1747 1131 Dei

357 1160 419 1207 ad
441 1160 661 1207 homines
687 1160 1018 1208 immediatam
1055 1176 1246 1207 sumere
1271 1167 1468 1223 oportet
1492 1176 1550 1207 eo
1583 1158 1746 1217 modo,

357 1236 631 1299 quicunque
655 1236 695 1283 is
720 1236 799 1294 sit,
822 1252 910 1299 per
942 1252 1087 1299 quem
1117 1236 1236 1283 facit
1273 1236 1405 1283 Deus
1430 1243 1484 1283 ut
1519 1235 1746 1283 voluntas

355 1327 442 1359 sua
486 1312 805 1374 intelligatur.
884 1311 1023 1359 Modi
1069 1320 1250 1367 autem,
1293 1312 1468 1375 quibus
1513 1310 1564 1358 id
1608 1310 1744 1368 facit,

353 1387 495 1435 multi
519 1395 648 1446 sunt,
666 1395 713 1436 et
737 1388 789 1435 in
814 1387 1078 1451 Scripturis
1104 1387 1266 1435 Sacris
1287 1387 1401 1435 solis
1425 1386 1721 1450 reperiundi.

419 1463 498 1510 Ad
531 1463 789 1522 Adamum,
814 1464 980 1522 Evam,
1006 1471 1056 1510 et
1093 1463 1214 1511 Cain
1250 1463 1480 1526 loquutus
1513 1469 1586 1510 est
1610 1462 1743 1510 Deus

353 1554 471 1586 voce
500 1539 870 1602 supernaturali.
943 1538 1202 1587 Quomodo
1239 1538 1471 1601 loquutus
1504 1545 1577 1586 est
1611 1538 1744 1586 Deus

353 1614 648 1674 Abrahamo,
673 1622 939 1678 antequam
974 1631 1000 1662 e
1034 1615 1194 1678 patria
1225 1630 1312 1661 sua
1341 1613 1552 1660 venisset
1580 1612 1644 1660 ad
1669 1613 1744 1660 Si-

353 1690 492 1737 chem
513 1690 880 1749 Cananaeorum,
906 1707 1006 1738 non
1033 1691 1232 1745 dicitur3
1259 1698 1377 1738 tunc
1402 1696 1567 1736 autem
1596 1689 1738 1750 (Gen.

352 1765 434 1812 xii.
461 1766 511 1826 7)
546 1765 726 1813 dicitur
762 1765 1067 1830 apparuisse
1104 1766 1162 1813 ei.
1234 1765 1372 1813 Unus
1404 1780 1520 1827 ergo
1552 1763 1741 1822 modus,

353 1857 450 1903 quo
486 1841 618 1888 Deus
652 1841 964 1904 praesentiam
1011 1841 1291 1898 declaravit,
1328 1847 1432 1887 erat
1478 1839 1742 1903 apparitio

353 1916 452 1963 sive
487 1916 627 1963 visio.
697 1917 900 1975 Rursus,
940 1917 1081 1978 (Gen.
1114 1933 1192 1964 xv.
1229 1917 1286 1978 1),
1319 1916 1520 1963 verbum
1544 1915 1742 1963 Domini

352 1991 487 2038 venit
510 1991 572 2038 ad
596 1991 928 2045 Abrahamum
953 1992 1004 2039 in
1030 1992 1232 2049 visione,
1257 1991 1309 2038 id
1332 1999 1421 2048 est,
1447 1990 1639 2053 signum
1655 1990 1743 2038 ali-

354 2066 487 2130 quod
504 2066 573 2114 illi
592 2068 819 2131 apparuit
837 2069 1110 2130 praesentiae
1130 2067 1323 2115 divinae.
1365 2066 1555 2114 Deinde
1574 2067 1743 2114 Domi-

352 2158 444 2189 nus
480 2141 619 2204 (Gen.
645 2143 776 2190 xviii.
810 2143 855 2204 1)
891 2144 1118 2207 apparuit
1154 2143 1432 2191 Abrahamo
1468 2142 1519 2189 in
1554 2142 1742 2190 visione

350 2217 496 2265 trium
535 2218 853 2282 angelorum;
891 2228 941 2267 et
983 2219 1300 2267 Abimelecho
1330 2219 1470 2278 (Gen.
1495 2235 1575 2266 xx.
1602 2219 1652 2280 3)
1690 2219 1742 2266 in

351 2293 567 2348 somnio;
605 2300 655 2340 et
694 2293 757 2340 ad
802 2295 894 2342 Lot
939 2295 1078 2354 (Gen.
1108 2295 1205 2343 xix.
1243 2295 1288 2356 l)
1339 2294 1390 2341 in
1436 2293 1741 2357 apparitione

352 2367 560 2415 duorum
583 2368 868 2431 angelorum
889 2390 900 2423 ;
937 2379 987 2416 et
1009 2370 1071 2417 ad
1097 2371 1267 2432 Hagar
1294 2369 1436 2430 (Gen.
1461 2368 1558 2415 xxi.
1588 2371 1665 2430 17)
1689 2369 1741 2416 in

351 2442 655 2505 apparitione
678 2443 822 2489 unius
850 2444 1025 2506 angeli.
1097 2445 1279 2492 Iterum
1312 2444 1375 2492 ad
1406 2443 1741 2492 Abrahamum

356 2517 497 2577 (Gen.
522 2517 637 2564 xxii.
670 2519 747 2576 ll)
770 2517 819 2564 in
844 2534 960 2564 voce
985 2535 1014 2566 a
1049 2521 1206 2574 coelo;
1242 2527 1292 2567 et
1325 2519 1387 2567 ad
1422 2519 1558 2567 Isaac
1598 2519 1739 2580 (Gen.

353 2592 480 2639 xxvi.
501 2592 585 2652 24)
614 2600 764 2639 noctu
788 2592 838 2639 in
862 2594 1047 2640 somnio
1069 2613 1085 2648 ‚·
1134 2603 1183 2642 et
1219 2595 1373 2643 Jacob
1403 2595 1544 2655 (Gen.
1571 2595 1739 2643 xxviii.

361 2673 434 2724 12,
472 2675 521 2714 et
558 2667 678 2715 Gen.
702 2666 849 2714 xxxii.
883 2667 928 2727 l)
970 2668 1020 2715 in
1055 2669 1241 2717 visione
1278 2670 1578 2733 angelorum.
1661 2670 1741 2718 Ad

354 2740 540 2789 Mosem
583 2742 758 2803 (Exod.
785 2741 851 2789 iii.
877 2742 928 2802 2)
973 2742 1023 2790 in
1048 2744 1232 2792 visione
1260 2746 1471 2792 flammae
1509 2752 1561 2792 et
1598 2745 1738 2793 rubo.

352 2816 510 2864 Etiam
546 2824 657 2879 post
683 2833 842 2865 aevum
867 2816 1036 2877 Mosis,
1061 2819 1142 2867 ubi
1167 2819 1341 2867 modus
1365 2819 1543 2867 divinae
1566 2819 1738 2883 loquu-
