1968 3236
506 250 576 283 ΒΕ
604 250 860 283 οινιτΑΤΕ
890 249 1246 283 cums'rlANA.
1470 239 1560 280 311

180 361 353 427 phetas
390 362 671 409 visionarios
711 371 783 409 tot
829 371 968 409 erant
1002 361 1133 418 rixae,
1169 357 1567 408 contendentium
1584 380 1851 413 01⁴2ssva

181 437 310 488 inter
331 453 398 494 se,
422 445 471 485 et
495 439 816 500 quaerentium
840 444 889 496 (2
908 437 1087 484 Chron.
1109 435 1239 484 xviii.
1257 436 1343 494 23)
1372 434 1567 497 quando
1608 436 1823 504 mei

181 513 417 561 discessit
441 530 473 559 a
498 530 570 559 me
595 513 821 576 Spi1·itu.s·
846 514 1008 559 iturus
1032 511 1103 559 acl
1132 518 1179 558 te
1198 514 1227 559 s?
1263 509 1569 558 vocantium·
1606 523 1635 546 et
1653 517 1811 555 Prophetis

182 603 278 653 que
301 603 353 635 se
376 597 547 635 mutuo
572 588 830 635 mendaces
868 589 943 646 (ut
965 588 1145 634 Jerern.
1173 587 1269 634 xiv.
1301 586 1379 646 14)
1404 606 1417 640 ;
1471 593 1571 633 tot-

183 679 278 728 que
305 664 652 711 controversiae
682 663 826 710 hodie
852 672 982 720 sunt,
1007 663 1096 710 sub
1123 662 1437 710 Testamento
1470 660 1571 708 No-

181 754 262 798 vo,
276 739 684 803 praetendentium
709 739 940 802 Spiritum
964 739 1217 790 Sanctum;
1243 736 1572 799 unusquisque

182 821 303 863 tunc
325 814 645 877 obligabatur,
670 823 718 861 et
743 830 872 861 nunc
898 813 1143 876 obligatur
1166 812 1355 860 ratione
1380 826 1468 859 sua
1489 827 1574 859 na·

183 889 330 938 turali
366 890 437 936 uti
472 889 534 937 ad
569 889 760 952 regulas
796 888 915 946 illas,
941 904 1060 951 quas
1097 888 1238 935 nobis
1272 886 1572 950 praesscripsit

184 965 317 1015 Deus
339 964 403 1012 ad
426 963 820 1027 distinguendum
848 964 977 1010 inter
995 978 1163 1010 verum
1189 972 1240 1010 et
1261 962 1435 1010 falsum
1460 978 1574 1025 pro-

183 1040 399 1105 phetam,
418 1041 767 1102 prophetarum
787 1039 1021 1087 doctrinis
1039 1038 1369 1102 applicandaS.
1440 1037 1575 1086 Qua-

185 1132 295 1165 rum
317 1115 595 1179 regularum
619 1117 708 1163 sub
730 1116 1044 1187 Testamenti,
1068 1115 1233 1162 Veteri
1257 1130 1356 1161 una
1374 1123 1494 1171 erat,
1518 1121 1576 1160 ut

186 1191 411 1240 doctrina
434 1191 686 1255 propbetae
720 1191 981 1239 conformis
1016 1198 1141 1238 esset
1169 1189 1406 1238 doctrinae
1430 1204 1577 1252 quam

187 1266 422 1315 docuerat
463 1267 702 1330 propheta
747 1282 1000 1329 supremus
1049 1266 1228 1323 MoseS,
1262 1281 1455 1328 nempe,
1491 1264 1576 1327 qui

187 1358 426 1391 summam
450 1342 620 1389 habuit
639 1343 689 1390 in
714 1342 886 1390 castris
911 1341 1239 1389 Israelitarum
1263 1349 1574 1404 potestatem.

189 1418 378 1481 Regula
410 1418 564 1466 altera
598 1426 719 1475 erat,
743 1427 797 1465 ut
832 1427 996 1481 posset
1030 1417 1265 1465 miracula
1292 1416 1498 1480 operari,
1521 1422 1578 1463 ut

188 1501 438 1542 ostensum
462 1502 536 1541 est
561 1509 707 1557 supra
729 1509 788 1540 ex
813 1493 958 1540 Deut.
983 1493 1082 1540 xiii.
1115 1499 1155 1550 l,
1183 1501 1277 1540 etc.
1349 1492 1449 1540 Sub
1475 1491 1578 1539 No-

186 1585 250 1618 vo
271 1569 582 1617 Testamento
614 1570 759 1616 unica
790 1567 1122 1631 distinguendi
1155 1568 1284 1615 inter
1315 1567 1579 1631 prophetas

189 1645 359 1708 reg-ula
380 1645 636 1708 reperitur,
661 1660 851 1708 nempe,
883 1644 924 1692 si
960 1644 1233 1692 doctrinam
1255 1644 1383 1691 hanc
1405 1643 1582 1706 praedi-

189 1728 339 1779 caret,
375 1720 544 1768 Jesum
591 1738 702 1767 esse
746 1720 1015 1778 Christum,
1055 1719 1107 1767 id
1146 1728 1237 1778 est,
1272 1720 1442 1767 Jesum
1478 1734 1581 1766 esse

188 1794 473 1844 Judaeomm
496 1811 681 1858 regem,
705 1811 851 1859 quem
874 1803 1134 1843 venturum
1158 1795 1412 1858 prophetae
1435 1794 1582 1841 Vete-

190 1870 260 1920 ris
294 1871 595 1919 Testamenti
637 1872 1008 1934 prophetarunt.
1079 1871 1372 1934 Quicunque
1418 1877 1582 1917 autem

192 1945 465 1994 doctrinam
499 1946 626 1995 hanc
660 1955 879 2009 negaret,
906 1962 1208 2009 quaecnnque
1245 1945 1479 1993 miracula
1512 1944 1582 1991 vi-

193 2020 392 2070 deretur
412 2022 590 2080 facere,
614 2023 853 2086 propheta
874 2022 1024 2070 falsus
1042 2030 1134 2070 est.
1185 2022 1313 2069 Nam
1330 2021 1358 2068 J
1363 2021 1582 2068 ohannes

194 2095 505 2159 Evangelista
530 2098 576 2157 (l
605 2098 758 2162 Epist.
780 2098 843 2145 iv.
868 2104 915 2156 2,
940 2099 1077 2158 etc.)‚
1110 2097 1171 2145 de
1197 2096 1416 2145 examine
1443 2095 1585 2159 spiri-

196 2179 335 2219 tuum
368 2187 432 2219 an
465 2188 526 2220 ex
559 2173 663 2221 Deo
698 2182 862 2221 essent
895 2189 1050 2221 necne
1085 2173 1357 2226 disserens;
1395 2171 1446 2218 in
1475 2170 1583 2228 hoc,

197 2246 372 2309 inquit,
395 2250 716 2311 cognoscitur
745 2249 974 2313 Spiritus
1002 2248 1136 2296 Dei:
1178 2247 1333 2294 omnis
1369 2246 1584 2310 spiritus

198 2321 287 2384 qui
320 2321 582 2383 confitetur
611 2322 779 2370 «Iesum
807 2323 1059 2371 Christum
1095 2324 1146 2370 in
1188 2339 1340 2370 carue
1375 2321 1583 2378 venisse,

199 2411 263 2443 ex
291 2396 400 2443 Deo
429 2403 523 2454 est,
551 2396 602 2444 id
632 2407 724 2453 est,
753 2399 995 2462 propheta
1029 2399 1119 2447 Dei
1153 2406 1229 2445 est
1270 2396 1586 2444 concionator

201 2470 507 2533 evangelicus
530 2471 627 2530 ille,
650 2474 732 2535 qui
768 2474 1028 2521 confitetur
1062 2472 1393 2536 praedicatque
1417 2471 1445 2518 J
1450 2485 1585 2518 esum

202 2560 308 2593 esse
338 2545 602 2604 Christum,
638 2547 738 2596 sive
774 2549 1090 2597 concionator
1123 2547 1233 2596 talis
1270 2546 1334 2593 sit
1358 2545 1432 2592 vir
1460 2545 1586 2608 pius,

203 2620 304 2668 sive
338 2619 527 2683 impius.
596 2621 837 2686 Propheta
870 2623 999 2671 enim
1039 2639 1138 2670 non
1173 2637 1260 2685 per
1294 2636 1405 2668 suos
1438 2620 1587 2683 ipsius

205 2710 365 2743 moroe
397 2702 483 2744 aut
512 2695 675 2755 fidem,
698 2697 786 2746 sed
820 2714 909 2762 per
942 2698 1290 2746 authoritatem
1323 2695 1587 2758 legitimam

207 2769 446 2832 propheta
479 2771 551 2819 fit.
636 2772 874 2836 Loquitur
906 2773 1035 2821 enim
1068 2771 1313 2820 interdum
1347 2770 1478 2818 Deus
1500 2785 1588 2833 per

208 2843 488 2907 prophetas,
534 2861 741 2909 quorum
774 2863 1017 2911 personas
1062 2845 1356 2911 reprobavit,
1403 2854 1458 2894 ut
1501 2861 1590 2909 per

212 2918 509 2979 Baalamum,
534 2930 583 2969 et
599 2921 829 2972 seminam
845 2923 907 2972 ab
923 2923 1091 2972 Endor
1108 2922 1391 2970 maleficam.
1462 2921 1587 2969 Rur-
