1968 3236
178 364 281 397 CAP.
299 364 397 396 XLII
404 388 413 398 .

198 418 389 442 n—-q——e

197 457 242 485 De
256 462 396 495 potestate

196 501 399 530 ecelesiastica.

449 219 543 262 394
772 228 843 261 DE
871 225 1127 261 c1v1TA'rE
1155 225 1514 259 cnms‘mANA.

448 348 543 389 tur.
602 339 708 388 Nec
732 339 1066 403 apostolorum
1089 343 1284 384 tantum
1307 344 1545 401 tempore,
1579 336 1668 385 sed
1689 336 1839 386 etiam

446 424 629 480 postea,
654 432 809 478 usque
834 414 896 461 ad
914 421 1138 476 tempora
1160 413 1513 476 imperatorum
1532 413 1837 461 Christiano-

446 509 570 550 rum,
596 490 810 554 episcopi
834 496 1151 552 pastoresque
1175 489 1408 536 alimenta
1440 505 1528 536 sua
1559 489 1839 536 habuerunt

445 585 475 615 a
499 566 941 615 contributionibus
965 564 1184 612 fidelium
1199 564 1505 612 voluntariis.
1543 564 1618 612 De
1637 563 1839 612 decimis

445 652 604 691 autem
631 642 816 689 mentio
840 642 1080 689 hactenus
1103 640 1252 687 nulla.
1323 641 1387 687 Et
1412 656 1693 704 quanquam
1712 640 1840 688 Con-

445 718 645 766 stantini
669 718 977 780 filiorumque
1006 717 1109 779 ejus
1138 716 1440 779 temporibus
1474 716 1694 764 fidelium
1722 731 1840 780 erga

442 802 661 857 pastores
698 809 810 840 suos
841 792 1184 840 benevolentia
1213 799 1354 839 tanta
1376 799 1518 849 esset,
1541 801 1598 840 ut
1621 791 1839 839 Ammia-

442 886 533 917 nus
575 868 891 916 Marcellinus
920 868 1047 929 (Lib.
1074 867 1221 915 xxvii.
1249 869 1299 929 3)
1339 867 1631 915 seditionem
1672 866 1839 915 Chris-

442 946 688 992 tianorum
713 944 843 992 circa
867 943 1158 991 electionem
1182 943 1382 990 Damasi
1407 943 1704 1002 describens,
1730 942 1838 1006 dig-

443 1035 557 1067 num
579 1036 681 1068 esse
701 1020 878 1067 dixerit
895 1020 1231 1083 episcopatum
1255 1019 1409 1077 illum,
1427 1019 1487 1066 de
1512 1035 1609 1082 quo
1634 1026 1838 1067 conten-

442 1095 668 1151 deretur;
705 1103 967 1159 propterea
1005 1095 1137 1159 quod
1173 1095 1390 1158 episcopi
1413 1111 1471 1143 eo
1494 1102 1716 1158 tempore
1750 1111 1839 1159 per

440 1170 784 1219 liberalitatem
813 1172 888 1219 sui
927 1172 1131 1235 quisque
1154 1173 1334 1236 gregis,
1358 1173 1605 1236 praecipue
1628 1189 1716 1236 per
1752 1173 1838 1221 be-

440 1246 734 1310 nignitatem
770 1256 1125 1306 matronarum,
1162 1249 1377 1313 vixerint
1413 1249 1685 1312 splendide,
1727 1265 1838 1297 cur-

440 1322 574 1370 ribus
610 1323 1058 1382 circumferrentur,
1089 1333 1139 1372 et
1177 1331 1462 1387 sumptuose
1504 1332 1758 1373 coenarent
1788 1332 1839 1373 et

441 1399 785 1456 amicirentur;
836 1400 895 1448 de
945 1401 1146 1449 decimis
1189 1410 1357 1448 tamen
1396 1400 1690 1449 contributis
1724 1416 1839 1449 nus-

442 1491 588 1536 quam
612 1476 807 1539 legitur.

510 1551 710 1599 Quaeret
748 1553 830 1599 hic
865 1552 1071 1600 fortasse
1106 1553 1297 1616 aliquis,
1323 1569 1386 1600 an
1420 1560 1641 1616 pastores
1675 1552 1838 1601 vivere

441 1633 561 1673 tunc
586 1643 645 1674 ex
670 1628 1118 1677 contributionibus
1134 1636 1182 1676 et
1202 1629 1523 1692 eleemosynis
1547 1628 1838 1677 voluntariis

440 1701 775 1764 obligarentur
800 1725 811 1759 ;
871 1704 984 1768 quis
1034 1704 1175 1763 enim,
1226 1704 1346 1752 dicit
1395 1704 1605 1752 Sanctus
1660 1704 1838 1753 Paulus

444 1777 488 1838 (1
513 1777 623 1825 Cor.
644 1779 707 1826 ix.
729 1781 801 1839 7),
822 1780 1010 1827 militat
1028 1779 1265 1844 propriis
1288 1779 1558 1844 stipendiis
1582 1783 1833 1843 anquam?

443 1852 566 1908 Quis
593 1853 804 1917 plantat
839 1855 1045 1911 vineam,
1066 1861 1116 1902 et
1141 1855 1204 1902 de
1216 1855 1406 1919 fracta
1431 1856 1539 1917 ejus
1562 1870 1656 1903 non
1681 1855 1788 1903 edit
1808 1858 1837 1903 9

439 1927 544 1975 Aut
564 1929 674 1992 quis
708 1930 884 1993 pascit
913 1946 1145 1995 gregem,
1170 1937 1219 1978 et
1257 1930 1320 1978 de
1354 1929 1489 1978 lacte
1520 1930 1708 1995 gregis
1741 1946 1838 1979 non

439 2002 582 2051 edit?
642 2005 705 2051 Et
731 2021 898 2052 rursus
919 2005 936 2066 (
950 2011 964 2052 l
981 2006 1092 2053 Cor.
1110 2005 1173 2052 ix.
1197 2011 1271 2064 13,
1296 2006 1396 2066 14):
1420 2007 1500 2052 An
1514 2004 1721 2054 nescitis
1736 2021 1836 2065 eos,

439 2078 526 2141 qui
564 2080 727 2126 sacris
768 2087 1060 2144 operantur,
1091 2097 1168 2140 ea,
1194 2098 1302 2145 quoe
1335 2098 1398 2128 ex
1434 2081 1669 2128 sacrario
1706 2087 1837 2138 sunt,

438 2153 587 2201 edere
608 2158 636 2202 ἓ)
660 2155 734 2203 Et
758 2156 845 2219 qai
868 2155 1030 2203 altari
1050 2156 1292 2214 assident,
1309 2174 1414 2205 cum
1438 2156 1601 2204 altari
1615 2156 1837 2222 partici-

430 2244 565 2290 pare
584 2233 612 2276 ,9
705 2231 791 2277 Ita
833 2231 984 2278 etiam
1025 2231 1265 2279 Dominus
1312 2231 1571 2280 constituit
1619 2231 1702 2291 iis,
1748 2231 1837 2296 qui

437 2303 746 2368 evangelium
782 2305 1093 2363 annuntiant,
1141 2314 1194 2354 at
1240 2324 1302 2355 em
1349 2306 1614 2372 evangelio
1649 2307 1832 2356 vivant.

440 2377 512 2425 Ex
537 2395 632 2441 quo
669 2379 865 2442 quidem
888 2380 1013 2438 loce,
1039 2390 1260 2443 pastores
1292 2383 1510 2431 ecclesiae
1541 2398 1572 2430 a
1603 2382 1836 2446 gregibus

438 2454 536 2502 suis
569 2455 767 2503 alendos
792 2471 896 2503 esse
921 2455 1089 2503 inferri
1123 2465 1256 2506 recte
1294 2465 1489 2522 potest;
1526 2474 1626 2506 non
1668 2465 1836 2506 autem

439 2538 495 2576 ut
519 2531 843 2592 quantitatem
875 2539 960 2578 aut
995 2548 1150 2594 genus
1175 2533 1522 2583 alimentorum
1545 2533 1638 2598 ipsi
1663 2532 1835 2581 defini-

440 2613 564 2662 rent,
590 2613 675 2652 aut
698 2622 786 2653 suo
812 2605 1014 2653 arbitrio
1041 2607 1302 2670 quicquam
1327 2617 1591 2658 sumerent.
1650 2608 1833 2657 Neces—

440 2679 618 2727 sarium
644 2697 761 2744 ergo
785 2688 874 2739 est,
899 2690 955 2728 ut
988 2690 1073 2729 aut
1104 2699 1133 2730 a
1167 2683 1470 2747 singulorum
1505 2684 1833 2733 contributio-

442 2755 598 2814 nibus,
623 2765 708 2803 aut
732 2757 792 2803 ab
824 2756 1031 2804 ecclesia
1053 2766 1110 2804 ut
1134 2775 1343 2821 persona
1367 2776 1481 2819 una,
1507 2760 1830 2808 nutrirentur.

442 2829 518 2876 Ab
543 2831 746 2879 ecclesia
768 2831 874 2879 fieri
897 2831 990 2879 hoc
1024 2848 1123 2880 non
1159 2835 1337 2895 potuit,
1363 2835 1478 2898 quia
1513 2843 1627 2884 acta
1661 2850 1830 2883 eorum

443 2904 572 2966 leges
597 2921 694 2953 non
719 2914 872 2954 erant.
911 2907 1142 2969 Sequitur
1160 2924 1277 2971 ergo
1298 2918 1553 2972 pastorum
1580 2909 1828 2970 alimenta,
