1910 3236
644 186 713 219 nr,
744 186 986 221 nomme,
1449 179 1508 229 57

123 294 396 356 phantasia,
422 296 777 346 desiderabitur
808 300 1072 362 ingenium.
1143 299 1291 348 Quod
1314 300 1352 347 si
1379 300 1510 362 judi·
1550 322 1652 354 eff,
1670 322 1771 355 vm,

125 369 256 418 cium
292 372 602 420 manifestum
643 374 719 431 sit,
758 376 847 422 etsi
884 376 1096 438 vulgaris
1137 376 1200 423 sit
1239 375 1510 439 phantasia,
1531 378 1757 447 nem

125 444 406 495 laudabitur
429 457 592 495 tamen
617 449 881 512 ingenium.
1528 461 1785 494 inoenoemnibmz

300 522 311 532 .
394 523 405 532 .
593 524 603 533 .
645 525 655 534 .
1187 528 1199 536 .
1303 526 1312 535 .
1459 526 1470 535 .
1529 504 1746 543 defectibunque

193 522 440 586 Cogitatio
475 524 685 572 homlms
721 535 910 573 secreta
944 543 1032 589 per
1068 543 1234 575 omma
1267 526 1512 586 discurrit,
1529 549 1675 585 oppam„

125 612 279 656 sacra,
313 599 582 662 prophana,
618 600 817 658 munda,
854 602 1120 660 immunda,
1153 602 1338 666 gravia,
1373 602 1513 660 levia,

126 672 232 721 sine
265 673 452 737 pudore
487 683 537 722 et
569 674 674 722 sine
715 676 887 738 culpa;
924 676 974 723 id
1009 677 1141 739 quod
1172 677 1384 725 sermoni
1414 693 1514 725 non

125 748 331 797 ulterius
347 749 479 807 licet,
500 766 646 813 quam
661 766 691 797 a
710 750 896 813 judicio
914 752 1045 800 circa
1068 761 1303 815 tempora,
1323 752 1446 810 loca,
1466 761 1516 800 et

125 840 359 888 personas
381 826 672 888 permissum
711 826 789 874 sit.
860 827 1076 885 Medico,
1097 828 1418 886 anatomistae,
1454 827 1515 875 de

126 900 271 949 rebus
305 901 546 949 obscoenis
581 901 744 949 dicere
779 901 856 949 vel
888 902 1099 949 scribere
1131 903 1362 966 quicquid
1384 903 1516 950 vide·

125 975 261 1025 bitur
291 976 422 1033 licet,
454 986 512 1025 ut
545 978 625 1025 cui
658 977 769 1025 finis
804 986 878 1025 est
912 994 1012 1025 non
1047 978 1255 1041 placere,
1286 979 1372 1027 sed
1402 995 1516 1043 pro-

126 1051 296 1108 «ἰῶδες
330 1052 438 1100 aliis
473 1062 638 1101 autem
671 1070 772 1102 non
809 1054 940 1112 lieet,
978 1055 1093 1117 quia
1128 1071 1229 1102 non
1269 1064 1345 1102 est
1379 1071 1515 1118 opus.

127 1128 256 1177 Item
273 1128 322 1176 in
342 1129 628 1177 remissione
646 1129 797 1177 animi
817 1138 868 1177 et
885 1130 1254 1178 conversatione
1274 1130 1516 1189 familiari,

126 1204 169 1253 si
187 1205 297 1269 quis
316 1221 377 1253 ex
392 1206 653 1253 verborum
672 1206 806 1254 sonis
825 1214 874 1254 et
893 1206 1332 1269 significationibus
1348 1206 1517 1254 ludum

125 1280 291 1339 faciat,
314 1280 365 1328 id
389 1281 522 1345 quod
546 1282 812 1345 aliquando
837 1298 935 1330 non
959 1281 1225 1345 injucunde
1247 1282 1355 1329 fieri
1378 1281 1517 1339 solet,

127 1356 412 1405 indecorum
443 1373 544 1405 non
579 1365 668 1405 est.
740 1357 838 1405 Sed
871 1357 922 1404 in
958 1357 1208 1415 concione,
1240 1357 1318 1404 vel
1353 1373 1518 1405 coram

126 1432 349 1496 personis
390 1432 655 1495 incognitis
694 1433 772 1480 vel
811 1433 994 1496 alioqui
1031 1432 1327 1491 reverendis,
1361 1432 1518 1480 omnis

127 1507 388 1556 verborum
421 1507 556 1555 lusus
591 1508 801 1556 stultitia
833 1507 1095 1555 videbitur.
1167 1507 1240 1566 Id,
1273 1507 1403 1570 quod
1429 1507 1519 1555 dif-

128 1582 388 1631 ferentiam
404 1583 541 1642 facit,
558 1583 789 1632 discretio
806 1584 906 1632 sive
925 1583 1166 1647 judicium
1191 1591 1281 1631 est.
1330 1584 1519 1646 Itaque,

129 1659 216 1707 ubi
248 1659 501 1722 ingenium
535 1659 690 1718 deest,
726 1676 826 1707 non
859 1659 1120 1723 phantasia
1159 1659 1246 1707 sed
1281 1658 1520 1722 judicium

130 1733 282 1783 deest.
353 1735 527 1799 Itaque
562 1735 802 1798 judicium
838 1736 944 1783 sine
976 1735 1235 1798 phantasia
1267 1735 1517 1798 ingenium

130 1818 236 1864 estz
269 1811 529 1874 phantasia
550 1819 716 1859 autem
740 1813 845 1860 sine
862 1811 1050 1875 judicio
1072 1828 1172 1859 non
1195 1812 1328 1859 item.

199 1885 412 1935 Quando
458 1887 566 1950 quis
611 1887 911 1951 cogitatione
950 1887 1315 1936 multitudinem
1353 1902 1517 1934 rerum

130 1977 436 2026 perennem,
477 1978 589 2010 eum
630 1963 728 2011 fine
764 1963 928 2026 aliquo
964 1963 1055 2010 sibi
1091 1963 1359 2026 proposito,
1401 1978 1519 2024 quo-

132 2036 280 2086 modo
303 2053 376 2086 eae
398 2053 475 2086 τω
497 2038 563 2086 ad
590 2039 739 2086 finem
762 2055 905 2086 suum
929 2037 1209 2085 conducant
1230 2037 1308 2085 vel
1331 2037 1411 2084 cui
1433 2036 1517 2083 fini

131 2113 367 2162 inservire
399 2113 587 2176 possint
621 2114 845 2162 celeriter
874 2113 1235 2171 animadvertit,
1268 2112 1516 2175 ingenium

133 2189 239 2253 ejus
254 2190 439 2237 bonum
457 2189 665 2244 dicitur;
706 2188 1045 2252 dependetque
1068 2189 1130 2236 ab
1155 2187 1455 2252 experientia
1467 2195 1519 2234 et

131 2265 367 2313 memoria
388 2280 552 2312 rerum
575 2265 840 2312 multarum
872 2264 1102 2311 similium
1137 2279 1247 2311 cum
1283 2262 1519 2310 similibus

133 2340 507 2404 consequentiis.
593 2341 651 2389 In
690 2341 785 2388 hoc
825 2349 990 2387 autem
1028 2339 1248 2387 homines
1298 2338 1426 2385 inter
1466 2353 1518 2384 se

134 2432 234 2465 non
269 2424 464 2465 tantum
498 2416 748 2475 differunt,
786 2424 1025 2480 quantum
1053 2415 1240 2478 judicio
1281 2422 1329 2461 et
1368 2412 1519 2476 phan-

133 2492 287 2547 tasia;
322 2492 438 2556 quia
467 2493 720 2541 hominum
754 2500 900 2540 aetate
928 2491 1188 2554 aequalium
1220 2488 1521 2552 experientia

133 2583 236 2616 non
275 2576 350 2616 est
383 2567 525 2616 valde
561 2567 828 2630 inaequalis,
864 2566 1028 2630 quoad
1062 2564 1399 2629 quantitatem,
1434 2562 1521 2610 sed

135 2658 316 2701 rerum,
347 2643 398 2691 in
434 2644 609 2707 quibus
634 2651 902 2699 versantur,
934 2642 1094 2705 specie
1122 2640 1385 2696 variantur,
1409 2653 1521 2685 cum

136 2718 312 2782 cuique
358 2734 448 2766 sua
491 2718 591 2766 sint
634 2718 836 2782 negotia
880 2717 1091 2780 propria.
1163 2713 1413 2762 Familiam
1457 2727 1520 2759 an

137 2810 344 2858 regnum
380 2794 486 2857 quis
527 2802 661 2841 recte
700 2793 956 2855 gubernet,
995 2790 1114 2838 nihil
1149 2790 1370 2845 interest,
1406 2803 1522 2851 qua·
