1968 3236
690 218 759 250 DE
788 216 1065 251 (τινιτΑΤΕ.
1491 203 1581 246 185

665 506 880 554 CAPUT
920 505 1106 554 XXIV.

191 622 255 656 DF.
290 621 525 654 elvi'rA'rls
563 621 835 653 FACULTATE
869 622 1132 654 NUTRITIVA
1165 620 1225 653 ET
1256 620 1579 653 GENERATWA.

192 702 477 751 errurs
503 701 706 749 nutritio
731 718 760 749 a
781 702 928 766 copia
957 710 1008 749 et
1040 699 1390 749 distributione
1417 716 1581 748 rerum
1604 719 1707 752 eff.
1725 718 1858 751 xxiv,

193 780 258 830 ad
274 780 424 828 vitam
442 779 825 826 necessariarum
846 779 1105 843 dependet,
1121 781 1170 826 et
1187 779 1248 826 ab
1264 794 1431 825 earum
1441 793 1582 842 prae-
1601 773 1839 845 „em

184 856 463 922 paratione
487 863 537 902 et
558 854 902 919 applicatione
926 855 989 903 ad
1011 871 1151 902 usum
1187 853 1450 917 publicum.
1599 858 1863 931 ‘ffmssffff”

261 931 484 980 Quarum
503 946 666 977 rerum
683 931 846 995 copia,
867 946 1042 994 nempe
1061 929 1342 977 nutritionis
1357 927 1581 986 materia,
1600 912 1617 931 ⁰
1643 911 1716 941 μω

193 1006 455 1055 terminata
469 1005 530 1052 ab
556 1005 659 1068 ipsa
682 1013 858 1053 natura
881 1014 984 1061 est;
1022 1012 1312 1067 constatque
1332 1020 1392 1051 ex
1410 1003 1585 1052 fructi-

194 1082 287 1130 bus
301 1097 441 1144 quos,
466 1097 495 1127 a
519 1081 791 1128 communis
816 1081 983 1128 matris
1007 1088 1188 1128 nostrae
1210 1080 1441 1127 uberibus
1456 1086 1590 1126 terra

195 1165 247 1205 et
269 1157 392 1204 mari
416 1155 754 1219 procedentes,
778 1157 992 1204 humano
1016 1156 1186 1220 generi
1210 1164 1297 1203 aut
1329 1155 1482 1203 libere
1506 1154 1590 1202 do-

196 1240 285 1280 nat
329 1241 415 1279 aut
459 1231 562 1279 solo
608 1232 773 1280 labore
821 1232 987 1280 vendit
1033 1232 1181 1280 Deus.
1253 1232 1378 1279 Sunt
1424 1239 1590 1278 autem

196 1306 439 1365 animalia,
459 1307 764 1369 vegetabilia‚
789 1315 837 1354 et
873 1306 1141 1365 mineralia,
1167 1323 1278 1369 quae
1302 1306 1466 1354 omnia
1488 1321 1587 1354 non

196 1382 342 1446 longe
366 1381 624 1430 collocavit
648 1382 780 1430 Deus
798 1398 827 1429 a
846 1382 1101 1445 superficie
1121 1382 1308 1430 telluris
1330 1403 1342 1437 ;
1379 1382 1501 1447 adeo
1531 1389 1590 1429 ut

195 1457 260 1505 ad
277 1473 335 1505 ea
351 1456 575 1504 habenda
594 1456 689 1504 alia
706 1473 758 1504 re
777 1472 900 1520 opus
915 1473 1016 1505 non
1034 1466 1108 1504 est
1124 1473 1271 1520 quam
1287 1465 1343 1505 ut
1363 1449 1588 1520 accipere

198 1532 417 1580 velimus.
454 1531 710 1594 Dependet
728 1548 845 1595 ergo
861 1548 1023 1580 rerum
1041 1533 1424 1580 necessariarum
1444 1532 1586 1596 copia

199 1624 231 1657 a
265 1607 383 1666 sola,
424 1615 538 1670 post
573 1607 965 1656 benevolentiam
1003 1607 1234 1667 divinam,
1257 1607 1500 1656 industria
1541 1616 1591 1656 et

200 1683 366 1732 labore
383 1682 656 1731 hominum.

267 1758 479 1807 Materia
502 1758 623 1817 haec,
648 1758 699 1806 id
730 1767 820 1818 est,
846 1775 904 1806 ea
927 1775 1036 1822 quae
1072 1760 1367 1823 proveniunt
1390 1776 1420 1808 a
1442 1767 1589 1820 terra,

202 1834 341 1894 mari,
365 1842 416 1883 et
439 1850 607 1882 eorum
632 1835 823 1883 cultura
853 1835 998 1895 bona,
1023 1836 1202 1899 partim
1226 1836 1397 1884 nativa
1421 1836 1591 1884 civita-

202 1909 334 1958 tibus
373 1909 577 1973 singulis
618 1917 748 1968 sunt,
786 1910 965 1973 partim
1012 1917 1224 1958 externa
1270 1911 1322 1958 in
1369 1910 1592 1959 civitates

202 1985 418 2049 singulas
463 1985 738 2048 importata.
810 1986 1059 2034 Quoniam
1087 1994 1252 2034 autem
1288 1994 1420 2035 terra
1459 1987 1593 2035 nulla

203 2060 295 2109 sub
333 2061 478 2108 unius
519 2060 728 2109 civitatis
765 2061 999 2120 dominio,
1023 2062 1117 2110 nisi
1148 2062 1289 2110 valde
1313 2079 1491 2126 magna
1513 2063 1591 2121 sit,

203 2135 476 2184 necessaria
498 2136 663 2184 omnia
697 2136 762 2184 ad
800 2137 1033 2184 alimenta
1068 2144 1120 2185 et
1156 2146 1346 2186 motum
1380 2138 1593 2186 civitatis

202 2213 451 2278 producit;
475 2230 633 2277 neque
652 2230 834 2273 rursus,
850 2215 964 2274 ulla,
984 2231 1094 2279 quae
1112 2232 1213 2264 non
1230 2216 1396 2280 aliqua
1408 2215 1588 2279 produ-

206 2298 286 2340 cat
301 2291 546 2355 superflua
562 2313 575 2347 ;
609 2292 740 2340 bona
761 2292 846 2340 illa
862 2293 1122 2355 superflua,
1142 2309 1252 2357 quae
1271 2294 1444 2341 nativa
1459 2303 1589 2353 sunt,

207 2367 451 2430 superflua
472 2367 679 2430 amplius
706 2384 806 2416 non
830 2375 960 2426 sunt,
985 2368 1071 2416 sed
1094 2369 1495 2427 commutatione,
1514 2369 1593 2417 vel

206 2441 351 2501 bello,
370 2442 448 2490 vel
471 2442 637 2491 labore
665 2443 802 2504 (nam
819 2444 966 2492 etiam
986 2444 1178 2492 labores
1197 2445 1467 2503 hominum,
1492 2460 1593 2492 non

209 2516 370 2565 minus
393 2533 541 2581 quam
564 2534 643 2567 res
666 2519 789 2578 aliae,
815 2536 927 2567 cum
943 2519 1085 2568 bonis
1103 2520 1209 2567 aliis
1224 2520 1595 2583 quibuscunque

209 2593 578 2641 commutabiles
601 2595 737 2655 sunt)
763 2595 1007 2643 bonorum
1030 2595 1308 2643 nativorum
1349 2594 1595 2643 defectum

210 2667 454 2731 supplent.

278 2742 527 2792 Bonorum
572 2752 736 2792 autem
781 2744 1075 2804 distributio,
1113 2753 1187 2794 est
1226 2745 1335 2804 mei,
1382 2744 1470 2803 tui,
1516 2745 1596 2792 sui

211 2818 530 2874 constituti03
565 2827 862 2884 vocaturque
898 2821 1219 2886 proprietas.
1290 2820 1597 2885 Proprietas

12 1144 31 1280 ΜΝ
14 1073 19 1090 ,,
9 1007 22 1026 n

16 1318 38 1370 ἔρ
