1910 3236
326 225 413 267 132
836 236 905 268 DE
929 236 1208 270 οῐνιΤΑΤΕ.

798 463 1011 511 CAPUT
1047 465 1231 513 XVIII.

316 577 376 608 DE
401 578 518 609 JURE
546 578 827 610 HABENTIUM
855 580 1163 612 POTESTATEM
1187 581 1393 613 SUMMAM
1419 582 1466 613 IN
1488 582 1708 614 CIVITATE

762 646 854 678 PER
879 647 1269 680 INSTITUTIONEM.

33 747 137 778 CAP.
155 747 291 779 xvm.
318 730 682 778 INSTITUITUR
707 731 876 779 civitas
898 732 1094 795 quando
1129 733 1367 792 homines,
1406 741 1581 797 sponte
1618 751 1707 783 sua

34 801 258 879 Dm
317 806 678 865 convenientes,
704 807 883 870 singuli
907 824 1018 855 cum
1056 808 1258 872 singulis
1281 810 1610 873 paciscuntur,
1635 819 1707 869 ut,

31 886 281 959 {fssffissffgffin
317 883 592 945 cuicunque
632 884 821 931 homini
844 885 921 932 vel
946 885 1094 932 coetui
1128 902 1242 948 pars
1278 887 1434 949 major
1467 887 1709 949 suffragiis

30 973 62 1021 5¹¹
82 952 199 1023 avit-ate
218 983 270 1011 per
318 959 417 1006 suis
453 975 713 1022 personam
750 960 969 1007 omnium
1004 961 1208 1023 gerendi
1227 962 1307 1024 jus
1333 961 1614 1021 contribuit,
1638 962 1708 1010 illi

30 1020 251 1046 ¹¹¹⁸t¹⁰¹t¹⁰¹¹⁶m
316 1051 484 1082 omnes
503 1035 774 1083 obedirent.
845 1036 1106 1099 Obligatur
1130 1053 1247 1099 ergo
1271 1037 1604 1100 unusquisque
1628 1054 1709 1085 eo-

314 1126 438 1169 rum,
465 1111 564 1158 sive
606 1111 891 1174 suffragium
918 1128 1059 1159 suum
1083 1112 1134 1159 in
1157 1112 1294 1159 illum
1319 1112 1583 1160 contulerit
1607 1113 1708 1161 sive

314 1203 414 1235 non
434 1187 713 1246 contulerit,
730 1187 799 1234 illi
815 1204 961 1250 quem
975 1190 1070 1251 maj
1077 1203 1132 1235 or
1145 1204 1258 1251 pars
1273 1187 1475 1250 elegerit
1493 1188 1708 1246 obedire,

313 1271 364 1310 et
386 1280 476 1326 pro
512 1264 719 1311 authore
754 1263 1002 1311 actionum
1036 1264 1166 1311 illius
1202 1264 1420 1311 omnium
1454 1264 1709 1312 habendus

313 1348 401 1387 est.
472 1340 601 1387 Nam
615 1339 710 1387 nisi
734 1339 784 1386 in
808 1347 948 1402 parte
969 1339 1310 1402 suffragiorum
1329 1341 1514 1402 majore
1529 1339 1707 1387 intelli-

311 1423 491 1478 gantur
515 1415 866 1478 comprehensa
886 1415 1117 1478 suffragia
1133 1415 1368 1473 omnium,
1383 1415 1567 1463 frustra
1590 1432 1707 1463 con-

311 1498 511 1538 ventum
536 1498 625 1548 est,
652 1500 702 1538 et
726 1499 899 1538 contra
921 1491 1069 1538 finem
1093 1492 1154 1538 ab
1179 1507 1474 1554 unoquoque
1489 1491 1581 1539 sibi
1594 1507 1707 1555 pro-

311 1567 542 1630 positum,
567 1583 759 1630 nempe,
783 1583 957 1629 pacem
980 1573 1029 1614 et
1052 1567 1670 1630 protectionemomnium.

379 1643 423 1690 A
445 1643 605 1690 forma
628 1642 964 1698 institutionis,
985 1651 1090 1689 tum
1115 1649 1334 1705 potestas
1354 1642 1512 1689 omnis
1531 1650 1581 1690 et
1591 1644 1705 1706 jura

312 1718 476 1765 omnia
515 1733 753 1765 summam
787 1717 1013 1764 habentis
1047 1725 1360 1780 potestatem,
1385 1724 1491 1765 tum
1526 1718 1704 1767 civium

310 1794 528 1843 omnium
552 1793 711 1841 officia
739 1793 1036 1840 derivantur.

377 1870 555 1928 Primo,
581 1885 640 1916 ex
665 1885 723 1916 eo
760 1868 892 1931 quod
920 1868 1052 1931 pacti
1090 1875 1206 1915 sunt
1230 1867 1536 1930 intelligitur,
1571 1871 1705 1933 quod

310 1945 453 1993 nullis
493 1946 650 2008 pactis
691 1945 936 2008 prioribus
972 1944 1177 2006 obligati
1215 1951 1354 1990 erant
1385 1943 1448 1990 ad
1483 1944 1534 1991 id
1572 1947 1703 2008 quod

308 2028 454 2084 pacto
477 2021 706 2085 praesenti
731 2020 1031 2068 contrarium
1055 2027 1144 2067 est.
1217 2019 1389 2082 Itaque
1426 2019 1508 2082 qui
1533 2020 1702 2069 civita-

308 2098 371 2145 tis
395 2097 600 2161 aliquus
619 2098 722 2160 jam
742 2097 871 2144 cives
888 2103 1017 2154 sunt,
1042 2104 1240 2159 pactum
1261 2111 1441 2142 novum
1457 2096 1580 2144 inire
1600 2113 1702 2146 non

308 2179 528 2236 possunt,
555 2188 651 2235 quo
676 2188 936 2235 personam
962 2188 1098 2219 suam
1114 2171 1165 2218 in
1181 2171 1327 2218 alium
1345 2172 1610 2221 transferre
1627 2174 1702 2222 vel

310 2249 540 2312 cuiquam
563 2248 662 2306 alii,
687 2264 786 2295 non
810 2247 1130 2310 permittente
1168 2245 1251 2308 qui
1275 2262 1514 2294 summam
1551 2248 1703 2297 habet

308 2331 620 2388 potestatem,
645 2323 697 2371 in
715 2339 768 2370 re
789 2338 1080 2386 quacunque
1096 2322 1294 2370 obedire
1314 2322 1594 2386 obligentur
1613 2346 1625 2380 ;
1651 2333 1702 2374 et

305 2416 395 2463 per
410 2414 729 2462 consequens,
750 2398 833 2462 qui
849 2399 938 2446 sub
955 2398 1222 2446 monarcha
1242 2397 1370 2446 cives
1389 2406 1516 2458 sunt,
1541 2416 1699 2464 neque

305 2475 642 2524 monarchiam
675 2474 876 2538 rejicere
911 2490 1071 2537 neque
1099 2473 1164 2521 ad
1197 2473 1475 2522 libertatem
1509 2484 1699 2525 naturae

305 2552 472 2611 relabi,
505 2551 545 2599 si
580 2550 794 2599 noluerit
828 2550 912 2612 qui
946 2549 1096 2597 habet
1130 2565 1369 2597 summam
1403 2558 1699 2614 potestatem

305 2628 382 2675 vel
419 2627 625 2692 quilibet
648 2626 771 2675 alius
795 2625 989 2684 civium,
1009 2626 1120 2689 jure
1155 2633 1375 2687 possunt.
1444 2626 1698 2675 Violarent

305 2703 434 2751 enim
457 2710 658 2766 pactum
682 2702 860 2749 initum
896 2717 1007 2749 cum
1043 2700 1273 2763 singulis3
1310 2709 1361 2748 et
1400 2708 1697 2764 potestatem

303 2794 558 2835 summam,
577 2779 687 2842 jure
706 2778 808 2841 jam
826 2776 1027 2824 habenti
1043 2775 1223 2833 datam,
1249 2783 1424 2823 contra
1441 2775 1522 2838 jus
1540 2776 1696 2840 eripe·

303 2861 428 2902 rent.
500 2854 760 2911 Praeterea,
785 2852 826 2901 si
851 2851 936 2916 qui
960 2867 1068 2900 eam
1092 2851 1281 2915 eripere
1317 2860 1595 2912 conaretur,
1620 2852 1694 2902 in-
