<?xml version="1.0" encoding="UTF-8"?>
<!DOCTYPE html PUBLIC "-//W3C//DTD XHTML 1.0 Transitional//EN"
    "http://www.w3.org/TR/xhtml1/DTD/xhtml1-transitional.dtd">
<html xmlns="http://www.w3.org/1999/xhtml" xml:lang="en" lang="en">
 <head>
  <title>
</title>
<meta http-equiv="Content-Type" content="text/html;charset=utf-8" />
  <meta name='ocr-system' content='tesseract 3.04.00' />
  <meta name='ocr-capabilities' content='ocr_page ocr_carea ocr_par ocr_line ocrx_word'/>
</head>
<body>
  <div class='ocr_page' id='page_1' title='image "./operaphilosophic03hobbuoft_0474.png"; bbox 0 0 1968 3236; ppageno 0'>
   <div class='ocr_carea' id='block_1_1' title="bbox 164 385 410 462">
    <p class='ocr_par' dir='ltr' id='par_1_1' title="bbox 164 385 410 462">
     <span class='ocr_line' id='line_1_1' title="bbox 164 385 410 418; baseline 0.008 -2"><span class='ocrx_word' id='word_1_1' title='bbox 164 386 267 418; x_wconf 74' lang='lat' dir='ltr'>CAP.</span> <span class='ocrx_word' id='word_1_2' title='bbox 286 385 410 418; x_wconf 82' lang='lat' dir='ltr'><strong>XLIV.</strong></span> 
     </span>
     <span class='ocr_line' id='line_1_2' title="bbox 205 440 390 462; baseline 0.005 -8"><span class='ocrx_word' id='word_1_3' title='bbox 205 440 390 462; x_wconf 47' lang='grc' dir='ltr'>-Ὗῌ</span> 
     </span>
    </p>
   </div>
   <div class='ocr_carea' id='block_1_2' title="bbox 183 485 417 695">
    <p class='ocr_par' dir='ltr' id='par_1_2' title="bbox 183 485 417 695">
     <span class='ocr_line' id='line_1_3' title="bbox 187 485 370 514; baseline 0.011 -2"><span class='ocrx_word' id='word_1_4' title='bbox 187 485 230 513; x_wconf 79' lang='lat' dir='ltr'>De</span> <span class='ocrx_word' id='word_1_5' title='bbox 244 487 370 514; x_wconf 76' lang='lat' dir='ltr'>tenebris</span> 
     </span>
     <span class='ocr_line' id='line_1_4' title="bbox 183 529 383 565; baseline 0.01 -10"><span class='ocrx_word' id='word_1_6' title='bbox 183 529 383 565; x_wconf 78' lang='lat' dir='ltr'>spiritualibus</span> 
     </span>
     <span class='ocr_line' id='line_1_5' title="bbox 183 572 401 609; baseline 0.009 -10"><span class='ocrx_word' id='word_1_7' title='bbox 183 573 219 599; x_wconf 80' lang='lat' dir='ltr'>nb</span> <span class='ocrx_word' id='word_1_8' title='bbox 233 572 401 609; x_wconf 75' lang='lat' dir='ltr'>interpreto-</span> 
     </span>
     <span class='ocr_line' id='line_1_6' title="bbox 183 615 417 645; baseline 0.013 -3"><span class='ocrx_word' id='word_1_9' title='bbox 183 615 261 643; x_wconf 80' lang='lat' dir='ltr'><strong>tione</strong></span> <span class='ocrx_word' id='word_1_10' title='bbox 269 625 328 643; x_wconf 88' lang='lat' dir='ltr'>non</span> <span class='ocrx_word' id='word_1_11' title='bbox 337 619 417 645; x_wconf 84' lang='lat' dir='ltr'>recta</span> 
     </span>
     <span class='ocr_line' id='line_1_7' title="bbox 184 658 409 695; baseline 0.009 -10"><span class='ocrx_word' id='word_1_12' title='bbox 184 658 409 695; x_wconf 74' lang='lat' dir='ltr'>Scriptum-um.</span> 
     </span>
    </p>
   </div>
   <div class='ocr_carea' id='block_1_3' title="bbox 447 243 1503 293">
    <p class='ocr_par' dir='ltr' id='par_1_3' title="bbox 447 243 1503 293">
     <span class='ocr_line' id='line_1_8' title="bbox 447 243 1503 293; baseline 0 -7"><span class='ocrx_word' id='word_1_13' title='bbox 447 243 542 293; x_wconf 87' lang='grc'>474</span> <span class='ocrx_word' id='word_1_14' title='bbox 783 254 853 287; x_wconf 83' lang='lat' dir='ltr'>DE</span> <span class='ocrx_word' id='word_1_15' title='bbox 883 254 1068 287; x_wconf 80' lang='lat' dir='ltr'>REGNO</span> <span class='ocrx_word' id='word_1_16' title='bbox 1096 252 1503 287; x_wconf 76' lang='lat' dir='ltr'><strong>TENEERARUM.</strong></span> 
     </span>
    </p>
   </div>
   <div class='ocr_carea' id='block_1_4' title="bbox 441 365 1839 1477">
    <p class='ocr_par' dir='ltr' id='par_1_4' title="bbox 443 365 1839 1109">
     <span class='ocr_line' id='line_1_9' title="bbox 444 365 1835 429; baseline 0.001 -16"><span class='ocrx_word' id='word_1_17' title='bbox 444 367 566 420; x_wconf 88' lang='lat' dir='ltr'>bus;</span> <span class='ocrx_word' id='word_1_18' title='bbox 603 366 688 413; x_wconf 89' lang='lat' dir='ltr'>sed</span> <span class='ocrx_word' id='word_1_19' title='bbox 726 382 817 429; x_wconf 81' lang='lat' dir='ltr'>ego</span> <span class='ocrx_word' id='word_1_20' title='bbox 853 366 962 413; x_wconf 88' lang='lat' dir='ltr'>dico</span> <span class='ocrx_word' id='word_1_21' title='bbox 1006 366 1161 420; x_wconf 89' lang='lat' dir='ltr'>vobis,</span> <span class='ocrx_word' id='word_1_22' title='bbox 1185 365 1326 412; x_wconf 87' lang='lat' dir='ltr'>fratri</span> <span class='ocrx_word' id='word_1_23' title='bbox 1361 365 1464 413; x_wconf 90' lang='lat' dir='ltr'>sine</span> <span class='ocrx_word' id='word_1_24' title='bbox 1490 381 1637 413; x_wconf 88' lang='lat' dir='ltr'>causa</span> <span class='ocrx_word' id='word_1_25' title='bbox 1674 366 1835 425; x_wconf 81' lang='lat' dir='ltr'>irasci,</span> 
     </span>
     <span class='ocr_line' id='line_1_10' title="bbox 444 441 1837 506; baseline 0.001 -18"><span class='ocrx_word' id='word_1_26' title='bbox 444 441 520 488; x_wconf 89' lang='lat' dir='ltr'>vel</span> <span class='ocrx_word' id='word_1_27' title='bbox 546 441 706 488; x_wconf 83' lang='lat' dir='ltr'>dicere</span> <span class='ocrx_word' id='word_1_28' title='bbox 739 442 781 488; x_wconf 90' lang='lat' dir='ltr'>ei</span> <span class='ocrx_word' id='word_1_29' title='bbox 808 457 932 488; x_wconf 80' lang='lat' dir='ltr'>raca</span> <span class='ocrx_word' id='word_1_30' title='bbox 960 441 1034 488; x_wconf 87' lang='lat' dir='ltr'>vel</span> <span class='ocrx_word' id='word_1_31' title='bbox 1040 441 1215 503; x_wconf 81' lang='lat' dir='ltr'>fatue,</span> <span class='ocrx_word' id='word_1_32' title='bbox 1260 441 1578 489; x_wconf 87' lang='lat' dir='ltr'>homicidium</span> <span class='ocrx_word' id='word_1_33' title='bbox 1603 457 1722 500; x_wconf 85' lang='lat' dir='ltr'>esse,</span> <span class='ocrx_word' id='word_1_34' title='bbox 1746 459 1837 506; x_wconf 90' lang='lat' dir='ltr'>pu-</span> 
     </span>
     <span class='ocr_line' id='line_1_11' title="bbox 444 516 1839 580; baseline 0.001 -17"><span class='ocrx_word' id='word_1_35' title='bbox 444 516 771 579; x_wconf 89' lang='lat' dir='ltr'>niendumque</span> <span class='ocrx_word' id='word_1_36' title='bbox 796 517 846 563; x_wconf 91' lang='lat' dir='ltr'>in</span> <span class='ocrx_word' id='word_1_37' title='bbox 871 516 949 563; x_wconf 89' lang='lat' dir='ltr'>die</span> <span class='ocrx_word' id='word_1_38' title='bbox 969 516 1142 579; x_wconf 86' lang='lat' dir='ltr'>judicii</span> <span class='ocrx_word' id='word_1_39' title='bbox 1167 524 1216 563; x_wconf 91' lang='lat' dir='ltr'>et</span> <span class='ocrx_word' id='word_1_40' title='bbox 1244 517 1457 564; x_wconf 83' lang='lat' dir='ltr'>sessione</span> <span class='ocrx_word' id='word_1_41' title='bbox 1483 517 1667 565; x_wconf 84' lang='lat' dir='ltr'>Christi</span> <span class='ocrx_word' id='word_1_42' title='bbox 1700 533 1839 580; x_wconf 90' lang='lat' dir='ltr'>apos-</span> 
     </span>
     <span class='ocr_line' id='line_1_12' title="bbox 445 592 1838 656; baseline 0.001 -17"><span class='ocrx_word' id='word_1_43' title='bbox 445 593 770 655; x_wconf 91' lang='lat' dir='ltr'>tolorumque,</span> <span class='ocrx_word' id='word_1_44' title='bbox 796 592 908 655; x_wconf 82' lang='lat' dir='ltr'>igne</span> <span class='ocrx_word' id='word_1_45' title='bbox 933 592 1227 640; x_wconf 86' lang='lat' dir='ltr'>Gehennae.”</span> <span class='ocrx_word' id='word_1_46' title='bbox 1284 592 1398 640; x_wconf 92' lang='lat' dir='ltr'>Non</span> <span class='ocrx_word' id='word_1_47' title='bbox 1423 609 1540 656; x_wconf 86' lang='lat' dir='ltr'>ergo</span> <span class='ocrx_word' id='word_1_48' title='bbox 1565 592 1721 640; x_wconf 89' lang='lat' dir='ltr'>utitur</span> <span class='ocrx_word' id='word_1_49' title='bbox 1743 593 1838 642; x_wconf 88' lang='lat' dir='ltr'>illis</span> 
     </span>
     <span class='ocr_line' id='line_1_13' title="bbox 443 668 1838 727; baseline 0.001 -12"><span class='ocrx_word' id='word_1_50' title='bbox 443 669 603 715; x_wconf 85' lang='lat' dir='ltr'>verbis</span> <span class='ocrx_word' id='word_1_51' title='bbox 653 668 876 715; x_wconf 87' lang='lat' dir='ltr'>Christus</span> <span class='ocrx_word' id='word_1_52' title='bbox 916 668 980 715; x_wconf 85' lang='lat' dir='ltr'>ad</span> <span class='ocrx_word' id='word_1_53' title='bbox 1021 668 1393 715; x_wconf 85' lang='lat' dir='ltr'>distinctionem</span> <span class='ocrx_word' id='word_1_54' title='bbox 1434 669 1696 727; x_wconf 89' lang='lat' dir='ltr'>curiarum,</span> <span class='ocrx_word' id='word_1_55' title='bbox 1751 675 1838 716; x_wconf 87' lang='lat' dir='ltr'>aut</span> 
     </span>
     <span class='ocr_line' id='line_1_14' title="bbox 445 743 1838 806; baseline 0 -15"><span class='ocrx_word' id='word_1_56' title='bbox 445 744 719 801; x_wconf 89' lang='lat' dir='ltr'>criminum,</span> <span class='ocrx_word' id='word_1_57' title='bbox 745 750 829 791; x_wconf 86' lang='lat' dir='ltr'>aut</span> <span class='ocrx_word' id='word_1_58' title='bbox 852 759 1138 806; x_wconf 83' lang='lat' dir='ltr'>poenarum3</span> <span class='ocrx_word' id='word_1_59' title='bbox 1176 743 1263 791; x_wconf 87' lang='lat' dir='ltr'>sed</span> <span class='ocrx_word' id='word_1_60' title='bbox 1300 752 1355 791; x_wconf 92' lang='lat' dir='ltr'>ut</span> <span class='ocrx_word' id='word_1_61' title='bbox 1395 743 1676 792; x_wconf 86' lang='lat' dir='ltr'>ostenderet</span> <span class='ocrx_word' id='word_1_62' title='bbox 1700 743 1838 791; x_wconf 89' lang='lat' dir='ltr'>dam-</span> 
     </span>
     <span class='ocr_line' id='line_1_15' title="bbox 444 819 1837 883; baseline 0 -16"><span class='ocrx_word' id='word_1_63' title='bbox 444 820 661 867; x_wconf 90' lang='lat' dir='ltr'>nandum</span> <span class='ocrx_word' id='word_1_64' title='bbox 715 835 819 867; x_wconf 86' lang='lat' dir='ltr'>esse</span> <span class='ocrx_word' id='word_1_65' title='bbox 867 820 1145 883; x_wconf 88' lang='lat' dir='ltr'>quicunque</span> <span class='ocrx_word' id='word_1_66' title='bbox 1189 819 1394 867; x_wconf 84' lang='lat' dir='ltr'>fratrem</span> <span class='ocrx_word' id='word_1_67' title='bbox 1440 836 1579 867; x_wconf 91' lang='lat' dir='ltr'>suum</span> <span class='ocrx_word' id='word_1_68' title='bbox 1625 819 1837 868; x_wconf 89' lang='lat' dir='ltr'>laedendi</span> 
     </span>
     <span class='ocr_line' id='line_1_16' title="bbox 445 894 1834 954; baseline 0 -11"><span class='ocrx_word' id='word_1_69' title='bbox 445 896 700 943; x_wconf 89' lang='lat' dir='ltr'>consilium</span> <span class='ocrx_word' id='word_1_70' title='bbox 715 895 876 954; x_wconf 88' lang='lat' dir='ltr'>iniret,</span> <span class='ocrx_word' id='word_1_71' title='bbox 897 904 982 942; x_wconf 86' lang='lat' dir='ltr'>aut</span> <span class='ocrx_word' id='word_1_72' title='bbox 1000 895 1303 942; x_wconf 83' lang='lat' dir='ltr'>voluntatem</span> <span class='ocrx_word' id='word_1_73' title='bbox 1322 895 1371 942; x_wconf 91' lang='lat' dir='ltr'>id</span> <span class='ocrx_word' id='word_1_74' title='bbox 1386 894 1598 942; x_wconf 87' lang='lat' dir='ltr'>faciendi</span> <span class='ocrx_word' id='word_1_75' title='bbox 1615 895 1834 943; x_wconf 90' lang='lat' dir='ltr'>haberet.</span> 
     </span>
     <span class='ocr_line' id='line_1_17' title="bbox 445 970 1836 1034; baseline 0 -16"><span class='ocrx_word' id='word_1_76' title='bbox 445 971 617 1034; x_wconf 91' lang='lat' dir='ltr'>Neque</span> <span class='ocrx_word' id='word_1_77' title='bbox 655 987 772 1034; x_wconf 86' lang='lat' dir='ltr'>ergo</span> <span class='ocrx_word' id='word_1_78' title='bbox 812 971 950 1019; x_wconf 90' lang='lat' dir='ltr'>locus</span> <span class='ocrx_word' id='word_1_79' title='bbox 990 970 1070 1018; x_wconf 92' lang='lat' dir='ltr'>hic</span> <span class='ocrx_word' id='word_1_80' title='bbox 1108 970 1172 1018; x_wconf 85' lang='lat' dir='ltr'>ad</span> <span class='ocrx_word' id='word_1_81' title='bbox 1207 970 1548 1034; x_wconf 87' lang='lat' dir='ltr'>purgatorium</span> <span class='ocrx_word' id='word_1_82' title='bbox 1584 970 1836 1018; x_wconf 84' lang='lat' dir='ltr'>transduci</span> 
     </span>
     <span class='ocr_line' id='line_1_18' title="bbox 443 1055 619 1109; baseline 0 -15"><span class='ocrx_word' id='word_1_83' title='bbox 443 1055 619 1109; x_wconf 90' lang='lat' dir='ltr'>potest.</span> 
     </span>
    </p>

    <p class='ocr_par' dir='ltr' id='par_1_5' title="bbox 441 1120 1836 1477">
     <span class='ocr_line' id='line_1_19' title="bbox 509 1120 1836 1170; baseline 0 -1"><span class='ocrx_word' id='word_1_84' title='bbox 509 1123 667 1170; x_wconf 88' lang='lat' dir='ltr'>Locus</span> <span class='ocrx_word' id='word_1_85' title='bbox 691 1130 857 1169; x_wconf 87' lang='lat' dir='ltr'>sextus</span> <span class='ocrx_word' id='word_1_86' title='bbox 894 1128 969 1170; x_wconf 90' lang='lat' dir='ltr'>est</span> <span class='ocrx_word' id='word_1_87' title='bbox 992 1122 1108 1170; x_wconf 91' lang='lat' dir='ltr'>Luc.</span> <span class='ocrx_word' id='word_1_88' title='bbox 1130 1121 1225 1169; x_wconf 86' lang='lat' dir='ltr'>xvi.</span> <span class='ocrx_word' id='word_1_89' title='bbox 1248 1127 1308 1168; x_wconf 87' lang='lat'>9:</span> <span class='ocrx_word' id='word_1_90' title='bbox 1349 1120 1528 1168; x_wconf 75' lang='lat' dir='ltr'>Facite</span> <span class='ocrx_word' id='word_1_91' title='bbox 1545 1120 1682 1169; x_wconf 71' lang='lat' dir='ltr'>vobis</span> <span class='ocrx_word' id='word_1_92' title='bbox 1717 1121 1836 1170; x_wconf 84' lang='lat' dir='ltr'>ami-</span> 
     </span>
     <span class='ocr_line' id='line_1_20' title="bbox 450 1197 1834 1262; baseline 0.001 -18"><span class='ocrx_word' id='word_1_93' title='bbox 450 1213 532 1244; x_wconf 77' lang='lat' dir='ltr'>cos</span> <span class='ocrx_word' id='word_1_94' title='bbox 558 1198 620 1245; x_wconf 83' lang='lat' dir='ltr'>de</span> <span class='ocrx_word' id='word_1_95' title='bbox 644 1214 913 1245; x_wconf 80' lang='lat' dir='ltr'>mammona</span> <span class='ocrx_word' id='word_1_96' title='bbox 940 1197 1222 1260; x_wconf 74' lang='lat' dir='ltr'>iniquitatis</span> <span class='ocrx_word' id='word_1_97' title='bbox 1239 1216 1257 1252; x_wconf 89' lang='lat'><em>;</em></span> <span class='ocrx_word' id='word_1_98' title='bbox 1292 1205 1361 1256; x_wconf 80' lang='lat' dir='ltr'>ut,</span> <span class='ocrx_word' id='word_1_99' title='bbox 1395 1214 1502 1244; x_wconf 78' lang='lat' dir='ltr'>cum</span> <span class='ocrx_word' id='word_1_100' title='bbox 1526 1197 1834 1262; x_wconf 57' lang='lat' dir='ltr'>defeceritis,</span> 
     </span>
     <span class='ocr_line' id='line_1_21' title="bbox 443 1272 1834 1337; baseline 0.001 -18"><span class='ocrx_word' id='word_1_101' title='bbox 443 1273 695 1337; x_wconf 77' lang='lat' dir='ltr'>recipiant</span> <span class='ocrx_word' id='word_1_102' title='bbox 734 1290 818 1321; x_wconf 75' lang='lat' dir='ltr'>vos</span> <span class='ocrx_word' id='word_1_103' title='bbox 860 1273 910 1321; x_wconf 77' lang='lat' dir='ltr'>in</span> <span class='ocrx_word' id='word_1_104' title='bbox 953 1280 1144 1321; x_wconf 76' lang='lat' dir='ltr'>(eterna</span> <span class='ocrx_word' id='word_1_105' title='bbox 1187 1272 1533 1320; x_wconf 79' lang='lat' dir='ltr'>tabernacula.</span> <span class='ocrx_word' id='word_1_106' title='bbox 1625 1273 1699 1320; x_wconf 89' lang='lat' dir='ltr'>Ex</span> <span class='ocrx_word' id='word_1_107' title='bbox 1737 1289 1834 1336; x_wconf 92' lang='lat' dir='ltr'>quo</span> 
     </span>
     <span class='ocr_line' id='line_1_22' title="bbox 441 1347 1832 1412; baseline 0 -16"><span class='ocrx_word' id='word_1_108' title='bbox 441 1356 581 1396; x_wconf 87' lang='lat' dir='ltr'>textu</span> <span class='ocrx_word' id='word_1_109' title='bbox 604 1349 799 1411; x_wconf 83' lang='lat' dir='ltr'>probari</span> <span class='ocrx_word' id='word_1_110' title='bbox 823 1357 966 1412; x_wconf 88' lang='lat' dir='ltr'>putat</span> <span class='ocrx_word' id='word_1_111' title='bbox 997 1364 1140 1412; x_wconf 83' lang='lat' dir='ltr'>posse</span> <span class='ocrx_word' id='word_1_112' title='bbox 1159 1347 1514 1395; x_wconf 77' lang='lat' dir='ltr'>invocationem</span> <span class='ocrx_word' id='word_1_113' title='bbox 1531 1353 1832 1396; x_wconf 72' lang='lat' dir='ltr'>sanctorum.</span> 
     </span>
     <span class='ocr_line' id='line_1_23' title="bbox 445 1423 1834 1477; baseline 0.001 -7"><span class='ocrx_word' id='word_1_114' title='bbox 445 1423 623 1472; x_wconf 87' lang='lat' dir='ltr'>Sensus</span> <span class='ocrx_word' id='word_1_115' title='bbox 641 1433 804 1472; x_wconf 87' lang='lat' dir='ltr'>tamen</span> <span class='ocrx_word' id='word_1_116' title='bbox 822 1425 918 1473; x_wconf 88' lang='lat' dir='ltr'>loci</span> <span class='ocrx_word' id='word_1_117' title='bbox 933 1425 1219 1472; x_wconf 87' lang='lat' dir='ltr'>manifestus</span> <span class='ocrx_word' id='word_1_118' title='bbox 1237 1424 1318 1471; x_wconf 94' lang='lat' dir='ltr'>hic</span> <span class='ocrx_word' id='word_1_119' title='bbox 1337 1432 1409 1471; x_wconf 90' lang='lat' dir='ltr'>est</span> <span class='ocrx_word' id='word_1_120' title='bbox 1430 1444 1441 1477; x_wconf 92' lang='lat'>;</span> <span class='ocrx_word' id='word_1_121' title='bbox 1479 1431 1536 1470; x_wconf 93' lang='lat' dir='ltr'>ut</span> <span class='ocrx_word' id='word_1_122' title='bbox 1554 1423 1834 1472; x_wconf 87' lang='lat' dir='ltr'>divitiarum</span> 
     </span>
    </p>
   </div>
   <div class='ocr_carea' id='block_1_5' title="bbox 384 1499 1834 1563">
    <p class='ocr_par' dir='ltr' id='par_1_6' title="bbox 384 1499 1834 1563">
     <span class='ocr_line' id='line_1_24' title="bbox 384 1499 1834 1563; baseline 0.001 -17"><span class='ocrx_word' id='word_1_123' title='bbox 384 1510 388 1515; x_wconf 85' lang='lat'>&#39;</span> <span class='ocrx_word' id='word_1_124' title='bbox 443 1508 718 1547; x_wconf 83' lang='lat' dir='ltr'>nostrarum</span> <span class='ocrx_word' id='word_1_125' title='bbox 736 1517 827 1548; x_wconf 91' lang='lat' dir='ltr'>usu</span> <span class='ocrx_word' id='word_1_126' title='bbox 842 1501 892 1548; x_wconf 91' lang='lat' dir='ltr'>in</span> <span class='ocrx_word' id='word_1_127' title='bbox 919 1500 1256 1548; x_wconf 89' lang='lat' dir='ltr'>distribuendo</span> <span class='ocrx_word' id='word_1_128' title='bbox 1274 1500 1586 1563; x_wconf 86' lang='lat' dir='ltr'>pauperibus,</span> <span class='ocrx_word' id='word_1_129' title='bbox 1611 1499 1834 1562; x_wconf 88' lang='lat' dir='ltr'>acquira-</span> 
     </span>
    </p>
   </div>
   <div class='ocr_carea' id='block_1_6' title="bbox 436 1574 1833 2920">
    <p class='ocr_par' dir='ltr' id='par_1_7' title="bbox 441 1574 1828 1639">
     <span class='ocr_line' id='line_1_25' title="bbox 441 1574 1828 1639; baseline 0.002 -18"><span class='ocrx_word' id='word_1_130' title='bbox 441 1591 548 1622; x_wconf 88' lang='lat' dir='ltr'>mus</span> <span class='ocrx_word' id='word_1_131' title='bbox 572 1576 764 1623; x_wconf 86' lang='lat' dir='ltr'>illorum</span> <span class='ocrx_word' id='word_1_132' title='bbox 788 1592 957 1639; x_wconf 88' lang='lat' dir='ltr'>preces</span> <span class='ocrx_word' id='word_1_133' title='bbox 980 1591 1070 1639; x_wconf 90' lang='lat' dir='ltr'>pro</span> <span class='ocrx_word' id='word_1_134' title='bbox 1095 1576 1233 1623; x_wconf 89' lang='lat' dir='ltr'>nobis</span> <span class='ocrx_word' id='word_1_135' title='bbox 1249 1575 1366 1622; x_wconf 92' lang='lat' dir='ltr'>dum</span> <span class='ocrx_word' id='word_1_136' title='bbox 1390 1575 1440 1622; x_wconf 90' lang='lat' dir='ltr'>in</span> <span class='ocrx_word' id='word_1_137' title='bbox 1455 1582 1588 1622; x_wconf 89' lang='lat' dir='ltr'>terra</span> <span class='ocrx_word' id='word_1_138' title='bbox 1604 1574 1828 1624; x_wconf 86' lang='lat' dir='ltr'>vivimus.</span> 
     </span>
    </p>

    <p class='ocr_par' dir='ltr' id='par_1_8' title="bbox 439 1651 1833 2169">
     <span class='ocr_line' id='line_1_26' title="bbox 512 1651 1830 1714; baseline -0.001 -15"><span class='ocrx_word' id='word_1_139' title='bbox 512 1652 756 1714; x_wconf 85' lang='lat' dir='ltr'>Septimus</span> <span class='ocrx_word' id='word_1_140' title='bbox 813 1660 886 1700; x_wconf 89' lang='lat' dir='ltr'>est</span> <span class='ocrx_word' id='word_1_141' title='bbox 924 1653 1041 1700; x_wconf 91' lang='lat' dir='ltr'>Luc.</span> <span class='ocrx_word' id='word_1_142' title='bbox 1066 1651 1215 1699; x_wconf 56' lang='lat' dir='ltr'>&#39;xxiii</span> <span class='ocrx_word' id='word_1_143' title='bbox 1254 1658 1317 1699; x_wconf 86' lang='lat'>42</span> <span class='ocrx_word' id='word_1_144' title='bbox 1342 1669 1352 1698; x_wconf 78' lang='grc' dir='ltr'>ε</span> <span class='ocrx_word' id='word_1_145' title='bbox 1415 1651 1665 1697; x_wconf 60' lang='lat' dir='ltr'>[Memento</span> <span class='ocrx_word' id='word_1_146' title='bbox 1721 1651 1830 1709; x_wconf 81' lang='lat' dir='ltr'>mei,</span> 
     </span>
     <span class='ocr_line' id='line_1_27' title="bbox 442 1726 1833 1790; baseline 0.001 -18"><span class='ocrx_word' id='word_1_147' title='bbox 442 1726 665 1785; x_wconf 83' lang='lat' dir='ltr'>Domine,</span> <span class='ocrx_word' id='word_1_148' title='bbox 705 1745 810 1775; x_wconf 80' lang='lat' dir='ltr'>cum</span> <span class='ocrx_word' id='word_1_149' title='bbox 849 1728 1042 1775; x_wconf 72' lang='lat' dir='ltr'>veneris</span> <span class='ocrx_word' id='word_1_150' title='bbox 1081 1727 1132 1774; x_wconf 83' lang='lat' dir='ltr'>in</span> <span class='ocrx_word' id='word_1_151' title='bbox 1172 1742 1380 1790; x_wconf 79' lang='lat' dir='ltr'>regnum</span> <span class='ocrx_word' id='word_1_152' title='bbox 1422 1732 1570 1773; x_wconf 80' lang='lat' dir='ltr'>tuum.</span> <span class='ocrx_word' id='word_1_153' title='bbox 1638 1726 1711 1773; x_wconf 84' lang='lat' dir='ltr'>Ex</span> <span class='ocrx_word' id='word_1_154' title='bbox 1736 1741 1833 1789; x_wconf 91' lang='lat' dir='ltr'>quo</span> 
     </span>
     <span class='ocr_line' id='line_1_28' title="bbox 442 1801 1831 1867; baseline 0.001 -18"><span class='ocrx_word' id='word_1_155' title='bbox 442 1803 578 1865; x_wconf 90' lang='lat' dir='ltr'>sequi</span> <span class='ocrx_word' id='word_1_156' title='bbox 617 1803 751 1861; x_wconf 90' lang='lat' dir='ltr'>dicit,</span> <span class='ocrx_word' id='word_1_157' title='bbox 791 1820 894 1852; x_wconf 90' lang='lat' dir='ltr'>esse</span> <span class='ocrx_word' id='word_1_158' title='bbox 932 1810 1246 1867; x_wconf 89' lang='lat' dir='ltr'>peccatorum</span> <span class='ocrx_word' id='word_1_159' title='bbox 1282 1801 1643 1863; x_wconf 74' lang='lat' dir='ltr'>remissionem,</span> <span class='ocrx_word' id='word_1_160' title='bbox 1683 1801 1831 1850; x_wconf 84' lang='lat' dir='ltr'>etiam</span> 
     </span>
     <span class='ocr_line' id='line_1_29' title="bbox 441 1877 1823 1940; baseline 0.001 -16"><span class='ocrx_word' id='word_1_161' title='bbox 441 1885 552 1940; x_wconf 89' lang='lat' dir='ltr'>post</span> <span class='ocrx_word' id='word_1_162' title='bbox 575 1878 725 1926; x_wconf 86' lang='lat' dir='ltr'>vitam</span> <span class='ocrx_word' id='word_1_163' title='bbox 748 1880 890 1927; x_wconf 89' lang='lat' dir='ltr'>hanc.</span> <span class='ocrx_word' id='word_1_164' title='bbox 963 1878 1059 1926; x_wconf 86' lang='lat' dir='ltr'>Sed</span> <span class='ocrx_word' id='word_1_165' title='bbox 1085 1877 1435 1940; x_wconf 84' lang='lat' dir='ltr'>consequentia</span> <span class='ocrx_word' id='word_1_166' title='bbox 1457 1877 1588 1924; x_wconf 86' lang='lat' dir='ltr'>bona</span> <span class='ocrx_word' id='word_1_167' title='bbox 1609 1893 1709 1925; x_wconf 91' lang='lat' dir='ltr'>non</span> <span class='ocrx_word' id='word_1_168' title='bbox 1733 1885 1823 1926; x_wconf 85' lang='lat' dir='ltr'>est.</span> 
     </span>
     <span class='ocr_line' id='line_1_30' title="bbox 443 1952 1823 2018; baseline 0.001 -18"><span class='ocrx_word' id='word_1_169' title='bbox 443 1953 570 2001; x_wconf 89' lang='lat' dir='ltr'>Nam</span> <span class='ocrx_word' id='word_1_170' title='bbox 596 1955 824 2002; x_wconf 86' lang='lat' dir='ltr'>Servator</span> <span class='ocrx_word' id='word_1_171' title='bbox 847 1962 1016 2003; x_wconf 88' lang='lat' dir='ltr'>noster</span> <span class='ocrx_word' id='word_1_172' title='bbox 1040 1961 1245 2018; x_wconf 86' lang='lat' dir='ltr'>peccata</span> <span class='ocrx_word' id='word_1_173' title='bbox 1262 1954 1366 2016; x_wconf 88' lang='lat' dir='ltr'>ejus</span> <span class='ocrx_word' id='word_1_174' title='bbox 1384 1960 1504 2000; x_wconf 91' lang='lat' dir='ltr'>tunc</span> <span class='ocrx_word' id='word_1_175' title='bbox 1528 1952 1598 2001; x_wconf 88' lang='lat' dir='ltr'>illi</span> <span class='ocrx_word' id='word_1_176' title='bbox 1622 1954 1823 2012; x_wconf 86' lang='lat' dir='ltr'>remisit,</span> 
     </span>
     <span class='ocr_line' id='line_1_31' title="bbox 441 2028 1830 2092; baseline 0.001 -16"><span class='ocrx_word' id='word_1_177' title='bbox 441 2045 552 2076; x_wconf 91' lang='lat' dir='ltr'>cum</span> <span class='ocrx_word' id='word_1_178' title='bbox 597 2029 880 2092; x_wconf 86' lang='lat' dir='ltr'>loqueretur</span> <span class='ocrx_word' id='word_1_179' title='bbox 900 2051 911 2086; x_wconf 89' lang='lat'>;</span> <span class='ocrx_word' id='word_1_180' title='bbox 970 2029 1347 2077; x_wconf 85' lang='lat' dir='ltr'>resuscitaturus</span> <span class='ocrx_word' id='word_1_181' title='bbox 1393 2028 1531 2076; x_wconf 92' lang='lat' dir='ltr'>illum</span> <span class='ocrx_word' id='word_1_182' title='bbox 1571 2028 1635 2076; x_wconf 90' lang='lat' dir='ltr'>ad</span> <span class='ocrx_word' id='word_1_183' title='bbox 1679 2029 1830 2078; x_wconf 86' lang='lat' dir='ltr'>vitam</span> 
     </span>
     <span class='ocr_line' id='line_1_32' title="bbox 439 2106 1050 2169; baseline 0.005 -19"><span class='ocrx_word' id='word_1_184' title='bbox 439 2111 671 2152; x_wconf 86' lang='lat' dir='ltr'>aeternam</span> <span class='ocrx_word' id='word_1_185' title='bbox 696 2106 746 2153; x_wconf 92' lang='lat' dir='ltr'>in</span> <span class='ocrx_word' id='word_1_186' title='bbox 771 2106 848 2154; x_wconf 92' lang='lat' dir='ltr'>die</span> <span class='ocrx_word' id='word_1_187' title='bbox 862 2106 1050 2169; x_wconf 89' lang='lat' dir='ltr'>judicii.</span> 
     </span>
    </p>

    <p class='ocr_par' dir='ltr' id='par_1_9' title="bbox 436 2180 1830 2920">
     <span class='ocr_line' id='line_1_33' title="bbox 507 2180 1827 2239; baseline 0.002 -12"><span class='ocrx_word' id='word_1_188' title='bbox 507 2180 662 2229; x_wconf 89' lang='lat' dir='ltr'>Locus</span> <span class='ocrx_word' id='word_1_189' title='bbox 715 2190 915 2230; x_wconf 87' lang='lat' dir='ltr'>octavus</span> <span class='ocrx_word' id='word_1_190' title='bbox 951 2189 1025 2229; x_wconf 87' lang='lat' dir='ltr'>est.</span> <span class='ocrx_word' id='word_1_191' title='bbox 1059 2182 1172 2229; x_wconf 90' lang='lat' dir='ltr'>Act.</span> <span class='ocrx_word' id='word_1_192' title='bbox 1198 2181 1247 2228; x_wconf 90' lang='lat' dir='ltr'>ii.</span> <span class='ocrx_word' id='word_1_193' title='bbox 1276 2187 1356 2239; x_wconf 87' lang='lat'>24,</span> <span class='ocrx_word' id='word_1_194' title='bbox 1414 2181 1499 2228; x_wconf 90' lang='lat' dir='ltr'>ubi</span> <span class='ocrx_word' id='word_1_195' title='bbox 1535 2180 1595 2228; x_wconf 92' lang='lat' dir='ltr'>de</span> <span class='ocrx_word' id='word_1_196' title='bbox 1631 2180 1827 2230; x_wconf 89' lang='lat' dir='ltr'>Christo</span> 
     </span>
     <span class='ocr_line' id='line_1_34' title="bbox 439 2254 1830 2320; baseline 0.002 -19"><span class='ocrx_word' id='word_1_197' title='bbox 439 2254 558 2303; x_wconf 90' lang='lat' dir='ltr'>dicit</span> <span class='ocrx_word' id='word_1_198' title='bbox 584 2256 630 2303; x_wconf 89' lang='lat' dir='ltr'>S.</span> <span class='ocrx_word' id='word_1_199' title='bbox 653 2256 839 2314; x_wconf 88' lang='lat' dir='ltr'>Petrus,</span> <span class='ocrx_word' id='word_1_200' title='bbox 865 2257 996 2320; x_wconf 92' lang='lat' dir='ltr'>quod</span> <span class='ocrx_word' id='word_1_201' title='bbox 1015 2256 1156 2304; x_wconf 73' lang='lat' dir='ltr'>Deus</span> <span class='ocrx_word' id='word_1_202' title='bbox 1186 2255 1323 2303; x_wconf 82' lang='lat' dir='ltr'>illum</span> <span class='ocrx_word' id='word_1_203' title='bbox 1347 2255 1629 2315; x_wconf 71' lang='lat' dir='ltr'>Suscitavit,</span> <span class='ocrx_word' id='word_1_204' title='bbox 1649 2255 1830 2304; x_wconf 71' lang='lat' dir='ltr'>solutis</span> 
     </span>
     <span class='ocr_line' id='line_1_35' title="bbox 439 2328 1829 2395; baseline 0.003 -20"><span class='ocrx_word' id='word_1_205' title='bbox 439 2328 694 2378; x_wconf 71' lang='lat' dir='ltr'>doloribus</span> <span class='ocrx_word' id='word_1_206' title='bbox 729 2331 932 2395; x_wconf 73' lang='lat' dir='ltr'>inferni,</span> <span class='ocrx_word' id='word_1_207' title='bbox 945 2332 1099 2394; x_wconf 78' lang='lat' dir='ltr'>juxta</span> <span class='ocrx_word' id='word_1_208' title='bbox 1124 2330 1260 2394; x_wconf 78' lang='lat' dir='ltr'>quod</span> <span class='ocrx_word' id='word_1_209' title='bbox 1281 2329 1585 2394; x_wconf 74' lang='lat' dir='ltr'>impossibile</span> <span class='ocrx_word' id='word_1_210' title='bbox 1619 2337 1733 2378; x_wconf 82' lang='lat' dir='ltr'>erat</span> <span class='ocrx_word' id='word_1_211' title='bbox 1757 2337 1829 2379; x_wconf 85' lang='lat' dir='ltr'>te-</span> 
     </span>
     <span class='ocr_line' id='line_1_36' title="bbox 438 2404 1829 2470; baseline 0.004 -20"><span class='ocrx_word' id='word_1_212' title='bbox 438 2404 548 2451; x_wconf 79' lang='lat' dir='ltr'>neri</span> <span class='ocrx_word' id='word_1_213' title='bbox 580 2405 717 2453; x_wconf 81' lang='lat' dir='ltr'>illum</span> <span class='ocrx_word' id='word_1_214' title='bbox 736 2406 800 2454; x_wconf 83' lang='lat' dir='ltr'>ab</span> <span class='ocrx_word' id='word_1_215' title='bbox 825 2423 896 2454; x_wconf 88' lang='lat' dir='ltr'>eo.</span> <span class='ocrx_word' id='word_1_216' title='bbox 967 2407 1039 2454; x_wconf 90' lang='lat' dir='ltr'>Ex</span> <span class='ocrx_word' id='word_1_217' title='bbox 1064 2422 1160 2469; x_wconf 93' lang='lat' dir='ltr'>quo</span> <span class='ocrx_word' id='word_1_218' title='bbox 1185 2406 1294 2454; x_wconf 91' lang='lat' dir='ltr'>loco</span> <span class='ocrx_word' id='word_1_219' title='bbox 1319 2406 1490 2454; x_wconf 90' lang='lat' dir='ltr'>inferri</span> <span class='ocrx_word' id='word_1_220' title='bbox 1521 2422 1664 2469; x_wconf 89' lang='lat' dir='ltr'>posse</span> <span class='ocrx_word' id='word_1_221' title='bbox 1686 2415 1829 2470; x_wconf 86' lang='lat' dir='ltr'>putat</span> 
     </span>
     <span class='ocr_line' id='line_1_37' title="bbox 438 2477 1828 2544; baseline 0.005 -20"><span class='ocrx_word' id='word_1_222' title='bbox 438 2477 741 2528; x_wconf 89' lang='lat' dir='ltr'>descendisse</span> <span class='ocrx_word' id='word_1_223' title='bbox 766 2481 1012 2529; x_wconf 89' lang='lat' dir='ltr'>Christum</span> <span class='ocrx_word' id='word_1_224' title='bbox 1037 2481 1088 2528; x_wconf 90' lang='lat' dir='ltr'>in</span> <span class='ocrx_word' id='word_1_225' title='bbox 1111 2481 1467 2544; x_wconf 88' lang='lat' dir='ltr'>purgatorium,</span> <span class='ocrx_word' id='word_1_226' title='bbox 1492 2489 1549 2529; x_wconf 91' lang='lat' dir='ltr'>ut</span> <span class='ocrx_word' id='word_1_227' title='bbox 1566 2481 1752 2530; x_wconf 86' lang='lat' dir='ltr'>animas</span> <span class='ocrx_word' id='word_1_228' title='bbox 1775 2483 1828 2531; x_wconf 92' lang='lat' dir='ltr'>in</span> 
     </span>
     <span class='ocr_line' id='line_1_38' title="bbox 436 2556 1828 2612; baseline 0.004 -11"><span class='ocrx_word' id='word_1_229' title='bbox 436 2570 494 2602; x_wconf 89' lang='lat' dir='ltr'>eo</span> <span class='ocrx_word' id='word_1_230' title='bbox 515 2556 778 2605; x_wconf 88' lang='lat' dir='ltr'>existentes</span> <span class='ocrx_word' id='word_1_231' title='bbox 794 2574 824 2605; x_wconf 88' lang='lat' dir='ltr'>a</span> <span class='ocrx_word' id='word_1_232' title='bbox 843 2557 1136 2605; x_wconf 89' lang='lat' dir='ltr'>cruciatibus</span> <span class='ocrx_word' id='word_1_233' title='bbox 1155 2558 1254 2605; x_wconf 91' lang='lat' dir='ltr'>suis</span> <span class='ocrx_word' id='word_1_234' title='bbox 1272 2557 1506 2612; x_wconf 88' lang='lat' dir='ltr'>solveret;</span> <span class='ocrx_word' id='word_1_235' title='bbox 1530 2573 1642 2605; x_wconf 89' lang='lat' dir='ltr'>cum</span> <span class='ocrx_word' id='word_1_236' title='bbox 1661 2565 1828 2607; x_wconf 82' lang='lat' dir='ltr'>tamen</span> 
     </span>
     <span class='ocr_line' id='line_1_39' title="bbox 437 2631 1828 2696; baseline 0.004 -20"><span class='ocrx_word' id='word_1_237' title='bbox 437 2631 585 2679; x_wconf 88' lang='lat' dir='ltr'>verba</span> <span class='ocrx_word' id='word_1_238' title='bbox 608 2632 998 2680; x_wconf 81' lang='lat' dir='ltr'>manifestissime</span> <span class='ocrx_word' id='word_1_239' title='bbox 1030 2633 1323 2695; x_wconf 80' lang='lat' dir='ltr'>significent,</span> <span class='ocrx_word' id='word_1_240' title='bbox 1348 2633 1499 2692; x_wconf 89' lang='lat' dir='ltr'>illum,</span> <span class='ocrx_word' id='word_1_241' title='bbox 1525 2633 1608 2696; x_wconf 90' lang='lat' dir='ltr'>qui</span> <span class='ocrx_word' id='word_1_242' title='bbox 1640 2633 1828 2682; x_wconf 89' lang='lat' dir='ltr'>solutus</span> 
     </span>
     <span class='ocr_line' id='line_1_40' title="bbox 437 2705 1825 2772; baseline 0.004 -21"><span class='ocrx_word' id='word_1_243' title='bbox 437 2705 629 2764; x_wconf 90' lang='lat' dir='ltr'>dicitur,</span> <span class='ocrx_word' id='word_1_244' title='bbox 655 2708 836 2771; x_wconf 77' lang='lat' dir='ltr'>quique</span> <span class='ocrx_word' id='word_1_245' title='bbox 876 2725 906 2756; x_wconf 87' lang='lat' dir='ltr'>a</span> <span class='ocrx_word' id='word_1_246' title='bbox 941 2716 1098 2756; x_wconf 89' lang='lat' dir='ltr'>morte</span> <span class='ocrx_word' id='word_1_247' title='bbox 1123 2709 1199 2756; x_wconf 88' lang='lat' dir='ltr'>vel</span> <span class='ocrx_word' id='word_1_248' title='bbox 1234 2708 1492 2772; x_wconf 89' lang='lat' dir='ltr'>sepulchro</span> <span class='ocrx_word' id='word_1_249' title='bbox 1533 2708 1691 2756; x_wconf 89' lang='lat' dir='ltr'>teneri</span> <span class='ocrx_word' id='word_1_250' title='bbox 1725 2725 1825 2757; x_wconf 93' lang='lat' dir='ltr'>non</span> 
     </span>
     <span class='ocr_line' id='line_1_41' title="bbox 436 2781 1826 2847; baseline 0.004 -21"><span class='ocrx_word' id='word_1_251' title='bbox 436 2781 611 2841; x_wconf 85' lang='lat' dir='ltr'>potuit,</span> <span class='ocrx_word' id='word_1_252' title='bbox 651 2782 799 2830; x_wconf 87' lang='lat' dir='ltr'>fuisse</span> <span class='ocrx_word' id='word_1_253' title='bbox 843 2783 1001 2846; x_wconf 86' lang='lat' dir='ltr'>ipsum</span> <span class='ocrx_word' id='word_1_254' title='bbox 1044 2783 1308 2841; x_wconf 89' lang='lat' dir='ltr'>Christum,</span> <span class='ocrx_word' id='word_1_255' title='bbox 1346 2799 1445 2831; x_wconf 84' lang='lat' dir='ltr'>non</span> <span class='ocrx_word' id='word_1_256' title='bbox 1493 2783 1678 2831; x_wconf 84' lang='lat' dir='ltr'>animas</span> <span class='ocrx_word' id='word_1_257' title='bbox 1715 2800 1826 2847; x_wconf 83' lang='lat' dir='ltr'>quae</span> 
     </span>
     <span class='ocr_line' id='line_1_42' title="bbox 436 2856 970 2920; baseline 0.009 -20"><span class='ocrx_word' id='word_1_258' title='bbox 436 2863 574 2902; x_wconf 83' lang='lat' dir='ltr'>erant</span> <span class='ocrx_word' id='word_1_259' title='bbox 599 2856 646 2903; x_wconf 87' lang='lat' dir='ltr'>iu</span> <span class='ocrx_word' id='word_1_260' title='bbox 672 2858 970 2920; x_wconf 81' lang='lat' dir='ltr'>purgatorio.</span> 
     </span>
    </p>
   </div>
   <div class='ocr_carea' id='block_1_7' title="bbox 1876 1906 1968 3236">
    <p class='ocr_par' dir='ltr' id='par_1_10' title="bbox 1876 1906 1968 3236">
     <span class='ocr_line' id='line_1_43' title="bbox 1876 1906 1968 3236; baseline 0 0"><span class='ocrx_word' id='word_1_261' title='bbox 1876 1906 1968 3236; x_wconf 95' lang='lat' dir='ltr'> </span> 
     </span>
    </p>
   </div>
  </div>
 </body>
</html>
