1910 3236
319 216 381 259 52
838 228 909 261 DE
939 228 1185 261 HOMINE.

65 361 167 392 cAp,
186 360 267 391 vn.
317 338 430 386 liter
450 360 461 394 ;
489 346 539 386 et
556 340 680 387 scire
698 356 799 387 non
818 341 897 387 rei
912 340 975 387 ad
992 356 1112 395 rem,
1132 340 1218 388 sed
1236 339 1443 387 nominis
1462 340 1524 387 ad
1542 356 1711 387 nomen

36 415 281 483 mmm
320 416 735 478 consequentiam.
808 417 859 463 Si
900 417 1147 464 discursus
1189 433 1306 480 ergo
1343 417 1405 464 sit
1445 417 1495 463 in
1532 417 1709 475 verbis,

34 499 275 527 detemuinationi—
319 490 616 553 incipiatque
640 508 669 538 a
693 491 1056 540 definitionibus
1079 494 1355 550 verborum,
1378 492 1711 556 procedatque

33 543 98 570 bu*
319 583 407 630 per
431 568 801 614 connectionem
826 584 995 615 eorum
1010 568 1061 615 in
1078 568 1453 631 propositiones,
1473 576 1523 615 et
1546 584 1712 615 rursus

317 642 701 705 propositionum
743 643 794 690 in
836 643 1156 706 syllogismos,
1203 643 1608 691 determinabitur
1660 643 1711 691 in

319 718 481 781 aliqua
518 718 843 777 conclusione,
875 736 984 782 quae
1026 736 1216 767 summa
1239 727 1313 767 est
1337 719 1554 767 omnium
1577 727 1713 766 ante-

319 794 598 841 cedentium
617 795 1024 857 propositionum.
1080 796 1242 858 Atque
1260 795 1365 842 haec
1384 794 1596 842 seientia
1621 803 1710 850 est,

319 870 420 917 sive
441 870 656 932 cognitio
677 872 1140 934 consequentiarum
1159 871 1303 918 unius
1320 870 1457 918 verbi
1475 871 1538 918 ad
1561 870 1710 918 aliud.

317 945 502 992 Verum
540 946 581 993 si
623 946 868 994 discursus
903 964 1003 995 non
1036 947 1237 1010 incipiat
1268 963 1298 994 a
1329 947 1711 1004 definitionibus,

315 1021 392 1069 vel
416 1021 456 1068 si
482 1021 788 1070 definitiones
824 1023 919 1070 illae
960 1040 1059 1071 non
1100 1032 1235 1070 recte
1271 1030 1628 1070 connectantur
1659 1023 1711 1070 in

317 1097 638 1160 syllogismos,
679 1107 797 1146 tunc
835 1115 1002 1146 rursus
1041 1100 1286 1147 discursus
1326 1099 1620 1146 terminatur
1659 1099 1711 1146 in

315 1174 546 1238 opinione
583 1183 776 1222 tantum
812 1176 1034 1223 veritatis
1081 1175 1422 1234 conclusionis,
1460 1183 1711 1238 utcunque

315 1249 540 1296 absurdae
559 1256 608 1297 et
632 1250 1024 1313 insignificantis.
1097 1251 1308 1300 Quando
1330 1251 1427 1298 duo
1445 1251 1524 1298 vel
1546 1251 1712 1314 plures

315 1324 446 1371 idem
488 1324 631 1372 simul
667 1326 843 1383 sciunt,
881 1327 1068 1374 conscii
1109 1327 1368 1382 dicuntur3
1406 1335 1455 1374 et
1491 1327 1607 1390 quia
1639 1327 1711 1374 illi

314 1399 557 1447 factorum
581 1417 780 1448 suorum
800 1409 970 1449 mutuo
989 1410 1138 1449 testes
1158 1403 1369 1450 maxime
1389 1402 1555 1450 idonei
1579 1411 1709 1461 sunt,

314 1476 528 1523 maxima
560 1493 751 1540 semper
784 1477 878 1525 fuit
910 1486 960 1525 et
989 1479 1081 1526 erit
1113 1479 1390 1526 existimata
1421 1479 1710 1542 improbitas

315 1552 649 1599 testimonium
675 1560 847 1600 contra
879 1554 1230 1601 conscientiam
1255 1554 1434 1613 dicere,
1459 1555 1537 1602 vel
1560 1554 1710 1602 alium

315 1634 372 1674 ut
410 1628 541 1675 dicat
581 1628 828 1676 inducere.
900 1630 1179 1692 Usurpatur
1203 1638 1367 1677 autem
1390 1647 1486 1677 vox
1521 1630 1709 1678 consci-

318 1703 455 1750 entia
480 1705 742 1766 saepissime
765 1721 854 1767 pro
879 1721 966 1752 sua
998 1706 1232 1768 cujusque
1263 1705 1383 1753 facti
1406 1706 1483 1753 vel
1508 1706 1713 1770 cogitati

319 1785 506 1826 secreta
530 1779 826 1841 cognitione.
898 1781 1022 1828 Sunt
1060 1781 1209 1829 etiam
1245 1782 1328 1844 qui
1359 1782 1582 1845 proprias
1606 1783 1711 1846 opi-

318 1853 490 1901 niones
538 1870 648 1902 suas
697 1855 912 1918 privatas
950 1872 1213 1920 novasque,
1251 1866 1455 1921 propter
1496 1875 1714 1907 amorem

318 1929 503 1992 ingenii
520 1930 722 1992 proprii,
745 1931 836 1978 etsi
865 1931 1127 1994 aliquando
1160 1933 1545 1992 absurdissimas,
1562 1936 1714 1984 obsti-

317 2014 431 2052 nate
441 2005 684 2053 sustinent
698 2007 786 2053 sub
802 2006 998 2055 nomine
1014 2007 1096 2055 illo
1114 2009 1710 2067 conscientiaefavorabili3

317 2087 568 2143 tamquam
606 2081 711 2128 illas
739 2091 928 2130 mutare
961 2093 1223 2147 peccatum
1260 2086 1526 2133 maximum
1563 2096 1706 2137 esset.

318 2157 491 2219 Itaque
528 2157 784 2205 veritatem
821 2159 1013 2206 illarum
1059 2160 1194 2207 scire
1235 2176 1284 2207 se
1324 2162 1479 2209 videri
1518 2163 1708 2223 volunt,

319 2232 514 2295 quando
540 2232 661 2280 nihil
686 2234 848 2282 sciunt
878 2235 971 2282 nisi
1000 2236 1130 2299 quod
1154 2236 1247 2299 ipsi
1272 2237 1342 2284 ita
1365 2238 1644 2301 opinantur.

387 2308 598 2357 Quando
625 2309 871 2358 discursus
896 2327 994 2358 non
1020 2312 1194 2375 incipit
1225 2329 1254 2360 a
1283 2313 1584 2374 definitione,
1610 2324 1710 2364 ter-

318 2382 534 2431 minatur
566 2399 759 2447 semper
788 2386 838 2432 in
871 2386 1117 2448 opinione.
1190 2387 1338 2438 Quod
1372 2389 1413 2436 si
1441 2389 1612 2454 incipit
1647 2393 1710 2440 ab

319 2459 523 2522 alicujus
570 2460 771 2509 alterius
818 2462 1029 2510 hominis
1075 2463 1414 2523 affirmatione,
1463 2466 1524 2514 de
1571 2468 1709 2531 cujus

317 2535 531 2582 hominis
554 2552 715 2599 neque
739 2537 1018 2600 cognitione
1042 2554 1200 2601 neque
1223 2542 1489 2589 veracitate
1515 2542 1710 2592 dubita-

318 2627 441 2669 mus,
481 2611 595 2674 quia
627 2613 830 2675 quaestio
867 2622 939 2662 est
974 2631 1073 2662 non
1110 2623 1213 2663 tam
1249 2617 1309 2664 de
1347 2633 1420 2676 re,
1460 2634 1606 2681 quam
1649 2620 1710 2668 de

308 2703 537 2750 persona
555 2707 573 2743 ;
609 2696 728 2736 tunc
747 2689 1101 2739 determinatur
1125 2691 1176 2739 in
1202 2693 1481 2742 creditione
1501 2703 1551 2743 et
1566 2696 1683 2759 fide
1690 2715 1710 2751 ;

302 2762 430 2824 fide,
456 2762 671 2827 inquam,
691 2765 878 2814 homini
897 2767 1092 2822 habita3
1131 2769 1406 2817 ereditione
1430 2772 1516 2819 rei.
1592 2771 1711 2819 Cre-

314 2836 439 2884 dere
465 2838 514 2886 in
539 2838 789 2900 hominem,
815 2849 864 2889 et
889 2843 1099 2890 credere
1123 2843 1321 2903 homini,
1341 2845 1472 2893 idem
1496 2847 1711 2910 plerum-
