1968 3236
748 294 818 327 oa
846 295 1121 329 c1v1TA'rE.
1535 287 1632 330 213

239 406 467 471 pretatio,
501 414 587 454 aut
624 423 653 454 a
689 408 815 455 veris
857 409 1106 472 principiis
1147 407 1269 456 falsa
1303 406 1628 455 ratiocinatio.
1650 428 1912 462 maxxvn,

241 483 339 532 Qui
363 482 427 530 ad
462 483 867 531 consuetudinem
892 484 1145 532 hominum
1164 483 1381 531 animum
1405 482 1630 530 adverte-

238 567 370 616 runt,
412 558 621 606 virtutes
661 567 710 606 et
750 559 954 606 crimina
999 558 1243 622 prosperis
1290 557 1367 606 vel
1412 557 1631 607 adversis

238 634 540 682 successibus
575 634 897 689 metientium,
922 634 1288 698 videntiumque
1322 634 1458 697 leges
1491 650 1522 681 a
1544 651 1630 697 po-

236 709 453 757 tentibus
494 710 759 773 perrumpi,
802 711 977 773 quibus
1017 711 1188 774 vulgus
1235 709 1529 773 implicatur,
1574 717 1631 758 ut

237 784 370 848 leges
392 785 530 848 parvi
553 786 770 848 pendant
806 786 1001 833 difficile
1025 802 1123 834 non
1147 793 1250 841 est;
1286 793 1335 833 et
1366 793 1630 849 propterea

236 861 402 926 plures
426 877 530 908 esse
554 862 712 910 solent
736 863 818 925 qui
844 862 960 909 vitio
977 862 1155 924 legum,
1174 878 1320 925 quam
1336 861 1455 908 vitio
1473 860 1629 909 homi-

237 953 356 984 num
387 937 438 984 id
467 938 573 985 fieri
612 938 926 985 arbitrantur.
998 938 1221 986 Quorum
1244 936 1466 985 nonnulli
1490 937 1629 1000 quasi

236 1013 483 1061 axiomata
513 1013 736 1074 quaedam
775 1013 1111 1076 pronuntiant,
1146 1012 1405 1075 justitiam
1426 1019 1629 1076 proeter

235 1088 522 1136 vocabulum
549 1089 677 1136 nihil
709 1105 817 1136 8338
832 1108 850 1143 ,·
885 1105 1021 1136 suum
1044 1105 1154 1136 8338
1178 1088 1368 1152 cuique,
1397 1088 1535 1152 qnod
1558 1088 1629 1135 in-

237 1163 438 1211 dustria
462 1171 550 1211 aut
558 1164 791 1228 periculo
814 1180 901 1211 suo
925 1171 1136 1228 occupat
1153 1171 1203 1212 et
1222 1170 1356 1211 tenet
1375 1183 1394 1219 ,·
1430 1180 1630 1212 consue-

237 1239 454 1288 tudinem
498 1240 547 1287 in
583 1240 712 1287 omni
744 1247 897 1304 gente
933 1239 1244 1298 obtinentem,
1271 1240 1488 1304 iniquam
1520 1256 1629 1288 8338

238 1331 331 1362 non
362 1331 518 1378 posse
538 1333 555 1369 ,·
590 1314 816 1379 exempla
859 1314 999 1379 longi
1040 1316 1278 1379 temporis
1292 1331 1395 1379 pro
1433 1314 1628 1379 legibus

236 1389 468 1438 habenda
486 1406 596 1437 8338
615 1409 633 1444 ;
669 1390 859 1453 aliaque
882 1391 958 1438 his
981 1390 1171 1448 similia,
1196 1391 1346 1438 vitam
1370 1391 1628 1450 hominum

236 1465 302 1514 ad
322 1465 567 1514 feritatem
592 1474 641 1514 et
665 1466 823 1514 caedes
858 1474 1052 1514 mutuas
1076 1465 1376 1514 reducentia.
1446 1467 1628 1514 Eorum

237 1541 323 1604 qui
346 1540 416 1589 sic
440 1541 673 1595 sentiunt,
690 1541 798 1604 quis
814 1540 907 1589 nisi
920 1549 1054 1589 metu
1074 1557 1103 1588 a
1118 1541 1427 1604 quantumvis
1446 1557 1628 1604 magno

237 1615 440 1664 crimine
458 1632 510 1664 58
533 1616 832 1664 abstinebit?

303 1692 544 1750 Secundo,
563 1693 646 1756 qui
665 1692 796 1755 leges
816 1692 1004 1740 divinas
1023 1700 1130 1740 tum
1147 1693 1394 1741 naturales
1412 1700 1517 1740 tum
1540 1709 1629 1756 po-

236 1767 420 1826 sitivas,
441 1767 505 1815 ad
519 1768 775 1816 commoda
791 1784 879 1815 sua
892 1776 1192 1831 torquentes,
1208 1769 1279 1816 ita
1302 1768 1627 1832 interpretan-

235 1851 319 1892 tur
339 1851 395 1892 ut
411 1859 523 1891 cum
547 1843 734 1906 legibus
759 1843 981 1891 civilibus
1005 1852 1056 1891 et
1078 1844 1246 1907 populi
1276 1844 1628 1907 tranquillitate

234 1935 335 1968 non
359 1920 645 1977 consistant,
661 1919 706 1967 ci
741 1919 848 1967 'bus
865 1919 1168 1983 principibus
1186 1920 1286 1967 suis
1304 1920 1627 1968 resistendum

236 1995 449 2044 colorem
464 1936 854 2059 praetextugque
870 2003 1109 2059 perpetuo
1127 1996 1350 2059 praebent
1368 1996 1444 2044 vel
1465 2013 1495 2044 a
1517 1996 1628 2044 reli-

235 2071 396 2136 gione,
423 2071 497 2119 vel
520 2088 550 2119 a
566 2072 677 2135 jure
701 2071 912 2119 naturali
936 2071 1013 2118 vel
1037 2071 1181 2119 civili.

301 2147 484 2204 Tertio,
508 2162 537 2194 a
572 2146 700 2194 mala
735 2146 1109 2194 ratiocinatione
1142 2162 1422 2210 quanquam
1446 2163 1475 2194 a
1498 2147 1627 2194 veris

235 2221 501 2286 principiiS,
524 2231 796 2270 nascuntur
830 2222 1051 2282 crimina,
1077 2222 1273 2286 quando
1308 2222 1392 2285 qui
1425 2222 1475 2269 in
1511 2222 1626 2269 doc-

235 2297 377 2347 trinis
408 2297 523 2345 fidei
546 2306 680 2345 recte
702 2297 934 2356 sentiunt,
958 2298 1009 2345 in
1041 2297 1234 2345 diversa
1264 2297 1531 2345 sentientes
1567 2313 1626 2344 eo

235 2373 434 2422 nomine
462 2372 685 2432 saeviunt,
705 2372 838 2436 quod
862 2380 1042 2429 errant,
1058 2372 1294 2420 saevitiam
1313 2388 1449 2419 suam
1465 2371 1625 2418 zelum

236 2448 330 2498 Dei
350 2448 674 2496 nominantes.
713 2447 936 2496 Quorum
958 2448 1213 2496 hominum
1236 2447 1447 2510 aliquem
1470 2446 1625 2494 liben-

236 2531 314 2573 ter
352 2523 422 2571 sic
461 2523 818 2587 compellarem.
887 2524 1082 2582 Errant,
1107 2531 1243 2579 esto;
1280 2522 1366 2570 sed
1404 2522 1522 2585 quid
1561 2521 1627 2570 ad

237 2607 290 2648 te
304 2598 628 2662 ?—-Populum
655 2598 1193 2662 corrumpunt.-Quid
1234 2598 1326 2646 hoc
1363 2597 1427 2645 ad
1456 2604 1521 2655 te,
1546 2597 1625 2644 cui

237 2673 368 2723 salus
383 2674 553 2738 populi
569 2690 668 2722 non
684 2674 1023 2733 committitur,
1043 2674 1128 2723 sed
1143 2673 1248 2737 regi
1263 2672 1447 2720 ?—Sed
1465 2671 1528 2720 ad
1546 2688 1624 2720 me

237 2750 327 2798 sub
350 2749 684 2812 rege.—-Doce
706 2749 1092 2813 ergo.—Doceo,
1108 2748 1194 2796 sed
1210 2747 1623 2811 frustra—Ergo,

236 2825 520 2889 perfunctus
557 2824 734 2883 officio,
774 2824 952 2872 docere
988 2825 1213 2872 desinens
1241 2838 1418 2871 accusa
1442 2843 1455 2878 ;
1507 2838 1622 2870 nam

239 2915 541 2963 quaecunque
563 2898 767 2949 ulterius
790 2900 994 2949 saeviens
1017 2900 1206 2956 feceriS‚
1231 2899 1437 2947 crimina
1458 2904 1587 2946 sunt.

1687 483 1876 505 s——r——ae

1668 515 1713 543 De
1726 515 1850 543 crimini-

1667 559 1731 590 lnn,
1743 567 1862 586 excun-

1668 601 1804 634 sonibus,
1813 606 1842 630 et
1853 610 1901 629 ex-

1667 645 1894 673 tenuationibus.
