<?xml version="1.0" encoding="UTF-8"?>
<!DOCTYPE html PUBLIC "-//W3C//DTD XHTML 1.0 Transitional//EN"
    "http://www.w3.org/TR/xhtml1/DTD/xhtml1-transitional.dtd">
<html xmlns="http://www.w3.org/1999/xhtml" xml:lang="en" lang="en">
 <head>
  <title>
</title>
<meta http-equiv="Content-Type" content="text/html;charset=utf-8" />
  <meta name='ocr-system' content='tesseract 3.04.00' />
  <meta name='ocr-capabilities' content='ocr_page ocr_carea ocr_par ocr_line ocrx_word'/>
</head>
<body>
  <div class='ocr_page' id='page_1' title='image "./operaphilosophic03hobbuoft_0409.png"; bbox 0 0 1968 3236; ppageno 0'>
   <div class='ocr_carea' id='block_1_1' title="bbox 491 214 1551 268">
    <p class='ocr_par' dir='ltr' id='par_1_1' title="bbox 491 214 1551 268">
     <span class='ocr_line' id='line_1_1' title="bbox 491 214 1551 268; baseline -0.002 -10"><span class='ocrx_word' id='word_1_1' title='bbox 491 225 561 258; x_wconf 73' lang='lat' dir='ltr'><strong>na</strong></span> <span class='ocrx_word' id='word_1_2' title='bbox 589 224 845 258; x_wconf 64' lang='lat' dir='ltr'><strong>ewini-13</strong></span> <span class='ocrx_word' id='word_1_3' title='bbox 873 224 1229 258; x_wconf 70' lang='lat' dir='ltr'><strong>cums‘rmNA.</strong></span> <span class='ocrx_word' id='word_1_4' title='bbox 1454 214 1551 268; x_wconf 78' lang='lat'><strong>409</strong></span> 
     </span>
    </p>
   </div>
   <div class='ocr_carea' id='block_1_2' title="bbox 0 334 1818 2883">
    <p class='ocr_par' dir='ltr' id='par_1_2' title="bbox 0 334 1818 2883">
     <span class='ocr_line' id='line_1_2' title="bbox 172 334 1818 399; baseline -0.001 -14"><span class='ocrx_word' id='word_1_5' title='bbox 172 334 419 385; x_wconf 67' lang='lat' dir='ltr'><strong>Clas-istum</strong></span> <span class='ocrx_word' id='word_1_6' title='bbox 441 336 714 398; x_wconf 86' lang='lat' dir='ltr'><strong>affirmare,</strong></span> <span class='ocrx_word' id='word_1_7' title='bbox 735 336 969 399; x_wconf 87' lang='lat' dir='ltr'><strong>sequitur,</strong></span> <span class='ocrx_word' id='word_1_8' title='bbox 994 335 1350 384; x_wconf 83' lang='lat' dir='ltr'><strong>Antichristum</strong></span> <span class='ocrx_word' id='word_1_9' title='bbox 1375 334 1552 383; x_wconf 91' lang='lat' dir='ltr'><strong>debere</strong></span> <span class='ocrx_word' id='word_1_10' title='bbox 1583 356 1687 388; x_wconf 61' lang='lat' dir='ltr'><strong>cm.</strong></span> <span class='ocrx_word' id='word_1_11' title='bbox 1707 355 1818 387; x_wconf 76' lang='lat' dir='ltr'><strong>xm.</strong></span> 
     </span>
     <span class='ocr_line' id='line_1_3' title="bbox 167 409 1801 485; baseline -0.001 -25"><span class='ocrx_word' id='word_1_12' title='bbox 167 426 275 460; x_wconf 83' lang='lat' dir='ltr'><strong>esse</strong></span> <span class='ocrx_word' id='word_1_13' title='bbox 295 411 402 460; x_wconf 80' lang='lat' dir='ltr'><strong>veri</strong></span> <span class='ocrx_word' id='word_1_14' title='bbox 432 411 613 459; x_wconf 86' lang='lat' dir='ltr'>Christi</span> <span class='ocrx_word' id='word_1_15' title='bbox 646 411 853 459; x_wconf 89' lang='lat' dir='ltr'><strong>hostem.</strong></span> <span class='ocrx_word' id='word_1_16' title='bbox 921 412 992 459; x_wconf 89' lang='lat' dir='ltr'><strong>Ex</strong></span> <span class='ocrx_word' id='word_1_17' title='bbox 1029 412 1194 460; x_wconf 89' lang='lat' dir='ltr'><strong>multis</strong></span> <span class='ocrx_word' id='word_1_18' title='bbox 1217 419 1382 460; x_wconf 90' lang='lat' dir='ltr'><strong>autem</strong></span> <span class='ocrx_word' id='word_1_19' title='bbox 1406 411 1551 458; x_wconf 84' lang='lat' dir='ltr'><strong>Anti·</strong></span> <span class='ocrx_word' id='word_1_20' title='bbox 1603 409 1801 485; x_wconf 57' lang='lat' dir='ltr'>m</span> 
     </span>
     <span class='ocr_line' id='line_1_4' title="bbox 166 466 1805 551; baseline -0.002 -15"><span class='ocrx_word' id='word_1_21' title='bbox 166 485 377 543; x_wconf 85' lang='lat' dir='ltr'><strong>christis,</strong></span> <span class='ocrx_word' id='word_1_22' title='bbox 392 502 518 534; x_wconf 92' lang='lat' dir='ltr'><strong>unus</strong></span> <span class='ocrx_word' id='word_1_23' title='bbox 531 486 807 549; x_wconf 87' lang='lat' dir='ltr'><strong>praecipuus</strong></span> <span class='ocrx_word' id='word_1_24' title='bbox 822 494 895 534; x_wconf 89' lang='lat' dir='ltr'><strong>est</strong></span> <span class='ocrx_word' id='word_1_25' title='bbox 910 484 934 532; x_wconf 84' lang='grc' dir='ltr'><strong>ὁ</strong></span> <span class='ocrx_word' id='word_1_26' title='bbox 956 487 1257 551; x_wconf 74' lang='grc' dir='ltr'>Αντίχριστος.</span> <span class='ocrx_word' id='word_1_27' title='bbox 1292 487 1321 534; x_wconf 91' lang='lat' dir='ltr'><strong>J</strong></span> <span class='ocrx_word' id='word_1_28' title='bbox 1325 503 1420 545; x_wconf 90' lang='lat' dir='ltr'><strong>am,</strong></span> <span class='ocrx_word' id='word_1_29' title='bbox 1438 502 1550 534; x_wconf 90' lang='lat' dir='ltr'><strong>cum</strong></span> <span class='ocrx_word' id='word_1_30' title='bbox 1601 466 1805 529; x_wconf 55' lang='grc' dir='ltr'><strong>εοειῗζίυῡω</strong></span> 
     </span>
     <span class='ocr_line' id='line_1_5' title="bbox 165 561 1550 626; baseline -0.001 -15"><span class='ocrx_word' id='word_1_31' title='bbox 165 561 387 626; x_wconf 77' lang='lat' dir='ltr'><strong>pontifex</strong></span> <span class='ocrx_word' id='word_1_32' title='bbox 424 562 673 610; x_wconf 85' lang='lat' dir='ltr'><strong>Romanus</strong></span> <span class='ocrx_word' id='word_1_33' title='bbox 708 578 865 625; x_wconf 89' lang='lat' dir='ltr'><strong>neque</strong></span> <span class='ocrx_word' id='word_1_34' title='bbox 896 561 1148 609; x_wconf 75' lang='lat' dir='ltr'><em>Christum</em></span> <span class='ocrx_word' id='word_1_35' title='bbox 1169 579 1225 610; x_wconf 73' lang='lat' dir='ltr'><strong>se</strong></span> <span class='ocrx_word' id='word_1_36' title='bbox 1259 578 1368 610; x_wconf 71' lang='lat' dir='ltr'><strong>esse</strong></span> <span class='ocrx_word' id='word_1_37' title='bbox 1402 561 1550 620; x_wconf 91' lang='lat' dir='ltr'><strong>dicat,</strong></span> 
     </span>
     <span class='ocr_line' id='line_1_6' title="bbox 166 636 1552 702; baseline 0 -17"><span class='ocrx_word' id='word_1_38' title='bbox 166 652 326 702; x_wconf 86' lang='lat' dir='ltr'><strong>neque</strong></span> <span class='ocrx_word' id='word_1_39' title='bbox 348 636 518 685; x_wconf 78' lang='lat' dir='ltr'><strong>Jesum</strong></span> <span class='ocrx_word' id='word_1_40' title='bbox 542 654 651 685; x_wconf 77' lang='lat' dir='ltr'><strong>esse</strong></span> <span class='ocrx_word' id='word_1_41' title='bbox 679 637 929 685; x_wconf 69' lang='lat' dir='ltr'><strong>Cleri-artum</strong></span> <span class='ocrx_word' id='word_1_42' title='bbox 948 645 1109 700; x_wconf 87' lang='lat' dir='ltr'><strong>neget,</strong></span> <span class='ocrx_word' id='word_1_43' title='bbox 1134 654 1234 701; x_wconf 90' lang='lat' dir='ltr'><strong>quo</strong></span> <span class='ocrx_word' id='word_1_44' title='bbox 1252 653 1398 686; x_wconf 91' lang='lat' dir='ltr'><strong>sensu</strong></span> <span class='ocrx_word' id='word_1_45' title='bbox 1413 638 1552 686; x_wconf 86' lang='lat' dir='ltr'><strong>Anti-</strong></span> 
     </span>
     <span class='ocr_line' id='line_1_7' title="bbox 167 711 1551 776; baseline 0.001 -16"><span class='ocrx_word' id='word_1_46' title='bbox 167 711 378 760; x_wconf 84' lang='lat' dir='ltr'><strong>christus</strong></span> <span class='ocrx_word' id='word_1_47' title='bbox 418 712 515 760; x_wconf 90' lang='lat' dir='ltr'><strong>dici</strong></span> <span class='ocrx_word' id='word_1_48' title='bbox 562 713 715 776; x_wconf 86' lang='lat' dir='ltr'><strong>possit</strong></span> <span class='ocrx_word' id='word_1_49' title='bbox 762 729 860 760; x_wconf 90' lang='lat' dir='ltr'><strong>non</strong></span> <span class='ocrx_word' id='word_1_50' title='bbox 909 713 1143 776; x_wconf 85' lang='lat' dir='ltr'><strong>intelligo.</strong></span> <span class='ocrx_word' id='word_1_51' title='bbox 1238 714 1366 761; x_wconf 88' lang='lat' dir='ltr'><strong>Nam</strong></span> <span class='ocrx_word' id='word_1_52' title='bbox 1411 713 1551 761; x_wconf 91' lang='lat' dir='ltr'><strong>Anti-</strong></span> 
     </span>
     <span class='ocr_line' id='line_1_8' title="bbox 166 787 1551 852; baseline 0 -16"><span class='ocrx_word' id='word_1_53' title='bbox 166 787 377 836; x_wconf 79' lang='lat' dir='ltr'><strong>christus</strong></span> <span class='ocrx_word' id='word_1_54' title='bbox 411 804 510 836; x_wconf 91' lang='lat' dir='ltr'><strong>non</strong></span> <span class='ocrx_word' id='word_1_55' title='bbox 535 796 609 835; x_wconf 88' lang='lat' dir='ltr'><strong>est</strong></span> <span class='ocrx_word' id='word_1_56' title='bbox 644 788 727 851; x_wconf 83' lang='lat' dir='ltr'><strong>qui</strong></span> <span class='ocrx_word' id='word_1_57' title='bbox 762 787 943 836; x_wconf 85' lang='lat' dir='ltr'><strong>Christi</strong></span> <span class='ocrx_word' id='word_1_58' title='bbox 978 787 1229 846; x_wconf 85' lang='lat' dir='ltr'><strong>vicarium,</strong></span> <span class='ocrx_word' id='word_1_59' title='bbox 1265 788 1351 836; x_wconf 90' lang='lat' dir='ltr'><strong>sed</strong></span> <span class='ocrx_word' id='word_1_60' title='bbox 1392 788 1551 852; x_wconf 90' lang='lat' dir='ltr'><strong>ipsum</strong></span> 
     </span>
     <span class='ocr_line' id='line_1_9' title="bbox 168 862 1552 927; baseline -0.001 -15"><span class='ocrx_word' id='word_1_61' title='bbox 168 862 415 912; x_wconf 84' lang='lat' dir='ltr'><strong>Christum</strong></span> <span class='ocrx_word' id='word_1_62' title='bbox 450 879 502 911; x_wconf 90' lang='lat' dir='ltr'><strong>se</strong></span> <span class='ocrx_word' id='word_1_63' title='bbox 536 879 641 911; x_wconf 80' lang='lat' dir='ltr'><strong>esse</strong></span> <span class='ocrx_word' id='word_1_64' title='bbox 676 863 811 911; x_wconf 89' lang='lat' dir='ltr'><strong>dicit.</strong></span> <span class='ocrx_word' id='word_1_65' title='bbox 879 862 1133 925; x_wconf 86' lang='lat' dir='ltr'><strong>Temporis</strong></span> <span class='ocrx_word' id='word_1_66' title='bbox 1167 863 1330 922; x_wconf 90' lang='lat' dir='ltr'><strong>etiam,</strong></span> <span class='ocrx_word' id='word_1_67' title='bbox 1355 863 1552 927; x_wconf 91' lang='lat' dir='ltr'><strong>quando</strong></span> 
     </span>
     <span class='ocr_line' id='line_1_10' title="bbox 167 938 1553 1002; baseline -0.001 -15"><span class='ocrx_word' id='word_1_68' title='bbox 167 938 497 987; x_wconf 84' lang='lat' dir='ltr'><strong>Antichristus</strong></span> <span class='ocrx_word' id='word_1_69' title='bbox 514 938 593 986; x_wconf 90' lang='lat' dir='ltr'><strong>hic</strong></span> <span class='ocrx_word' id='word_1_70' title='bbox 611 938 884 1002; x_wconf 86' lang='lat' dir='ltr'><strong>praecipuus</strong></span> <span class='ocrx_word' id='word_1_71' title='bbox 902 946 1135 985; x_wconf 89' lang='lat' dir='ltr'><strong>venturus</strong></span> <span class='ocrx_word' id='word_1_72' title='bbox 1159 947 1249 997; x_wconf 89' lang='lat' dir='ltr'><strong>est,</strong></span> <span class='ocrx_word' id='word_1_73' title='bbox 1274 947 1443 986; x_wconf 87' lang='lat' dir='ltr'><strong>notam</strong></span> <span class='ocrx_word' id='word_1_74' title='bbox 1467 939 1553 986; x_wconf 87' lang='lat' dir='ltr'><strong>ali·</strong></span> 
     </span>
     <span class='ocr_line' id='line_1_11' title="bbox 167 1013 1552 1079; baseline -0.001 -17"><span class='ocrx_word' id='word_1_75' title='bbox 167 1030 329 1079; x_wconf 86' lang='lat' dir='ltr'><strong>quam,</strong></span> <span class='ocrx_word' id='word_1_76' title='bbox 353 1014 443 1062; x_wconf 88' lang='lat' dir='ltr'><strong>etsi</strong></span> <span class='ocrx_word' id='word_1_77' title='bbox 465 1030 563 1061; x_wconf 89' lang='lat' dir='ltr'><strong>non</strong></span> <span class='ocrx_word' id='word_1_78' title='bbox 583 1013 723 1061; x_wconf 80' lang='lat' dir='ltr'><strong>valde</strong></span> <span class='ocrx_word' id='word_1_79' title='bbox 747 1013 1068 1076; x_wconf 86' lang='lat' dir='ltr'><strong>perspicuam,</strong></span> <span class='ocrx_word' id='word_1_80' title='bbox 1096 1013 1345 1071; x_wconf 90' lang='lat' dir='ltr'><strong>habemus,</strong></span> <span class='ocrx_word' id='word_1_81' title='bbox 1376 1029 1552 1077; x_wconf 91' lang='lat' dir='ltr'><strong>nempe</strong></span> 
     </span>
     <span class='ocr_line' id='line_1_12' title="bbox 165 1087 1552 1155; baseline -0.001 -18"><span class='ocrx_word' id='word_1_82' title='bbox 165 1089 366 1150; x_wconf 88' lang='lat' dir='ltr'><strong>(Matth.</strong></span> <span class='ocrx_word' id='word_1_83' title='bbox 391 1089 517 1137; x_wconf 82' lang='lat' dir='ltr'><strong>xxiv.</strong></span> <span class='ocrx_word' id='word_1_84' title='bbox 551 1091 745 1150; x_wconf 82' lang='lat'>15-22):</span> <span class='ocrx_word' id='word_1_85' title='bbox 771 1105 877 1136; x_wconf 83' lang='lat' dir='ltr'><strong>eum</strong></span> <span class='ocrx_word' id='word_1_86' title='bbox 894 1088 1126 1155; x_wconf 55' lang='lat' dir='ltr'><strong>videritis</strong></span> <span class='ocrx_word' id='word_1_87' title='bbox 1145 1087 1552 1137; x_wconf 79' lang='lat' dir='ltr'><strong>abominationem</strong></span> 
     </span>
     <span class='ocr_line' id='line_1_13' title="bbox 169 1139 1553 1230; baseline -0.001 -17"><span class='ocrx_word' id='word_1_88' title='bbox 169 1165 308 1213; x_wconf 84' lang='lat' dir='ltr'><strong>illam</strong></span> <span class='ocrx_word' id='word_1_89' title='bbox 339 1165 678 1223; x_wconf 69' lang='lat' dir='ltr'><strong>vastatricem,</strong></span> <span class='ocrx_word' id='word_1_90' title='bbox 719 1182 826 1230; x_wconf 84' lang='lat' dir='ltr'><strong>quoe</strong></span> <span class='ocrx_word' id='word_1_91' title='bbox 866 1139 1116 1212; x_wconf 62' lang='lat' dir='ltr'><strong>clieta&#39;en</strong></span> <span class='ocrx_word' id='word_1_92' title='bbox 1151 1180 1254 1228; x_wconf 82' lang='lat' dir='ltr'><strong>per</strong></span> <span class='ocrx_word' id='word_1_93' title='bbox 1288 1164 1553 1213; x_wconf 80' lang='lat' dir='ltr'><strong>Danielem</strong></span> 
     </span>
     <span class='ocr_line' id='line_1_14' title="bbox 159 1239 1553 1306; baseline 0 -19"><span class='ocrx_word' id='word_1_94' title='bbox 159 1240 481 1306; x_wconf 81' lang='lat' dir='ltr'><strong>prophetam,</strong></span> <span class='ocrx_word' id='word_1_95' title='bbox 507 1241 729 1304; x_wconf 74' lang='lat' dir='ltr'><strong>positam</strong></span> <span class='ocrx_word' id='word_1_96' title='bbox 754 1240 803 1287; x_wconf 90' lang='lat' dir='ltr'><strong>in</strong></span> <span class='ocrx_word' id='word_1_97' title='bbox 829 1239 934 1287; x_wconf 85' lang='lat' dir='ltr'><strong>loco</strong></span> <span class='ocrx_word' id='word_1_98' title='bbox 957 1246 1164 1287; x_wconf 74' lang='lat' dir='ltr'><strong>sancto:</strong></span> <span class='ocrx_word' id='word_1_99' title='bbox 1200 1249 1266 1298; x_wconf 90' lang='lat' dir='ltr'><strong>et,</strong></span> <span class='ocrx_word' id='word_1_100' title='bbox 1301 1241 1402 1288; x_wconf 83' lang='lat' dir='ltr'><strong>erit</strong></span> <span class='ocrx_word' id='word_1_101' title='bbox 1437 1247 1553 1288; x_wconf 81' lang='lat' dir='ltr'><strong>tunc</strong></span> 
     </span>
     <span class='ocr_line' id='line_1_15' title="bbox 169 1315 1553 1381; baseline -0.001 -17"><span class='ocrx_word' id='word_1_102' title='bbox 169 1316 377 1378; x_wconf 57' lang='lat' dir='ltr'><strong>afflietio</strong></span> <span class='ocrx_word' id='word_1_103' title='bbox 400 1333 600 1381; x_wconf 83' lang='lat' dir='ltr'><strong>magna,</strong></span> <span class='ocrx_word' id='word_1_104' title='bbox 624 1316 958 1381; x_wconf 74' lang='lat' dir='ltr'><strong>qualisfacta</strong></span> <span class='ocrx_word' id='word_1_105' title='bbox 983 1315 1200 1379; x_wconf 82' lang='lat' dir='ltr'><strong>nonfuit</strong></span> <span class='ocrx_word' id='word_1_106' title='bbox 1231 1333 1262 1363; x_wconf 87' lang='lat' dir='ltr'><strong>a</strong></span> <span class='ocrx_word' id='word_1_107' title='bbox 1293 1315 1553 1380; x_wconf 80' lang='lat' dir='ltr'><strong>principio</strong></span> 
     </span>
     <span class='ocr_line' id='line_1_16' title="bbox 169 1390 1555 1455; baseline -0.001 -16"><span class='ocrx_word' id='word_1_108' title='bbox 169 1391 337 1439; x_wconf 74' lang='lat' dir='ltr'><strong>muredi</strong></span> <span class='ocrx_word' id='word_1_109' title='bbox 358 1391 432 1438; x_wconf 85' lang='lat' dir='ltr'><strong>acl</strong></span> <span class='ocrx_word' id='word_1_110' title='bbox 451 1390 541 1438; x_wconf 83' lang='lat' dir='ltr'><strong>hoc</strong></span> <span class='ocrx_word' id='word_1_111' title='bbox 564 1407 718 1455; x_wconf 68' lang='lat' dir='ltr'><strong>nsque</strong></span> <span class='ocrx_word' id='word_1_112' title='bbox 735 1398 941 1455; x_wconf 67' lang='lat' dir='ltr'><strong>tempuS,</strong></span> <span class='ocrx_word' id='word_1_113' title='bbox 958 1407 1114 1455; x_wconf 83' lang='lat' dir='ltr'><strong>neque</strong></span> <span class='ocrx_word' id='word_1_114' title='bbox 1137 1392 1483 1455; x_wconf 82' lang='lat' dir='ltr'><strong>unquamfiet;</strong></span> <span class='ocrx_word' id='word_1_115' title='bbox 1502 1398 1555 1438; x_wconf 85' lang='lat' dir='ltr'><strong>et</strong></span> 
     </span>
     <span class='ocr_line' id='line_1_17' title="bbox 168 1456 1549 1530; baseline -0.001 -15"><span class='ocrx_word' id='word_1_116' title='bbox 168 1466 270 1515; x_wconf 73' lang='lat' dir='ltr'><strong>nisi</strong></span> <span class='ocrx_word' id='word_1_117' title='bbox 310 1466 566 1515; x_wconf 85' lang='lat' dir='ltr'><strong>decurtati</strong></span> <span class='ocrx_word' id='word_1_118' title='bbox 602 1467 834 1530; x_wconf 72' lang='lat' dir='ltr'><strong>fuissent</strong></span> <span class='ocrx_word' id='word_1_119' title='bbox 871 1456 980 1514; x_wconf 74' lang='lat' dir='ltr'><strong>dies</strong></span> <span class='ocrx_word' id='word_1_120' title='bbox 1018 1465 1112 1524; x_wconf 86' lang='lat' dir='ltr'><strong>illi,</strong></span> <span class='ocrx_word' id='word_1_121' title='bbox 1140 1467 1344 1530; x_wconf 84' lang='lat' dir='ltr'><strong>periret</strong></span> <span class='ocrx_word' id='word_1_122' title='bbox 1394 1467 1549 1514; x_wconf 70' lang='lat' dir='ltr'><strong>omnis</strong></span> 
     </span>
     <span class='ocr_line' id='line_1_18' title="bbox 168 1541 1557 1605; baseline 0.001 -15"><span class='ocrx_word' id='word_1_123' title='bbox 168 1557 306 1590; x_wconf 81' lang='lat' dir='ltr'><strong>caro.</strong></span> <span class='ocrx_word' id='word_1_124' title='bbox 370 1541 468 1589; x_wconf 92' lang='lat' dir='ltr'><strong>Sed</strong></span> <span class='ocrx_word' id='word_1_125' title='bbox 490 1541 690 1590; x_wconf 89' lang='lat' dir='ltr'><strong>afflictio</strong></span> <span class='ocrx_word' id='word_1_126' title='bbox 714 1542 795 1589; x_wconf 89' lang='lat' dir='ltr'><strong>illa</strong></span> <span class='ocrx_word' id='word_1_127' title='bbox 818 1541 1038 1589; x_wconf 90' lang='lat' dir='ltr'><strong>nondum</strong></span> <span class='ocrx_word' id='word_1_128' title='bbox 1057 1543 1207 1589; x_wconf 90' lang='lat' dir='ltr'><strong>venit.</strong></span> <span class='ocrx_word' id='word_1_129' title='bbox 1278 1542 1557 1605; x_wconf 82' lang='lat' dir='ltr'><strong>Sequutura</strong></span> 
     </span>
     <span class='ocr_line' id='line_1_19' title="bbox 167 1616 1558 1679; baseline -0.001 -14"><span class='ocrx_word' id='word_1_130' title='bbox 167 1616 299 1666; x_wconf 89' lang='lat' dir='ltr'><strong>enim</strong></span> <span class='ocrx_word' id='word_1_131' title='bbox 317 1616 483 1665; x_wconf 88' lang='lat' dir='ltr'><strong>statim</strong></span> <span class='ocrx_word' id='word_1_132' title='bbox 513 1624 586 1664; x_wconf 87' lang='lat' dir='ltr'><strong>est</strong></span> <span class='ocrx_word' id='word_1_133' title='bbox 613 1616 889 1665; x_wconf 87' lang='lat' dir='ltr'><strong>obscuratio</strong></span> <span class='ocrx_word' id='word_1_134' title='bbox 908 1616 1024 1664; x_wconf 87' lang='lat' dir='ltr'><strong>solis</strong></span> <span class='ocrx_word' id='word_1_135' title='bbox 1046 1617 1189 1676; x_wconf 88' lang='lat' dir='ltr'><strong>(vers.</strong></span> <span class='ocrx_word' id='word_1_136' title='bbox 1215 1622 1296 1676; x_wconf 84' lang='lat'><strong>29,</strong></span> <span class='ocrx_word' id='word_1_137' title='bbox 1323 1619 1410 1679; x_wconf 92' lang='grc'><strong>30)</strong></span> <span class='ocrx_word' id='word_1_138' title='bbox 1435 1636 1446 1665; x_wconf 89' lang='lat'>:</span> <span class='ocrx_word' id='word_1_139' title='bbox 1483 1617 1558 1665; x_wconf 83' lang='lat' dir='ltr'><strong>Et</strong></span> 
     </span>
     <span class='ocr_line' id='line_1_20' title="bbox 168 1691 1557 1757; baseline -0.001 -17"><span class='ocrx_word' id='word_1_140' title='bbox 168 1691 332 1740; x_wconf 68' lang='lat' dir='ltr'><strong>stellae</strong></span> <span class='ocrx_word' id='word_1_141' title='bbox 354 1692 551 1751; x_wconf 84' lang='lat' dir='ltr'><strong>cadent,</strong></span> <span class='ocrx_word' id='word_1_142' title='bbox 566 1698 616 1740; x_wconf 85' lang='lat' dir='ltr'><strong>et</strong></span> <span class='ocrx_word' id='word_1_143' title='bbox 627 1698 914 1757; x_wconf 74' lang='lat' dir='ltr'><strong>potestate-s·</strong></span> <span class='ocrx_word' id='word_1_144' title='bbox 929 1691 1159 1739; x_wconf 84' lang='lat' dir='ltr'><strong>coelorum</strong></span> <span class='ocrx_word' id='word_1_145' title='bbox 1179 1692 1521 1739; x_wconf 77' lang='lat' dir='ltr'><strong>concucientur</strong></span> <span class='ocrx_word' id='word_1_146' title='bbox 1536 1711 1557 1747; x_wconf 90' lang='lat'><em>;</em></span> 
     </span>
     <span class='ocr_line' id='line_1_21' title="bbox 169 1766 1556 1833; baseline -0.001 -17"><span class='ocrx_word' id='word_1_147' title='bbox 169 1774 221 1816; x_wconf 80' lang='lat' dir='ltr'><strong>et</strong></span> <span class='ocrx_word' id='word_1_148' title='bbox 235 1774 348 1816; x_wconf 75' lang='lat' dir='ltr'><strong>tunc</strong></span> <span class='ocrx_word' id='word_1_149' title='bbox 362 1767 636 1833; x_wconf 83' lang='lat' dir='ltr'><strong>apparebit</strong></span> <span class='ocrx_word' id='word_1_150' title='bbox 649 1767 846 1815; x_wconf 70' lang='lat' dir='ltr'><strong>siwum</strong></span> <span class='ocrx_word' id='word_1_151' title='bbox 863 1766 987 1815; x_wconf 80' lang='lat' dir='ltr'><strong>Filii</strong></span> <span class='ocrx_word' id='word_1_152' title='bbox 1002 1767 1209 1815; x_wconf 73' lang='lat' dir='ltr'><strong>hominis</strong></span> <span class='ocrx_word' id='word_1_153' title='bbox 1226 1767 1276 1815; x_wconf 88' lang='lat' dir='ltr'><strong>in</strong></span> <span class='ocrx_word' id='word_1_154' title='bbox 1293 1767 1432 1826; x_wconf 88' lang='lat' dir='ltr'><strong>coel0,</strong></span> <span class='ocrx_word' id='word_1_155' title='bbox 1442 1774 1520 1815; x_wconf 86' lang='lat' dir='ltr'><strong>ete</strong></span> <span class='ocrx_word' id='word_1_156' title='bbox 1535 1786 1556 1822; x_wconf 79' lang='lat'><strong>‚-</strong></span> 
     </span>
     <span class='ocr_line' id='line_1_22' title="bbox 169 1842 1556 1892; baseline -0.001 -1"><span class='ocrx_word' id='word_1_157' title='bbox 169 1849 223 1891; x_wconf 77' lang='lat' dir='ltr'><strong>et</strong></span> <span class='ocrx_word' id='word_1_158' title='bbox 254 1842 487 1892; x_wconf 80' lang='lat' dir='ltr'><strong>videbunt</strong></span> <span class='ocrx_word' id='word_1_159' title='bbox 522 1842 704 1891; x_wconf 77' lang='lat' dir='ltr'><strong>Filium</strong></span> <span class='ocrx_word' id='word_1_160' title='bbox 739 1843 948 1891; x_wconf 76' lang='lat' dir='ltr'><strong>hominis</strong></span> <span class='ocrx_word' id='word_1_161' title='bbox 982 1843 1250 1891; x_wconf 83' lang='lat' dir='ltr'><strong>venientem</strong></span> <span class='ocrx_word' id='word_1_162' title='bbox 1273 1843 1324 1890; x_wconf 86' lang='lat' dir='ltr'><strong>in</strong></span> <span class='ocrx_word' id='word_1_163' title='bbox 1347 1842 1556 1890; x_wconf 72' lang='lat' dir='ltr'><strong>nubibus</strong></span> 
     </span>
     <span class='ocr_line' id='line_1_23' title="bbox 171 1917 1556 1983; baseline 0 -17"><span class='ocrx_word' id='word_1_164' title='bbox 171 1933 278 1966; x_wconf 78' lang='lat' dir='ltr'><strong>cum</strong></span> <span class='ocrx_word' id='word_1_165' title='bbox 291 1917 526 1982; x_wconf 83' lang='lat' dir='ltr'><strong>potentia</strong></span> <span class='ocrx_word' id='word_1_166' title='bbox 550 1925 600 1966; x_wconf 86' lang='lat' dir='ltr'><strong>et</strong></span> <span class='ocrx_word' id='word_1_167' title='bbox 619 1918 793 1983; x_wconf 83' lang='lat' dir='ltr'><strong>gloria</strong></span> <span class='ocrx_word' id='word_1_168' title='bbox 818 1918 988 1967; x_wconf 84' lang='lat' dir='ltr'><strong>multa.</strong></span> <span class='ocrx_word' id='word_1_169' title='bbox 1026 1919 1257 1967; x_wconf 92' lang='lat' dir='ltr'><strong>Nondum</strong></span> <span class='ocrx_word' id='word_1_170' title='bbox 1281 1935 1399 1982; x_wconf 88' lang='lat' dir='ltr'><strong>ergo</strong></span> <span class='ocrx_word' id='word_1_171' title='bbox 1422 1919 1556 1966; x_wconf 92' lang='lat' dir='ltr'><strong>venit</strong></span> 
     </span>
     <span class='ocr_line' id='line_1_24' title="bbox 171 1993 1556 2058; baseline 0.001 -17"><span class='ocrx_word' id='word_1_172' title='bbox 171 1993 253 2041; x_wconf 82' lang='lat' dir='ltr'><strong>ille</strong></span> <span class='ocrx_word' id='word_1_173' title='bbox 275 1994 607 2042; x_wconf 87' lang='lat' dir='ltr'><strong>Antichristus</strong></span> <span class='ocrx_word' id='word_1_174' title='bbox 632 2015 646 2049; x_wconf 91' lang='lat'>;</span> <span class='ocrx_word' id='word_1_175' title='bbox 680 1994 935 2058; x_wconf 89' lang='lat' dir='ltr'><strong>pontifices</strong></span> <span class='ocrx_word' id='word_1_176' title='bbox 959 2002 1125 2042; x_wconf 89' lang='lat' dir='ltr'><strong>autem</strong></span> <span class='ocrx_word' id='word_1_177' title='bbox 1153 1994 1294 2042; x_wconf 90' lang='lat' dir='ltr'><strong>multi</strong></span> <span class='ocrx_word' id='word_1_178' title='bbox 1332 2002 1382 2042; x_wconf 91' lang='lat' dir='ltr'><strong>et</strong></span> <span class='ocrx_word' id='word_1_179' title='bbox 1412 2009 1556 2042; x_wconf 89' lang='lat' dir='ltr'><strong>vene-</strong></span> 
     </span>
     <span class='ocr_line' id='line_1_25' title="bbox 172 2069 1554 2133; baseline -0.001 -16"><span class='ocrx_word' id='word_1_180' title='bbox 172 2075 290 2117; x_wconf 89' lang='lat' dir='ltr'><strong>runt</strong></span> <span class='ocrx_word' id='word_1_181' title='bbox 324 2077 376 2117; x_wconf 90' lang='lat' dir='ltr'><strong>et</strong></span> <span class='ocrx_word' id='word_1_182' title='bbox 415 2069 656 2118; x_wconf 86' lang='lat' dir='ltr'><strong>abierunt.</strong></span> <span class='ocrx_word' id='word_1_183' title='bbox 738 2071 1037 2118; x_wconf 89' lang='lat' dir='ltr'><strong>Potestatem</strong></span> <span class='ocrx_word' id='word_1_184' title='bbox 1074 2069 1270 2133; x_wconf 90' lang='lat' dir='ltr'><strong>quidem</strong></span> <span class='ocrx_word' id='word_1_185' title='bbox 1312 2070 1363 2117; x_wconf 92' lang='lat' dir='ltr'><strong>in</strong></span> <span class='ocrx_word' id='word_1_186' title='bbox 1399 2069 1554 2116; x_wconf 91' lang='lat' dir='ltr'><strong>domi-</strong></span> 
     </span>
     <span class='ocr_line' id='line_1_26' title="bbox 173 2144 1553 2208; baseline -0.001 -16"><span class='ocrx_word' id='word_1_187' title='bbox 173 2144 267 2192; x_wconf 89' lang='lat' dir='ltr'><strong>niis</strong></span> <span class='ocrx_word' id='word_1_188' title='bbox 289 2144 459 2192; x_wconf 86' lang='lat' dir='ltr'><strong>alienis</strong></span> <span class='ocrx_word' id='word_1_189' title='bbox 493 2145 819 2208; x_wconf 88' lang='lat' dir='ltr'><strong>legislativam</strong></span> <span class='ocrx_word' id='word_1_190' title='bbox 843 2146 935 2193; x_wconf 91' lang='lat' dir='ltr'><strong>sibi</strong></span> <span class='ocrx_word' id='word_1_191' title='bbox 957 2153 1228 2204; x_wconf 88' lang='lat' dir='ltr'><strong>assumunt,</strong></span> <span class='ocrx_word' id='word_1_192' title='bbox 1265 2153 1314 2192; x_wconf 93' lang='lat' dir='ltr'><strong>et</strong></span> <span class='ocrx_word' id='word_1_193' title='bbox 1348 2160 1553 2207; x_wconf 88' lang='lat' dir='ltr'><strong>regnum</strong></span> 
     </span>
     <span class='ocr_line' id='line_1_27' title="bbox 174 2218 1556 2284; baseline -0.001 -17"><span class='ocrx_word' id='word_1_194' title='bbox 174 2218 422 2283; x_wconf 83' lang='lat' dir='ltr'><strong>quoddam</strong></span> <span class='ocrx_word' id='word_1_195' title='bbox 461 2228 730 2284; x_wconf 85' lang='lat' dir='ltr'><strong>usurpant;</strong></span> <span class='ocrx_word' id='word_1_196' title='bbox 777 2220 862 2268; x_wconf 91' lang='lat' dir='ltr'><strong>sed</strong></span> <span class='ocrx_word' id='word_1_197' title='bbox 903 2221 953 2268; x_wconf 88' lang='lat' dir='ltr'><strong>in</strong></span> <span class='ocrx_word' id='word_1_198' title='bbox 987 2221 1082 2268; x_wconf 89' lang='lat' dir='ltr'><strong>hoc</strong></span> <span class='ocrx_word' id='word_1_199' title='bbox 1127 2219 1328 2277; x_wconf 91' lang='lat' dir='ltr'><strong>mund0,</strong></span> <span class='ocrx_word' id='word_1_200' title='bbox 1372 2235 1464 2266; x_wconf 89' lang='lat' dir='ltr'><strong>nec</strong></span> <span class='ocrx_word' id='word_1_201' title='bbox 1499 2226 1556 2266; x_wconf 90' lang='lat' dir='ltr'><strong>ut</strong></span> 
     </span>
     <span class='ocr_line' id='line_1_28' title="bbox 179 2293 1557 2359; baseline -0.002 -16"><span class='ocrx_word' id='word_1_202' title='bbox 179 2294 427 2353; x_wconf 68' lang='lat' dir='ltr'><strong>Christus,</strong></span> <span class='ocrx_word' id='word_1_203' title='bbox 463 2294 550 2342; x_wconf 90' lang='lat' dir='ltr'><strong>sed</strong></span> <span class='ocrx_word' id='word_1_204' title='bbox 584 2303 641 2342; x_wconf 91' lang='lat' dir='ltr'><strong>ut</strong></span> <span class='ocrx_word' id='word_1_205' title='bbox 667 2311 769 2359; x_wconf 84' lang='lat' dir='ltr'><strong>pro</strong></span> <span class='ocrx_word' id='word_1_206' title='bbox 808 2295 1011 2343; x_wconf 74' lang='lat' dir='ltr'><strong>Christo</strong></span> <span class='ocrx_word' id='word_1_207' title='bbox 1044 2302 1303 2358; x_wconf 89' lang='lat' dir='ltr'><strong>usurpant;</strong></span> <span class='ocrx_word' id='word_1_208' title='bbox 1339 2293 1390 2341; x_wconf 91' lang='lat' dir='ltr'><strong>id</strong></span> <span class='ocrx_word' id='word_1_209' title='bbox 1425 2293 1557 2357; x_wconf 91' lang='lat' dir='ltr'><strong>quod</strong></span> 
     </span>
     <span class='ocr_line' id='line_1_29' title="bbox 0 2369 1045 2432; baseline 0 -14"><span class='ocrx_word' id='word_1_210' title='bbox 0 2415 6 2432; x_wconf 44' lang='grc' dir='ltr'><strong>ξ</strong></span> <span class='ocrx_word' id='word_1_211' title='bbox 36 2415 45 2419; x_wconf 78' lang='grc'>,</span> <span class='ocrx_word' id='word_1_212' title='bbox 174 2369 296 2418; x_wconf 89' lang='lat' dir='ltr'><strong>nihil</strong></span> <span class='ocrx_word' id='word_1_213' title='bbox 321 2369 470 2417; x_wconf 90' lang='lat' dir='ltr'><strong>habet</strong></span> <span class='ocrx_word' id='word_1_214' title='bbox 492 2369 542 2416; x_wconf 90' lang='lat' dir='ltr'><strong>in</strong></span> <span class='ocrx_word' id='word_1_215' title='bbox 568 2385 620 2417; x_wconf 89' lang='lat' dir='ltr'><strong>se</strong></span> <span class='ocrx_word' id='word_1_216' title='bbox 638 2369 700 2418; x_wconf 92' lang='lat' dir='ltr'><strong>de</strong></span> <span class='ocrx_word' id='word_1_217' title='bbox 723 2371 1045 2419; x_wconf 88' lang='lat' dir='ltr'><strong>Antichristo.</strong></span> 
     </span>
     <span class='ocr_line' id='line_1_30' title="bbox 0 2438 1557 2509; baseline -0.001 -17"><span class='ocrx_word' id='word_1_218' title='bbox 0 2438 9 2503; x_wconf 61' lang='grc' dir='ltr'>ξ</span> <span class='ocrx_word' id='word_1_219' title='bbox 244 2445 302 2492; x_wconf 89' lang='lat' dir='ltr'><strong>ln</strong></span> <span class='ocrx_word' id='word_1_220' title='bbox 325 2444 451 2492; x_wconf 89' lang='lat' dir='ltr'><strong>libro</strong></span> <span class='ocrx_word' id='word_1_221' title='bbox 474 2452 664 2506; x_wconf 85' lang='lat' dir='ltr'><strong>quarto,</strong></span> <span class='ocrx_word' id='word_1_222' title='bbox 688 2457 744 2493; x_wconf 91' lang='lat' dir='ltr'><strong>ut</strong></span> <span class='ocrx_word' id='word_1_223' title='bbox 765 2446 940 2508; x_wconf 89' lang='lat' dir='ltr'><strong>probet</strong></span> <span class='ocrx_word' id='word_1_224' title='bbox 973 2446 1255 2509; x_wconf 88' lang='lat' dir='ltr'><strong>pontificem</strong></span> <span class='ocrx_word' id='word_1_225' title='bbox 1282 2444 1557 2491; x_wconf 88' lang='lat' dir='ltr'><strong>Romanum</strong></span> 
     </span>
     <span class='ocr_line' id='line_1_31' title="bbox 0 2509 1558 2569; baseline -0.002 0"><span class='ocrx_word' id='word_1_226' title='bbox 0 2509 3 2522; x_wconf 55' lang='lat'>²</span> <span class='ocrx_word' id='word_1_227' title='bbox 177 2521 227 2569; x_wconf 91' lang='lat' dir='ltr'><strong>in</strong></span> <span class='ocrx_word' id='word_1_228' title='bbox 254 2519 603 2567; x_wconf 88' lang='lat' dir='ltr'><strong>controversiis</strong></span> <span class='ocrx_word' id='word_1_229' title='bbox 626 2521 850 2568; x_wconf 91' lang='lat' dir='ltr'><strong>omnibus</strong></span> <span class='ocrx_word' id='word_1_230' title='bbox 873 2529 978 2569; x_wconf 91' lang='lat' dir='ltr'><strong>tum</strong></span> <span class='ocrx_word' id='word_1_231' title='bbox 996 2521 1111 2568; x_wconf 88' lang='lat' dir='ltr'><strong>fidei</strong></span> <span class='ocrx_word' id='word_1_232' title='bbox 1136 2530 1240 2567; x_wconf 89' lang='lat' dir='ltr'><strong>tum</strong></span> <span class='ocrx_word' id='word_1_233' title='bbox 1265 2534 1456 2566; x_wconf 90' lang='lat' dir='ltr'><strong>morum</strong></span> <span class='ocrx_word' id='word_1_234' title='bbox 1479 2535 1558 2567; x_wconf 89' lang='lat' dir='ltr'><strong>su-</strong></span> 
     </span>
     <span class='ocr_line' id='line_1_32' title="bbox 175 2593 1555 2659; baseline -0.001 -18"><span class='ocrx_word' id='word_1_235' title='bbox 175 2610 397 2659; x_wconf 89' lang='lat' dir='ltr'><strong>premum</strong></span> <span class='ocrx_word' id='word_1_236' title='bbox 434 2609 539 2641; x_wconf 89' lang='lat' dir='ltr'><strong>esse</strong></span> <span class='ocrx_word' id='word_1_237' title='bbox 573 2593 804 2657; x_wconf 90' lang='lat' dir='ltr'><strong>judicem,</strong></span> <span class='ocrx_word' id='word_1_238' title='bbox 840 2595 971 2658; x_wconf 91' lang='lat' dir='ltr'><strong>quod</strong></span> <span class='ocrx_word' id='word_1_239' title='bbox 1007 2594 1294 2643; x_wconf 83' lang='lat' dir='ltr'><strong>tantundem</strong></span> <span class='ocrx_word' id='word_1_240' title='bbox 1318 2602 1394 2640; x_wconf 87' lang='lat' dir='ltr'><strong>est</strong></span> <span class='ocrx_word' id='word_1_241' title='bbox 1432 2609 1490 2641; x_wconf 88' lang='lat' dir='ltr'><strong>ac</strong></span> <span class='ocrx_word' id='word_1_242' title='bbox 1513 2593 1555 2640; x_wconf 90' lang='lat' dir='ltr'><strong>si</strong></span> 
     </span>
     <span class='ocr_line' id='line_1_33' title="bbox 177 2668 1556 2731; baseline -0.001 -13"><span class='ocrx_word' id='word_1_243' title='bbox 177 2670 315 2718; x_wconf 89' lang='lat' dir='ltr'><strong>illum</strong></span> <span class='ocrx_word' id='word_1_244' title='bbox 338 2668 728 2717; x_wconf 88' lang='lat' dir='ltr'><strong>Christianorum</strong></span> <span class='ocrx_word' id='word_1_245' title='bbox 764 2670 981 2731; x_wconf 85' lang='lat' dir='ltr'><strong>omnium</strong></span> <span class='ocrx_word' id='word_1_246' title='bbox 1019 2669 1334 2718; x_wconf 83' lang='lat' dir='ltr'><strong>monarcham</strong></span> <span class='ocrx_word' id='word_1_247' title='bbox 1363 2668 1556 2716; x_wconf 88' lang='lat' dir='ltr'><strong>absolu-</strong></span> 
     </span>
     <span class='ocr_line' id='line_1_34' title="bbox 177 2743 1555 2807; baseline -0.002 -13"><span class='ocrx_word' id='word_1_248' title='bbox 177 2745 413 2794; x_wconf 86' lang='lat' dir='ltr'><strong>tissimum</strong></span> <span class='ocrx_word' id='word_1_249' title='bbox 439 2759 546 2791; x_wconf 88' lang='lat' dir='ltr'><strong>esse</strong></span> <span class='ocrx_word' id='word_1_250' title='bbox 571 2743 790 2804; x_wconf 84' lang='lat' dir='ltr'><strong>dixisset,</strong></span> <span class='ocrx_word' id='word_1_251' title='bbox 814 2753 914 2793; x_wconf 65' lang='lat' dir='ltr'><strong>troe</strong></span> <span class='ocrx_word' id='word_1_252' title='bbox 944 2745 1145 2794; x_wconf 86' lang='lat' dir='ltr'><strong>adducit</strong></span> <span class='ocrx_word' id='word_1_253' title='bbox 1179 2743 1555 2807; x_wconf 89' lang='lat' dir='ltr'><strong>propositiones.</strong></span> 
     </span>
     <span class='ocr_line' id='line_1_35' title="bbox 179 2817 1556 2883; baseline -0.001 -14"><span class='ocrx_word' id='word_1_254' title='bbox 179 2821 404 2877; x_wconf 84' lang='lat' dir='ltr'><strong>Primam,</strong></span> <span class='ocrx_word' id='word_1_255' title='bbox 434 2818 619 2883; x_wconf 85' lang='lat' dir='ltr'><strong>judicia</strong></span> <span class='ocrx_word' id='word_1_256' title='bbox 640 2820 746 2883; x_wconf 88' lang='lat' dir='ltr'><strong>ejus</strong></span> <span class='ocrx_word' id='word_1_257' title='bbox 788 2820 1058 2869; x_wconf 84' lang='lat' dir='ltr'><strong>infallibilia</strong></span> <span class='ocrx_word' id='word_1_258' title='bbox 1089 2836 1224 2868; x_wconf 87' lang='lat' dir='ltr'><strong>esse:</strong></span> <span class='ocrx_word' id='word_1_259' title='bbox 1275 2817 1556 2877; x_wconf 82' lang='lat' dir='ltr'><strong>secundam,</strong></span> 
     </span>
    </p>
   </div>
   <div class='ocr_carea' id='block_1_3' title="bbox 0 630 32 2069">
    <p class='ocr_par' dir='ltr' id='par_1_3' title="bbox 0 630 32 2069">
     <span class='ocr_line' id='line_1_36' title="bbox 0 630 32 2069; baseline 0 0"><span class='ocrx_word' id='word_1_260' title='bbox 0 630 32 2069; x_wconf 95' lang='lat' dir='ltr'><strong> </strong></span> 
     </span>
    </p>
   </div>
  </div>
 </body>
</html>
