1968 3236
416 254 511 296 528
730 264 1017 297 APPENDIX
1044 264 1115 297 AD
1144 265 1483 300 LEv1A⁷rHAN.

182 395 332 429 CAPJ.
414 376 467 423 in
491 377 621 424 omni
653 393 798 424 carne
836 377 1089 440 aequaliter
1126 377 1318 435 existat,
1341 379 1629 441 probabitur
1652 379 1800 426 etiam

166 450 360 528 m
416 468 583 499 omnes
619 453 737 499 alios
784 452 1004 499 homines
1047 451 1226 499 habere
1272 461 1528 516 utramque
1573 460 1799 502 naturam

165 534 287 563 Niceno-
414 527 676 574 humanam
700 535 749 574 et
774 527 1003 584 divinam,
1029 527 1154 575 sicut
1179 528 1436 576 Christus?

481 603 545 650 B.
583 602 802 649 Minime.
870 602 975 649 Etsi
1010 603 1139 650 enim
1176 603 1308 651 Deus
1344 604 1407 651 sit
1439 604 1619 667 ubique
1643 605 1800 653 omni-

413 686 601 740 potens,
637 677 820 725 faciens
860 678 1041 741 ubique
1089 679 1252 726 omnia
1287 696 1396 742 quae
1430 680 1536 727 vult
1570 681 1621 728 in
1666 681 1799 728 omni

415 761 652 812 creatura,
678 769 777 800 non
802 761 967 801 tamen
1002 755 1182 818 ubique
1215 755 1334 802 facit
1362 755 1597 818 quicquid
1619 763 1797 818 potest.

415 829 471 876 In
494 829 809 891 generatione
834 829 1045 877 hominis
1069 831 1130 878 ab
1154 831 1367 887 homine,
1391 831 1548 878 voluit
1570 831 1631 878 ab
1655 841 1798 879 aeter-

412 920 475 951 no
500 905 704 967 produci
722 912 915 953 tantum
933 905 1196 965 hominem,
1217 907 1300 970 qui
1323 907 1487 954 omnia
1508 907 1670 955 facere
1688 923 1797 971 quae

411 980 515 1027 vult
537 997 637 1028 non
659 987 849 1043 potest3
885 987 936 1029 at
958 981 1009 1028 in
1032 983 1349 1044 generatione
1380 983 1591 1030 hominis
1627 999 1795 1046 super-

411 1056 621 1103 naturali
655 1056 819 1114 modo,
855 1072 943 1120 per
982 1057 1219 1120 Spiritum
1256 1059 1509 1117 Sanctum,
1545 1059 1696 1107 voluit
1732 1059 1795 1107 ab

411 1139 594 1179 aeterno
619 1132 888 1194 producere
919 1132 1166 1180 hominem
1204 1134 1288 1196 qui
1321 1133 1482 1181 facere
1503 1141 1670 1198 posset
1693 1151 1796 1182 om-

413 1207 492 1254 nia
524 1223 633 1270 quae
655 1207 817 1266 vellet,
842 1207 892 1255 id
918 1216 1007 1267 est,
1031 1208 1280 1256 hominem
1304 1215 1353 1256 et
1378 1209 1550 1257 Deum.
1620 1209 1795 1272 Neque

409 1282 544 1329 locus
582 1283 662 1331 hic
700 1283 826 1331 ullus
860 1293 933 1332 est
969 1284 1221 1347 quaerendi
1244 1285 1481 1348 quomodo
1500 1303 1520 1340 ‚·
1556 1286 1670 1348 quia
1692 1302 1794 1334 non

407 1358 552 1405 modo
578 1359 856 1418 Christiani,
882 1359 969 1408 sed
1002 1360 1148 1408 etiam
1170 1367 1342 1423 gentes
1365 1376 1534 1408 omnes
1559 1377 1668 1423 quae
1691 1377 1795 1409 cre-

407 1432 530 1481 dunt
553 1450 656 1481 esse
681 1435 855 1494 Deum,
881 1434 1091 1483 eundem
1124 1434 1332 1482 credunt
1356 1451 1461 1483 esse
1485 1435 1793 1499 omnipoten-

405 1516 528 1564 tem;
556 1526 646 1557 nec
664 1510 920 1574 requirunt
941 1510 1187 1574 quomodo
1201 1512 1389 1575 gignat,
1405 1527 1550 1575 quem
1565 1512 1791 1575 genuisse

406 1583 588 1632 dicunt.

475 1661 535 1708 A.
575 1660 828 1710 Hactenus
864 1662 1138 1710 doctrinam
1176 1662 1383 1726 symboli
1418 1662 1594 1710 Niceni
1617 1662 1687 1711 ita
1709 1679 1793 1711 ex-

404 1734 608 1797 plicasti,
634 1743 691 1783 ut
713 1737 860 1785 fidem
886 1738 1212 1786 Christianam
1234 1738 1368 1786 nullo
1398 1738 1544 1786 modo
1582 1738 1788 1788 labefac-

404 1817 545 1869 tasse,
567 1811 652 1859 sed
675 1813 838 1875 potius
864 1815 1191 1873 confirmasse,
1212 1814 1332 1861 mihi
1355 1813 1568 1872 videare,
1594 1814 1680 1863 sed
1703 1823 1790 1864 tuo

404 1885 567 1934 modo.

470 1962 686 2011 Ostende
708 1981 839 2013 nunc
864 1966 982 2029 quid
1006 1966 1069 2014 sit
1092 1965 1223 2029 quod
1247 1965 1406 2014 Graeci
1429 1965 1677 2030 appellant
1700 1966 1790 2030 hy-

403 2039 636 2099 postasin.

468 2113 532 2161 B.
571 2114 780 2164 Quando
809 2116 994 2180 aliquid
1028 2117 1232 2165 intueris
1257 2116 1390 2180 quod
1427 2133 1573 2165 vocas
1608 2116 1788 2175 album,

402 2204 579 2236 nomen
603 2190 723 2238 illud
746 2191 956 2255 imponis
980 2192 1267 2241 substantiae
1298 2192 1399 2240 sive
1435 2193 1656 2255 subjecto
1680 2208 1789 2241 cor-

401 2264 522 2326 pori,
538 2272 658 2327 puta
674 2267 920 2326 marmori,
937 2268 1028 2315 etsi
1053 2267 1305 2316 oculorum
1322 2275 1520 2315 tuorum
1538 2267 1669 2316 acies
1687 2283 1788 2316 non

400 2348 562 2400 potest
584 2349 839 2404 penetrare
863 2343 914 2390 in
943 2344 1266 2391 substantiam
1300 2343 1571 2402 marmoris,
1595 2350 1681 2392 aut
1703 2359 1788 2391 cu-

396 2414 668 2479 juscunque
686 2417 807 2465 alius
831 2418 972 2466 entis.
1009 2418 1189 2466 Album-
1212 2419 1363 2482 igitur
1387 2418 1603 2482 corporis
1625 2434 1714 2482 per
1736 2435 1787 2467 se

402 2491 720 2550 subsistentiS,
752 2509 852 2541 non
889 2494 1064 2541 coloris
1096 2511 1275 2543 nomen
1307 2502 1396 2552 est,
1425 2502 1476 2542 et
1506 2494 1787 2558 impositum

401 2573 601 2628 propter
625 2568 869 2630 quandam
898 2576 1081 2616 certam
1117 2570 1470 2633 apparentiam,
1496 2569 1612 2629 sive,
1636 2578 1693 2618 ut
1715 2570 1786 2618 lo-

403 2649 620 2701 quuntur
654 2642 826 2701 Graeci,
863 2641 1037 2704 ἕμφασιν
1061 2645 1136 2691 vel
1166 2646 1403 2706 φαντάσμα,
1428 2645 1560 2708 quod
1593 2644 1786 2693 videtur

403 2715 598 2776 quidem
618 2732 721 2764 esse
745 2718 944 2781 aliquid,
969 2734 1138 2766 revera
1161 2729 1324 2767 autem
1348 2720 1469 2768 nihil
1500 2728 1603 2775 est;
1638 2736 1784 2784 quam

401 2791 754 2852 apparitionem
779 2794 882 2841 sine
902 2794 1064 2857 aliqua
1087 2811 1233 2842 causa
1256 2803 1304 2843 et
1336 2795 1655 2844 fundamento
1679 2811 1784 2844 esse

402 2878 497 2911 non
532 2882 671 2927 posse
707 2868 823 2916 satis
855 2869 1185 2931 intelligimus,
1212 2870 1440 2919 nimirum
1467 2871 1646 2931 album,
1680 2886 1785 2919 esse
