<?xml version="1.0" encoding="UTF-8"?>
<!DOCTYPE html PUBLIC "-//W3C//DTD XHTML 1.0 Transitional//EN"
    "http://www.w3.org/TR/xhtml1/DTD/xhtml1-transitional.dtd">
<html xmlns="http://www.w3.org/1999/xhtml" xml:lang="en" lang="en">
 <head>
  <title>
</title>
<meta http-equiv="Content-Type" content="text/html;charset=utf-8" />
  <meta name='ocr-system' content='tesseract 3.04.00' />
  <meta name='ocr-capabilities' content='ocr_page ocr_carea ocr_par ocr_line ocrx_word'/>
</head>
<body>
  <div class='ocr_page' id='page_1' title='image "./operaphilosophic03hobbuoft_0263.png"; bbox 0 0 1968 3236; ppageno 0'>
   <div class='ocr_carea' id='block_1_1' title="bbox 695 278 1568 325">
    <p class='ocr_par' dir='ltr' id='par_1_1' title="bbox 695 278 1568 325">
     <span class='ocr_line' id='line_1_1' title="bbox 695 278 1568 325; baseline 0.002 -7"><span class='ocrx_word' id='word_1_1' title='bbox 695 286 765 319; x_wconf 73' lang='lat' dir='ltr'><strong>ne</strong></span> <span class='ocrx_word' id='word_1_2' title='bbox 793 286 1062 320; x_wconf 72' lang='lat' dir='ltr'><strong>elvrrA‘rn.</strong></span> <span class='ocrx_word' id='word_1_3' title='bbox 1448 278 1568 325; x_wconf 81' lang='lat'>‚263</span> 
     </span>
    </p>
   </div>
   <div class='ocr_carea' id='block_1_2' title="bbox 193 396 1849 2878">
    <p class='ocr_par' dir='ltr' id='par_1_2' title="bbox 195 396 1849 688">
     <span class='ocr_line' id='line_1_2' title="bbox 198 396 1849 462; baseline 0.001 -18"><span class='ocrx_word' id='word_1_4' title='bbox 198 411 316 461; x_wconf 87' lang='lat' dir='ltr'><strong>ergo</strong></span> <span class='ocrx_word' id='word_1_5' title='bbox 350 396 622 445; x_wconf 84' lang='lat' dir='ltr'><strong>honorandi</strong></span> <span class='ocrx_word' id='word_1_6' title='bbox 659 397 829 456; x_wconf 90' lang='lat' dir='ltr'><strong>Deum,</strong></span> <span class='ocrx_word' id='word_1_7' title='bbox 854 414 963 461; x_wconf 85' lang='lat' dir='ltr'><strong>quae</strong></span> <span class='ocrx_word' id='word_1_8' title='bbox 997 398 1249 446; x_wconf 89' lang='lat' dir='ltr'><strong>constituit</strong></span> <span class='ocrx_word' id='word_1_9' title='bbox 1269 398 1311 447; x_wconf 86' lang='lat' dir='ltr'><strong>is</strong></span> <span class='ocrx_word' id='word_1_10' title='bbox 1334 398 1418 462; x_wconf 89' lang='lat' dir='ltr'><strong>qui</strong></span> <span class='ocrx_word' id='word_1_11' title='bbox 1441 414 1567 446; x_wconf 86' lang='lat' dir='ltr'><strong>sum·</strong></span> <span class='ocrx_word' id='word_1_12' title='bbox 1599 421 1849 456; x_wconf 48' lang='lat' dir='ltr'><strong>mgnum,</strong></span> 
     </span>
     <span class='ocr_line' id='line_1_3' title="bbox 197 472 1811 559; baseline 0.001 -39"><span class='ocrx_word' id='word_1_13' title='bbox 197 488 326 521; x_wconf 81' lang='lat' dir='ltr'><strong>mam</strong></span> <span class='ocrx_word' id='word_1_14' title='bbox 361 472 507 521; x_wconf 90' lang='lat' dir='ltr'><strong>habet</strong></span> <span class='ocrx_word' id='word_1_15' title='bbox 529 481 833 536; x_wconf 85' lang='lat' dir='ltr'><strong>potestatem,</strong></span> <span class='ocrx_word' id='word_1_16' title='bbox 858 490 946 537; x_wconf 92' lang='lat' dir='ltr'><strong>pro</strong></span> <span class='ocrx_word' id='word_1_17' title='bbox 970 473 1146 522; x_wconf 92' lang='lat' dir='ltr'><strong>talibus</strong></span> <span class='ocrx_word' id='word_1_18' title='bbox 1169 474 1219 522; x_wconf 92' lang='lat' dir='ltr'><strong>in</strong></span> <span class='ocrx_word' id='word_1_19' title='bbox 1247 474 1382 523; x_wconf 89' lang='lat' dir='ltr'><strong>cultu</strong></span> <span class='ocrx_word' id='word_1_20' title='bbox 1404 474 1567 523; x_wconf 86' lang='lat' dir='ltr'><strong>divino</strong></span> <span class='ocrx_word' id='word_1_21' title='bbox 1622 476 1811 559; x_wconf 50' lang='lat' dir='ltr'>m</span> 
     </span>
     <span class='ocr_line' id='line_1_4' title="bbox 195 548 1826 613; baseline -0.002 -17"><span class='ocrx_word' id='word_1_22' title='bbox 195 548 390 612; x_wconf 88' lang='lat' dir='ltr'><strong>publico</strong></span> <span class='ocrx_word' id='word_1_23' title='bbox 407 564 437 596; x_wconf 84' lang='lat' dir='ltr'><strong>a</strong></span> <span class='ocrx_word' id='word_1_24' title='bbox 453 548 653 612; x_wconf 85' lang='lat' dir='ltr'><strong>privatis</strong></span> <span class='ocrx_word' id='word_1_25' title='bbox 675 549 949 596; x_wconf 86' lang='lat' dir='ltr'><strong>hominibus</strong></span> <span class='ocrx_word' id='word_1_26' title='bbox 971 549 1250 613; x_wconf 80' lang='lat' dir='ltr'><strong>accipienda</strong></span> <span class='ocrx_word' id='word_1_27' title='bbox 1274 558 1400 598; x_wconf 90' lang='lat' dir='ltr'><strong>sunt.</strong></span> <span class='ocrx_word' id='word_1_28' title='bbox 1470 549 1568 598; x_wconf 88' lang='lat' dir='ltr'><strong>Sed</strong></span> <span class='ocrx_word' id='word_1_29' title='bbox 1624 565 1678 594; x_wconf 65' lang='lat' dir='ltr'><strong>nei</strong></span> <span class='ocrx_word' id='word_1_30' title='bbox 1692 564 1826 594; x_wconf 65' lang='lat' dir='ltr'><strong>mum-u</strong></span> 
     </span>
     <span class='ocr_line' id='line_1_5' title="bbox 196 623 1568 688; baseline 0.001 -17"><span class='ocrx_word' id='word_1_31' title='bbox 196 623 312 687; x_wconf 85' lang='lat' dir='ltr'><strong>quia</strong></span> <span class='ocrx_word' id='word_1_32' title='bbox 332 639 432 671; x_wconf 92' lang='lat' dir='ltr'><strong>non</strong></span> <span class='ocrx_word' id='word_1_33' title='bbox 463 640 628 671; x_wconf 90' lang='lat' dir='ltr'><strong>omnes</strong></span> <span class='ocrx_word' id='word_1_34' title='bbox 663 624 876 672; x_wconf 84' lang='lat' dir='ltr'>actiones</span> <span class='ocrx_word' id='word_1_35' title='bbox 915 633 1116 688; x_wconf 85' lang='lat' dir='ltr'>possunt</span> <span class='ocrx_word' id='word_1_36' title='bbox 1150 625 1429 674; x_wconf 87' lang='lat' dir='ltr'><strong>honorificae</strong></span> <span class='ocrx_word' id='word_1_37' title='bbox 1461 626 1568 673; x_wconf 89' lang='lat' dir='ltr'><strong>fieri</strong></span> 
     </span>
    </p>

    <p class='ocr_par' dir='ltr' id='par_1_3' title="bbox 196 699 1567 762">
     <span class='ocr_line' id='line_1_6' title="bbox 196 699 1567 762; baseline 0.002 -16"><span class='ocrx_word' id='word_1_38' title='bbox 196 714 284 762; x_wconf 87' lang='lat' dir='ltr'><strong>per</strong></span> <span class='ocrx_word' id='word_1_39' title='bbox 316 699 710 747; x_wconf 89' lang='lat' dir='ltr'><strong>constitutionem</strong></span> <span class='ocrx_word' id='word_1_40' title='bbox 751 700 1033 754; x_wconf 88' lang='lat' dir='ltr'><strong>hominum;</strong></span> <span class='ocrx_word' id='word_1_41' title='bbox 1069 716 1180 748; x_wconf 88' lang='lat' dir='ltr'><strong>cum</strong></span> <span class='ocrx_word' id='word_1_42' title='bbox 1213 701 1320 749; x_wconf 89' lang='lat' dir='ltr'><strong>aliae</strong></span> <span class='ocrx_word' id='word_1_43' title='bbox 1354 701 1567 759; x_wconf 86' lang='lat' dir='ltr'><strong>honoris,</strong></span> 
     </span>
    </p>

    <p class='ocr_par' dir='ltr' id='par_1_4' title="bbox 195 773 1570 838">
     <span class='ocr_line' id='line_1_7' title="bbox 195 773 1570 838; baseline 0.001 -15"><span class='ocrx_word' id='word_1_44' title='bbox 195 773 303 823; x_wconf 80' lang='lat' dir='ltr'><strong>aliae</strong></span> <span class='ocrx_word' id='word_1_45' title='bbox 339 775 643 823; x_wconf 84' lang='lat' dir='ltr'><strong>contumeliae</strong></span> <span class='ocrx_word' id='word_1_46' title='bbox 684 775 967 822; x_wconf 83' lang='lat' dir='ltr'>naturaliter</span> <span class='ocrx_word' id='word_1_47' title='bbox 1001 775 1138 838; x_wconf 86' lang='lat' dir='ltr'><strong>signa</strong></span> <span class='ocrx_word' id='word_1_48' title='bbox 1161 775 1289 831; x_wconf 89' lang='lat' dir='ltr'><strong>sint;</strong></span> <span class='ocrx_word' id='word_1_49' title='bbox 1325 775 1386 823; x_wconf 92' lang='lat' dir='ltr'><strong>de</strong></span> <span class='ocrx_word' id='word_1_50' title='bbox 1408 776 1466 824; x_wconf 88' lang='lat' dir='ltr'><strong>iis</strong></span> <span class='ocrx_word' id='word_1_51' title='bbox 1488 792 1570 824; x_wconf 82' lang='lat' dir='ltr'><strong>ac-</strong></span> 
     </span>
    </p>

    <p class='ocr_par' dir='ltr' id='par_1_5' title="bbox 196 850 1568 908">
     <span class='ocr_line' id='line_1_8' title="bbox 196 850 1568 908; baseline 0.001 -10"><span class='ocrx_word' id='word_1_52' title='bbox 196 850 408 898; x_wconf 89' lang='lat' dir='ltr'><strong>tionibus</strong></span> <span class='ocrx_word' id='word_1_53' title='bbox 442 850 570 908; x_wconf 92' lang='lat' dir='ltr'><strong>solis,</strong></span> <span class='ocrx_word' id='word_1_54' title='bbox 605 867 666 897; x_wconf 87' lang='lat' dir='ltr'><strong>an</strong></span> <span class='ocrx_word' id='word_1_55' title='bbox 702 851 751 897; x_wconf 91' lang='lat' dir='ltr'><strong>in</strong></span> <span class='ocrx_word' id='word_1_56' title='bbox 787 850 966 898; x_wconf 90' lang='lat' dir='ltr'><strong>cultum</strong></span> <span class='ocrx_word' id='word_1_57' title='bbox 1005 850 1220 898; x_wconf 84' lang='lat' dir='ltr'><strong>divinum</strong></span> <span class='ocrx_word' id='word_1_58' title='bbox 1253 850 1568 900; x_wconf 86' lang='lat' dir='ltr'><strong>admittendae</strong></span> 
     </span>
    </p>

    <p class='ocr_par' dir='ltr' id='par_1_6' title="bbox 195 924 1568 989">
     <span class='ocr_line' id='line_1_9' title="bbox 195 924 1568 989; baseline 0.001 -16"><span class='ocrx_word' id='word_1_59' title='bbox 195 924 310 983; x_wconf 87' lang='lat' dir='ltr'><strong>sint,</strong></span> <span class='ocrx_word' id='word_1_60' title='bbox 333 926 626 974; x_wconf 90' lang='lat' dir='ltr'><strong>constituere</strong></span> <span class='ocrx_word' id='word_1_61' title='bbox 649 935 811 988; x_wconf 90' lang='lat' dir='ltr'><strong>potest</strong></span> <span class='ocrx_word' id='word_1_62' title='bbox 834 926 1016 984; x_wconf 62' lang='lat' dir='ltr'><strong>obitas,</strong></span> <span class='ocrx_word' id='word_1_63' title='bbox 1041 943 1147 989; x_wconf 86' lang='lat' dir='ltr'><strong>quae</strong></span> <span class='ocrx_word' id='word_1_64' title='bbox 1174 943 1261 975; x_wconf 86' lang='lat' dir='ltr'><strong>sua</strong></span> <span class='ocrx_word' id='word_1_65' title='bbox 1283 934 1457 975; x_wconf 86' lang='lat' dir='ltr'><strong>natura</strong></span> <span class='ocrx_word' id='word_1_66' title='bbox 1478 943 1568 976; x_wconf 92' lang='lat' dir='ltr'><strong>nec</strong></span> 
     </span>
    </p>

    <p class='ocr_par' dir='ltr' id='par_1_7' title="bbox 194 1000 1569 1066">
     <span class='ocr_line' id='line_1_10' title="bbox 194 1000 1569 1066; baseline 0.001 -18"><span class='ocrx_word' id='word_1_67' title='bbox 194 1000 430 1049; x_wconf 88' lang='lat' dir='ltr'><strong>honorem</strong></span> <span class='ocrx_word' id='word_1_68' title='bbox 449 1017 537 1048; x_wconf 92' lang='lat' dir='ltr'><strong>nec</strong></span> <span class='ocrx_word' id='word_1_69' title='bbox 557 1002 895 1049; x_wconf 87' lang='lat' dir='ltr'><strong>contumeliam</strong></span> <span class='ocrx_word' id='word_1_70' title='bbox 914 1002 1214 1065; x_wconf 85' lang='lat' dir='ltr'><strong>significant;</strong></span> <span class='ocrx_word' id='word_1_71' title='bbox 1251 1010 1299 1050; x_wconf 90' lang='lat' dir='ltr'><strong>et</strong></span> <span class='ocrx_word' id='word_1_72' title='bbox 1322 1002 1453 1066; x_wconf 90' lang='lat' dir='ltr'><strong>quod</strong></span> <span class='ocrx_word' id='word_1_73' title='bbox 1474 1011 1569 1051; x_wconf 80' lang='lat' dir='ltr'><strong>sta-</strong></span> 
     </span>
    </p>

    <p class='ocr_par' dir='ltr' id='par_1_8' title="bbox 194 1077 993 1135">
     <span class='ocr_line' id='line_1_11' title="bbox 194 1077 993 1135; baseline 0 -11"><span class='ocrx_word' id='word_1_74' title='bbox 194 1077 344 1124; x_wconf 88' lang='lat' dir='ltr'><strong>tuerit</strong></span> <span class='ocrx_word' id='word_1_75' title='bbox 366 1077 549 1135; x_wconf 53' lang='lat' dir='ltr'><strong>ciuitas,</strong></span> <span class='ocrx_word' id='word_1_76' title='bbox 571 1078 810 1124; x_wconf 88' lang='lat' dir='ltr'><strong>observari</strong></span> <span class='ocrx_word' id='word_1_77' title='bbox 835 1077 993 1125; x_wconf 82' lang='lat' dir='ltr'><strong>debet.</strong></span> 
     </span>
    </p>

    <p class='ocr_par' dir='ltr' id='par_1_9' title="bbox 193 1151 1570 2049">
     <span class='ocr_line' id='line_1_12' title="bbox 264 1151 1567 1223; baseline 0.001 -24"><span class='ocrx_word' id='word_1_78' title='bbox 264 1151 514 1200; x_wconf 84' lang='lat' dir='ltr'>Hactenus</span> <span class='ocrx_word' id='word_1_79' title='bbox 538 1152 598 1199; x_wconf 91' lang='lat' dir='ltr'><strong>de</strong></span> <span class='ocrx_word' id='word_1_80' title='bbox 616 1168 764 1215; x_wconf 85' lang='lat' dir='ltr'><strong>regno</strong></span> <span class='ocrx_word' id='word_1_81' title='bbox 788 1160 835 1200; x_wconf 91' lang='lat' dir='ltr'><strong>et</strong></span> <span class='ocrx_word' id='word_1_82' title='bbox 868 1153 968 1199; x_wconf 91' lang='lat' dir='ltr'><strong>cult</strong></span> <span class='ocrx_word' id='word_1_83' title='bbox 998 1211 1003 1223; x_wconf 42' lang='grc'>,</span> <span class='ocrx_word' id='word_1_84' title='bbox 1040 1153 1129 1200; x_wconf 90' lang='lat' dir='ltr'><strong>Dei</strong></span> <span class='ocrx_word' id='word_1_85' title='bbox 1152 1153 1361 1200; x_wconf 88' lang='lat' dir='ltr'><strong>naturali</strong></span> <span class='ocrx_word' id='word_1_86' title='bbox 1384 1152 1567 1201; x_wconf 91' lang='lat' dir='ltr'><strong>dictum</strong></span> 
     </span>
     <span class='ocr_line' id='line_1_13' title="bbox 195 1225 1570 1293; baseline 0.002 -19"><span class='ocrx_word' id='word_1_87' title='bbox 195 1235 285 1275; x_wconf 84' lang='lat' dir='ltr'><strong>est.</strong></span> <span class='ocrx_word' id='word_1_88' title='bbox 339 1227 527 1275; x_wconf 84' lang='lat' dir='ltr'>Addam</span> <span class='ocrx_word' id='word_1_89' title='bbox 547 1227 606 1275; x_wconf 91' lang='lat' dir='ltr'><strong>de</strong></span> <span class='ocrx_word' id='word_1_90' title='bbox 621 1229 774 1291; x_wconf 84' lang='lat' dir='ltr'><strong>poenis</strong></span> <span class='ocrx_word' id='word_1_91' title='bbox 793 1236 964 1276; x_wconf 87' lang='lat' dir='ltr'><strong>natura</strong></span> <span class='ocrx_word' id='word_1_92' title='bbox 998 1225 1090 1276; x_wconf 87' lang='lat' dir='ltr'><strong>&#39;bus</strong></span> <span class='ocrx_word' id='word_1_93' title='bbox 1107 1229 1200 1276; x_wconf 92' lang='lat' dir='ltr'><strong>hoc</strong></span> <span class='ocrx_word' id='word_1_94' title='bbox 1215 1236 1422 1286; x_wconf 88' lang='lat' dir='ltr'><strong>tantum,</strong></span> <span class='ocrx_word' id='word_1_95' title='bbox 1438 1229 1570 1293; x_wconf 91' lang='lat' dir='ltr'><strong>quod</strong></span> 
     </span>
     <span class='ocr_line' id='line_1_14' title="bbox 194 1304 1568 1368; baseline 0.001 -18"><span class='ocrx_word' id='word_1_96' title='bbox 194 1312 397 1365; x_wconf 87' lang='lat' dir='ltr'><strong>peccata</strong></span> <span class='ocrx_word' id='word_1_97' title='bbox 412 1319 510 1350; x_wconf 93' lang='lat' dir='ltr'><strong>non</strong></span> <span class='ocrx_word' id='word_1_98' title='bbox 529 1304 876 1352; x_wconf 89' lang='lat' dir='ltr'><strong>constitutione</strong></span> <span class='ocrx_word' id='word_1_99' title='bbox 894 1312 1263 1368; x_wconf 88' lang='lat' dir='ltr'><strong>consequantur,</strong></span> <span class='ocrx_word' id='word_1_100' title='bbox 1279 1305 1364 1352; x_wconf 92' lang='lat' dir='ltr'><strong>sed</strong></span> <span class='ocrx_word' id='word_1_101' title='bbox 1377 1314 1568 1352; x_wconf 87' lang='lat' dir='ltr'><strong>natura.</strong></span> 
     </span>
     <span class='ocr_line' id='line_1_15' title="bbox 197 1377 1568 1442; baseline 0.002 -17"><span class='ocrx_word' id='word_1_102' title='bbox 197 1377 345 1426; x_wconf 92' lang='lat' dir='ltr'><strong>Nulla</strong></span> <span class='ocrx_word' id='word_1_103' title='bbox 380 1378 481 1426; x_wconf 85' lang='lat' dir='ltr'><strong>fere</strong></span> <span class='ocrx_word' id='word_1_104' title='bbox 512 1388 587 1426; x_wconf 89' lang='lat' dir='ltr'><strong>est</strong></span> <span class='ocrx_word' id='word_1_105' title='bbox 622 1379 833 1427; x_wconf 89' lang='lat' dir='ltr'><strong>humana</strong></span> <span class='ocrx_word' id='word_1_106' title='bbox 869 1380 1013 1437; x_wconf 88' lang='lat' dir='ltr'><strong>actio,</strong></span> <span class='ocrx_word' id='word_1_107' title='bbox 1038 1396 1146 1442; x_wconf 88' lang='lat' dir='ltr'><strong>quae</strong></span> <span class='ocrx_word' id='word_1_108' title='bbox 1169 1380 1361 1428; x_wconf 91' lang='lat' dir='ltr'><strong>initium</strong></span> <span class='ocrx_word' id='word_1_109' title='bbox 1384 1397 1482 1428; x_wconf 90' lang='lat' dir='ltr'><strong>non</strong></span> <span class='ocrx_word' id='word_1_110' title='bbox 1505 1381 1568 1428; x_wconf 87' lang='lat' dir='ltr'><strong>sit</strong></span> 
     </span>
     <span class='ocr_line' id='line_1_16' title="bbox 195 1454 1568 1519; baseline 0.002 -19"><span class='ocrx_word' id='word_1_111' title='bbox 195 1460 382 1501; x_wconf 85' lang='lat' dir='ltr'><strong>catenae</strong></span> <span class='ocrx_word' id='word_1_112' title='bbox 404 1454 653 1517; x_wconf 90' lang='lat' dir='ltr'><strong>cujusdam</strong></span> <span class='ocrx_word' id='word_1_113' title='bbox 678 1455 1145 1518; x_wconf 86' lang='lat' dir='ltr'><strong>consequentiarum,</strong></span> <span class='ocrx_word' id='word_1_114' title='bbox 1170 1455 1292 1503; x_wconf 89' lang='lat' dir='ltr'><strong>adeo</strong></span> <span class='ocrx_word' id='word_1_115' title='bbox 1315 1456 1488 1519; x_wconf 87' lang='lat' dir='ltr'><strong>longae,</strong></span> <span class='ocrx_word' id='word_1_116' title='bbox 1512 1463 1568 1503; x_wconf 91' lang='lat' dir='ltr'><strong>ut</strong></span> 
     </span>
     <span class='ocr_line' id='line_1_17' title="bbox 195 1527 1568 1594; baseline 0.002 -18"><span class='ocrx_word' id='word_1_117' title='bbox 195 1527 260 1576; x_wconf 83' lang='lat' dir='ltr'><strong>ad</strong></span> <span class='ocrx_word' id='word_1_118' title='bbox 280 1529 427 1577; x_wconf 88' lang='lat' dir='ltr'><strong>finem</strong></span> <span class='ocrx_word' id='word_1_119' title='bbox 450 1530 553 1593; x_wconf 86' lang='lat' dir='ltr'><strong>ejus</strong></span> <span class='ocrx_word' id='word_1_120' title='bbox 575 1531 848 1594; x_wconf 86' lang='lat' dir='ltr'><strong>prospicere</strong></span> <span class='ocrx_word' id='word_1_121' title='bbox 871 1530 1176 1594; x_wconf 85' lang='lat' dir='ltr'><strong>providentia</strong></span> <span class='ocrx_word' id='word_1_122' title='bbox 1202 1531 1414 1579; x_wconf 86' lang='lat' dir='ltr'><strong>humana</strong></span> <span class='ocrx_word' id='word_1_123' title='bbox 1436 1531 1568 1579; x_wconf 90' lang='lat' dir='ltr'><strong>nulla</strong></span> 
     </span>
     <span class='ocr_line' id='line_1_18' title="bbox 193 1605 1568 1670; baseline 0.003 -19"><span class='ocrx_word' id='word_1_124' title='bbox 193 1605 360 1667; x_wconf 84' lang='lat' dir='ltr'><strong>possit.</strong></span> <span class='ocrx_word' id='word_1_125' title='bbox 415 1605 804 1654; x_wconf 86' lang='lat' dir='ltr'><strong>Concatenantur</strong></span> <span class='ocrx_word' id='word_1_126' title='bbox 820 1615 980 1654; x_wconf 89' lang='lat' dir='ltr'><strong>autem</strong></span> <span class='ocrx_word' id='word_1_127' title='bbox 999 1607 1270 1655; x_wconf 89' lang='lat' dir='ltr'><strong>accidentia</strong></span> <span class='ocrx_word' id='word_1_128' title='bbox 1281 1607 1499 1670; x_wconf 88' lang='lat' dir='ltr'><strong>jucunda</strong></span> <span class='ocrx_word' id='word_1_129' title='bbox 1517 1615 1568 1655; x_wconf 92' lang='lat' dir='ltr'><strong>et</strong></span> 
     </span>
     <span class='ocr_line' id='line_1_19' title="bbox 194 1679 1566 1746; baseline 0.002 -19"><span class='ocrx_word' id='word_1_130' title='bbox 194 1679 398 1728; x_wconf 88' lang='lat' dir='ltr'><strong>molesta</strong></span> <span class='ocrx_word' id='word_1_131' title='bbox 421 1680 542 1728; x_wconf 89' lang='lat' dir='ltr'><strong>adeo</strong></span> <span class='ocrx_word' id='word_1_132' title='bbox 569 1681 902 1740; x_wconf 89' lang='lat' dir='ltr'><strong>insolubiliter,</strong></span> <span class='ocrx_word' id='word_1_133' title='bbox 927 1690 980 1730; x_wconf 90' lang='lat' dir='ltr'><strong>ut</strong></span> <span class='ocrx_word' id='word_1_134' title='bbox 1011 1682 1093 1746; x_wconf 91' lang='lat' dir='ltr'><strong>qui</strong></span> <span class='ocrx_word' id='word_1_135' title='bbox 1110 1682 1380 1744; x_wconf 89' lang='lat' dir='ltr'><strong>jucundum</strong></span> <span class='ocrx_word' id='word_1_136' title='bbox 1403 1683 1566 1742; x_wconf 83' lang='lat' dir='ltr'><strong>sumit,</strong></span> 
     </span>
     <span class='ocr_line' id='line_1_20' title="bbox 194 1754 1567 1821; baseline 0.002 -18"><span class='ocrx_word' id='word_1_137' title='bbox 194 1754 451 1803; x_wconf 88' lang='lat' dir='ltr'><strong>molestum</strong></span> <span class='ocrx_word' id='word_1_138' title='bbox 490 1756 620 1819; x_wconf 92' lang='lat' dir='ltr'><strong>quod</strong></span> <span class='ocrx_word' id='word_1_139' title='bbox 655 1756 885 1816; x_wconf 87' lang='lat' dir='ltr'><strong>adhaeret,</strong></span> <span class='ocrx_word' id='word_1_140' title='bbox 924 1773 1198 1821; x_wconf 86' lang='lat' dir='ltr'><strong>quanquam</strong></span> <span class='ocrx_word' id='word_1_141' title='bbox 1238 1758 1567 1821; x_wconf 81' lang='lat' dir='ltr'><strong>improvisum,</strong></span> 
     </span>
     <span class='ocr_line' id='line_1_21' title="bbox 194 1831 1568 1895; baseline 0.002 -16"><span class='ocrx_word' id='word_1_142' title='bbox 194 1831 467 1879; x_wconf 66' lang='lat' dir='ltr'><strong>neooesario</strong></span> <span class='ocrx_word' id='word_1_143' title='bbox 490 1832 636 1879; x_wconf 86' lang='lat' dir='ltr'><strong>etiam</strong></span> <span class='ocrx_word' id='word_1_144' title='bbox 659 1832 879 1895; x_wconf 87' lang='lat' dir='ltr'><strong>accipiat.</strong></span> <span class='ocrx_word' id='word_1_145' title='bbox 932 1833 1356 1882; x_wconf 79' lang='lat' dir='ltr'><strong>Quemadmodum</strong></span> <span class='ocrx_word' id='word_1_146' title='bbox 1374 1834 1473 1882; x_wconf 87' lang='lat' dir='ltr'><strong>vim</strong></span> <span class='ocrx_word' id='word_1_147' title='bbox 1494 1835 1568 1882; x_wconf 91' lang='lat' dir='ltr'><strong>in-</strong></span> 
     </span>
     <span class='ocr_line' id='line_1_22' title="bbox 193 1904 1570 1973; baseline 0.004 -20"><span class='ocrx_word' id='word_1_148' title='bbox 193 1904 404 1954; x_wconf 83' lang='lat' dir='ltr'><strong>ferentes</strong></span> <span class='ocrx_word' id='word_1_149' title='bbox 436 1907 576 1970; x_wconf 92' lang='lat' dir='ltr'><strong>punit</strong></span> <span class='ocrx_word' id='word_1_150' title='bbox 594 1908 666 1955; x_wconf 89' lang='lat' dir='ltr'><strong>vis</strong></span> <span class='ocrx_word' id='word_1_151' title='bbox 696 1908 881 1964; x_wconf 89' lang='lat' dir='ltr'><strong>aliena;</strong></span> <span class='ocrx_word' id='word_1_152' title='bbox 917 1909 1340 1972; x_wconf 83' lang='lat' dir='ltr'><strong>intemperantiam</strong></span> <span class='ocrx_word' id='word_1_153' title='bbox 1361 1911 1570 1973; x_wconf 90' lang='lat' dir='ltr'><strong>puniunt</strong></span> 
     </span>
     <span class='ocr_line' id='line_1_23' title="bbox 194 1981 1566 2049; baseline 0.003 -19"><span class='ocrx_word' id='word_1_154' title='bbox 194 1981 367 2041; x_wconf 89' lang='lat' dir='ltr'><strong>morbi,</strong></span> <span class='ocrx_word' id='word_1_155' title='bbox 382 1990 475 2030; x_wconf 89' lang='lat' dir='ltr'><strong>etc.</strong></span> <span class='ocrx_word' id='word_1_156' title='bbox 499 1983 562 2031; x_wconf 93' lang='lat' dir='ltr'><strong>Et</strong></span> <span class='ocrx_word' id='word_1_157' title='bbox 579 1983 700 2031; x_wconf 89' lang='lat' dir='ltr'><strong>tales</strong></span> <span class='ocrx_word' id='word_1_158' title='bbox 718 1993 830 2031; x_wconf 90' lang='lat' dir='ltr'><strong>sunt</strong></span> <span class='ocrx_word' id='word_1_159' title='bbox 849 2000 968 2047; x_wconf 90' lang='lat' dir='ltr'><strong>quas</strong></span> <span class='ocrx_word' id='word_1_160' title='bbox 986 2001 1106 2033; x_wconf 88' lang='lat' dir='ltr'><strong>voco</strong></span> <span class='ocrx_word' id='word_1_161' title='bbox 1119 2001 1288 2049; x_wconf 84' lang='lat' dir='ltr'><strong>poenas</strong></span> <span class='ocrx_word' id='word_1_162' title='bbox 1307 1986 1566 2035; x_wconf 81' lang='lat' dir='ltr'><strong>naturales.</strong></span> 
     </span>
    </p>

    <p class='ocr_par' dir='ltr' id='par_1_10' title="bbox 194 2057 1570 2425">
     <span class='ocr_line' id='line_1_24' title="bbox 262 2057 1568 2124; baseline 0.003 -18"><span class='ocrx_word' id='word_1_163' title='bbox 262 2057 335 2106; x_wconf 88' lang='lat' dir='ltr'><strong>De</strong></span> <span class='ocrx_word' id='word_1_164' title='bbox 358 2058 567 2107; x_wconf 86' lang='lat' dir='ltr'><strong>civitatis</strong></span> <span class='ocrx_word' id='word_1_165' title='bbox 590 2060 954 2118; x_wconf 91' lang='lat' dir='ltr'><strong>constitutione,</strong></span> <span class='ocrx_word' id='word_1_166' title='bbox 979 2060 1039 2108; x_wconf 88' lang='lat' dir='ltr'><strong>de</strong></span> <span class='ocrx_word' id='word_1_167' title='bbox 1069 2061 1179 2124; x_wconf 90' lang='lat' dir='ltr'><strong>jure</strong></span> <span class='ocrx_word' id='word_1_168' title='bbox 1210 2077 1446 2110; x_wconf 89' lang='lat' dir='ltr'><strong>summam</strong></span> <span class='ocrx_word' id='word_1_169' title='bbox 1482 2062 1568 2110; x_wconf 88' lang='lat' dir='ltr'><strong>ha-</strong></span> 
     </span>
     <span class='ocr_line' id='line_1_25' title="bbox 194 2131 1570 2200; baseline 0.004 -20"><span class='ocrx_word' id='word_1_170' title='bbox 194 2131 412 2181; x_wconf 90' lang='lat' dir='ltr'><strong>bentium</strong></span> <span class='ocrx_word' id='word_1_171' title='bbox 448 2142 756 2197; x_wconf 89' lang='lat' dir='ltr'><strong>potestatem‚</strong></span> <span class='ocrx_word' id='word_1_172' title='bbox 792 2143 843 2182; x_wconf 90' lang='lat' dir='ltr'><strong>et</strong></span> <span class='ocrx_word' id='word_1_173' title='bbox 878 2134 939 2182; x_wconf 91' lang='lat' dir='ltr'><strong>de</strong></span> <span class='ocrx_word' id='word_1_174' title='bbox 970 2135 1139 2184; x_wconf 90' lang='lat' dir='ltr'><strong>officiis</strong></span> <span class='ocrx_word' id='word_1_175' title='bbox 1172 2136 1365 2195; x_wconf 87' lang='lat' dir='ltr'><strong>civium,</strong></span> <span class='ocrx_word' id='word_1_176' title='bbox 1401 2153 1509 2200; x_wconf 89' lang='lat' dir='ltr'><strong>quae</strong></span> <span class='ocrx_word' id='word_1_177' title='bbox 1540 2154 1570 2185; x_wconf 87' lang='lat' dir='ltr'><strong>a</strong></span> 
     </span>
     <span class='ocr_line' id='line_1_26' title="bbox 194 2207 1568 2275; baseline 0.003 -19"><span class='ocrx_word' id='word_1_178' title='bbox 194 2207 443 2272; x_wconf 86' lang='lat' dir='ltr'><strong>principiis</strong></span> <span class='ocrx_word' id='word_1_179' title='bbox 476 2211 677 2258; x_wconf 90' lang='lat' dir='ltr'><strong>rationis</strong></span> <span class='ocrx_word' id='word_1_180' title='bbox 711 2210 945 2258; x_wconf 87' lang='lat' dir='ltr'><strong>naturalis</strong></span> <span class='ocrx_word' id='word_1_181' title='bbox 976 2210 1260 2259; x_wconf 86' lang='lat' dir='ltr'><strong>deducenda</strong></span> <span class='ocrx_word' id='word_1_182' title='bbox 1282 2220 1435 2270; x_wconf 88' lang='lat' dir='ltr'><strong>erant,</strong></span> <span class='ocrx_word' id='word_1_183' title='bbox 1460 2228 1568 2275; x_wconf 89' lang='lat' dir='ltr'><strong>quae</strong></span> 
     </span>
     <span class='ocr_line' id='line_1_27' title="bbox 197 2283 1569 2351; baseline 0.001 -18"><span class='ocrx_word' id='word_1_184' title='bbox 197 2283 402 2333; x_wconf 83' lang='lat' dir='ltr'><strong>dicenda</strong></span> <span class='ocrx_word' id='word_1_185' title='bbox 422 2285 570 2333; x_wconf 88' lang='lat' dir='ltr'><strong>habui</strong></span> <span class='ocrx_word' id='word_1_186' title='bbox 600 2285 700 2333; x_wconf 86' lang='lat' dir='ltr'><strong>dixi</strong></span> <span class='ocrx_word' id='word_1_187' title='bbox 731 2286 920 2339; x_wconf 84' lang='lat' dir='ltr'><strong>omnia;</strong></span> <span class='ocrx_word' id='word_1_188' title='bbox 954 2287 1108 2346; x_wconf 88' lang='lat' dir='ltr'><strong>firma,</strong></span> <span class='ocrx_word' id='word_1_189' title='bbox 1131 2288 1400 2351; x_wconf 86' lang='lat' dir='ltr'><strong>perspicua,</strong></span> <span class='ocrx_word' id='word_1_190' title='bbox 1423 2296 1473 2335; x_wconf 92' lang='lat' dir='ltr'><strong>et</strong></span> <span class='ocrx_word' id='word_1_191' title='bbox 1496 2289 1569 2335; x_wconf 79' lang='lat' dir='ltr'><strong>in-</strong></span> 
     </span>
     <span class='ocr_line' id='line_1_28' title="bbox 194 2361 1062 2425; baseline 0.002 -17"><span class='ocrx_word' id='word_1_192' title='bbox 194 2361 351 2425; x_wconf 83' lang='lat' dir='ltr'><strong>geniis</strong></span> <span class='ocrx_word' id='word_1_193' title='bbox 373 2361 552 2419; x_wconf 88' lang='lat' dir='ltr'><strong>liberis,</strong></span> <span class='ocrx_word' id='word_1_194' title='bbox 575 2370 632 2409; x_wconf 87' lang='lat' dir='ltr'><strong>ut</strong></span> <span class='ocrx_word' id='word_1_195' title='bbox 653 2370 788 2424; x_wconf 90' lang='lat' dir='ltr'><strong>puto,</strong></span> <span class='ocrx_word' id='word_1_196' title='bbox 810 2362 1062 2425; x_wconf 69' lang='lat' dir='ltr'><strong>placitura,</strong></span> 
     </span>
    </p>

    <p class='ocr_par' dir='ltr' id='par_1_11' title="bbox 197 2435 1571 2878">
     <span class='ocr_line' id='line_1_29' title="bbox 264 2435 1568 2502; baseline 0 -16"><span class='ocrx_word' id='word_1_197' title='bbox 264 2438 361 2487; x_wconf 89' lang='lat' dir='ltr'><strong>Sed</strong></span> <span class='ocrx_word' id='word_1_198' title='bbox 397 2437 513 2485; x_wconf 91' lang='lat' dir='ltr'><strong>dum</strong></span> <span class='ocrx_word' id='word_1_199' title='bbox 549 2438 909 2486; x_wconf 87' lang='lat' dir='ltr'><strong>multitudinem</strong></span> <span class='ocrx_word' id='word_1_200' title='bbox 943 2454 1111 2486; x_wconf 90' lang='lat' dir='ltr'><strong>eorum</strong></span> <span class='ocrx_word' id='word_1_201' title='bbox 1144 2438 1323 2502; x_wconf 87' lang='lat' dir='ltr'><strong>cogito,</strong></span> <span class='ocrx_word' id='word_1_202' title='bbox 1338 2435 1568 2501; x_wconf 52' lang='lat' dir='ltr'><strong>{quorum</strong></span> 
     </span>
     <span class='ocr_line' id='line_1_30' title="bbox 197 2512 1569 2576; baseline -0.001 -14"><span class='ocrx_word' id='word_1_203' title='bbox 197 2513 426 2572; x_wconf 85' lang='lat' dir='ltr'><strong>consiliis,</strong></span> <span class='ocrx_word' id='word_1_204' title='bbox 450 2522 506 2561; x_wconf 92' lang='lat' dir='ltr'><strong>ut</strong></span> <span class='ocrx_word' id='word_1_205' title='bbox 532 2513 631 2561; x_wconf 91' lang='lat' dir='ltr'><strong>sint</strong></span> <span class='ocrx_word' id='word_1_206' title='bbox 669 2513 804 2569; x_wconf 85' lang='lat' dir='ltr'><strong>falsa,</strong></span> <span class='ocrx_word' id='word_1_207' title='bbox 841 2512 1068 2576; x_wconf 77' lang='lat' dir='ltr'><strong>expedit3</strong></span> <span class='ocrx_word' id='word_1_208' title='bbox 1103 2512 1296 2576; x_wconf 86' lang='lat' dir='ltr'><strong>quando</strong></span> <span class='ocrx_word' id='word_1_209' title='bbox 1339 2512 1461 2570; x_wconf 88' lang='lat' dir='ltr'><strong>illos,</strong></span> <span class='ocrx_word' id='word_1_210' title='bbox 1486 2513 1569 2576; x_wconf 92' lang='lat' dir='ltr'><strong>qui</strong></span> 
     </span>
     <span class='ocr_line' id='line_1_31' title="bbox 198 2588 1570 2651; baseline -0.001 -14"><span class='ocrx_word' id='word_1_211' title='bbox 198 2588 443 2637; x_wconf 84' lang='lat' dir='ltr'><strong>doctrinas</strong></span> <span class='ocrx_word' id='word_1_212' title='bbox 461 2589 726 2637; x_wconf 83' lang='lat' dir='ltr'><strong>contrarias</strong></span> <span class='ocrx_word' id='word_1_213' title='bbox 744 2588 999 2647; x_wconf 88' lang='lat' dir='ltr'><strong>sustinent,</strong></span> <span class='ocrx_word' id='word_1_214' title='bbox 1010 2605 1071 2636; x_wconf 90' lang='lat' dir='ltr'><strong>ne</strong></span> <span class='ocrx_word' id='word_1_215' title='bbox 1087 2589 1214 2636; x_wconf 92' lang='lat' dir='ltr'><strong>bello</strong></span> <span class='ocrx_word' id='word_1_216' title='bbox 1229 2588 1422 2651; x_wconf 89' lang='lat' dir='ltr'><strong>quidem</strong></span> <span class='ocrx_word' id='word_1_217' title='bbox 1440 2588 1570 2636; x_wconf 86' lang='lat' dir='ltr'><strong>civili</strong></span> 
     </span>
     <span class='ocr_line' id='line_1_32' title="bbox 197 2663 1571 2727; baseline 0 -16"><span class='ocrx_word' id='word_1_218' title='bbox 197 2664 410 2727; x_wconf 78' lang='lat' dir='ltr'><strong>punitoS,</strong></span> <span class='ocrx_word' id='word_1_219' title='bbox 429 2663 675 2712; x_wconf 80' lang='lat' dir='ltr'><strong>emendari</strong></span> <span class='ocrx_word' id='word_1_220' title='bbox 696 2664 836 2712; x_wconf 88' lang='lat' dir='ltr'><strong>video</strong></span> <span class='ocrx_word' id='word_1_221' title='bbox 850 2685 871 2719; x_wconf 89' lang='lat'><strong>;.</strong></span> <span class='ocrx_word' id='word_1_222' title='bbox 898 2680 1103 2727; x_wconf 88' lang='lat' dir='ltr'><strong>cumque</strong></span> <span class='ocrx_word' id='word_1_223' title='bbox 1126 2663 1358 2712; x_wconf 88' lang='lat' dir='ltr'><strong>doctrinis</strong></span> <span class='ocrx_word' id='word_1_224' title='bbox 1380 2663 1571 2712; x_wconf 82' lang='lat' dir='ltr'><strong>Graeco-</strong></span> 
     </span>
     <span class='ocr_line' id='line_1_33' title="bbox 199 2738 1567 2802; baseline 0 -16"><span class='ocrx_word' id='word_1_225' title='bbox 199 2754 307 2786; x_wconf 90' lang='lat' dir='ltr'><strong>rum</strong></span> <span class='ocrx_word' id='word_1_226' title='bbox 330 2746 381 2785; x_wconf 89' lang='lat' dir='ltr'><strong>et</strong></span> <span class='ocrx_word' id='word_1_227' title='bbox 403 2738 732 2786; x_wconf 85' lang='lat' dir='ltr'><strong>Romanorum</strong></span> <span class='ocrx_word' id='word_1_228' title='bbox 757 2747 974 2787; x_wconf 84' lang='lat' dir='ltr'><strong>veterum</strong></span> <span class='ocrx_word' id='word_1_229' title='bbox 1003 2739 1244 2787; x_wconf 89' lang='lat' dir='ltr'><strong>seditiosis</strong></span> <span class='ocrx_word' id='word_1_230' title='bbox 1269 2739 1462 2801; x_wconf 85' lang='lat' dir='ltr'><strong>ingenia</strong></span> <span class='ocrx_word' id='word_1_231' title='bbox 1483 2755 1567 2802; x_wconf 90' lang='lat' dir='ltr'><strong>op-</strong></span> 
     </span>
     <span class='ocr_line' id='line_1_34' title="bbox 199 2812 1571 2878; baseline 0.001 -18"><span class='ocrx_word' id='word_1_232' title='bbox 199 2812 319 2861; x_wconf 79' lang='lat' dir='ltr'><strong>tima</strong></span> <span class='ocrx_word' id='word_1_233' title='bbox 352 2812 579 2861; x_wconf 88' lang='lat' dir='ltr'><strong>innutriri</strong></span> <span class='ocrx_word' id='word_1_234' title='bbox 615 2813 861 2878; x_wconf 89' lang='lat' dir='ltr'><strong>intelligo;</strong></span> <span class='ocrx_word' id='word_1_235' title='bbox 896 2829 1080 2873; x_wconf 87' lang='lat' dir='ltr'><strong>vereor,</strong></span> <span class='ocrx_word' id='word_1_236' title='bbox 1115 2829 1177 2862; x_wconf 89' lang='lat' dir='ltr'><strong>ne</strong></span> <span class='ocrx_word' id='word_1_237' title='bbox 1211 2813 1443 2877; x_wconf 85' lang='lat' dir='ltr'><strong>scriptum</strong></span> <span class='ocrx_word' id='word_1_238' title='bbox 1477 2813 1571 2862; x_wconf 85' lang='lat' dir='ltr'><strong>hoc</strong></span> 
     </span>
    </p>
   </div>
   <div class='ocr_carea' id='block_1_3' title="bbox 0 884 74 3236">
    <p class='ocr_par' dir='ltr' id='par_1_12' title="bbox 0 884 74 3236">
     <span class='ocr_line' id='line_1_35' title="bbox 0 884 74 3236; baseline 0 0"><span class='ocrx_word' id='word_1_239' title='bbox 0 884 74 3236; x_wconf 95' lang='lat' dir='ltr'><strong> </strong></span> 
     </span>
    </p>
   </div>
  </div>
 </body>
</html>
