1968 3236
516 235 587 269 DE
615 235 875 269 clvl'rA'rF:
902 234 1259 268 CHRISTIANA.
1452 267 1457 271 .
1483 225 1583 268 259

191 363 305 413 pars
326 347 550 411 proxima
572 347 622 394 in
641 346 749 394 loco
772 346 1012 409 proximo,
1029 352 1078 393 et
1093 345 1302 408 denique
1325 344 1458 408 quod
1482 361 1579 393 non
1599 368 1867 401 mcxxxiv.

192 423 258 472 sit
278 438 471 487 corpus,
495 429 641 486 prout
673 438 848 484 corpus
883 422 1126 484 significat
1157 420 1340 484 aliquid
1367 420 1496 468 reale
1531 428 1581 468 et
1602 427 1870 495 ¹,e-simi'fioe''fime

191 498 373 548 alicubi
418 498 644 545 existens.
739 497 1028 560 Ubicunque
1073 503 1238 544 autem
1283 496 1485 559 angelus
1530 496 1578 543 in
1598 507 1870 588 &1¹:31thss

192 573 458 638 Scripturis
497 573 691 636 legitur,
728 581 782 619 ut
823 572 1026 619 uttncius
1066 572 1320 635 perspicue
1352 571 1580 634 intelligl-
1598 593 1740 622 maban
1762 595 1843 631 φὴι

191 658 290 699 tur.
328 650 499 712 Itaque
516 649 544 697 J
549 648 765 696 ohannes
785 648 1005 711 Baptista
1032 647 1304 711 appellatur
1335 646 1547 712 angelus
1564 666 1581 701 ,·
1600 637 1812 718 ξζζῆξξάω·
1827 638 1869 665 ¹¹¹⁹

191 725 416 775 Christus
440 732 644 772 vocatur
662 723 889 787 Angelus
915 723 1228 771 Testamenti.
1299 723 1473 786 Neque
1493 722 1583 771 du-

190 799 294 849 bito
317 800 452 863 quin,
482 798 750 846 secundum
778 798 906 845 hanc
941 798 1232 861 analogiam,
1258 797 1510 856 Columba,
1535 807 1584 846 et

189 875 372 940 linguae
392 876 549 938 igneae
570 875 620 922 in
637 874 917 937 Evangelio,
937 890 1045 921 cum
1068 874 1209 936 signa
1227 881 1387 921 essent
1406 873 1584 921 divinae

189 951 480 1015 proesentiae,
521 957 721 1013 possent
757 965 847 997 nec
886 950 1150 1013 improprie
1187 950 1352 997 vocari
1392 949 1582 1015 angeli.

191 1026 342 1076 Quod
365 1026 572 1090 legimus
599 1026 746 1085 (Dan.
766 1025 864 1072 viii.
893 1031 965 1072 16.
990 1033 1041 1072 et
1065 1025 1147 1072 xii.
1180 1027 1225 1086 1)
1266 1025 1464 1072 nomina
1496 1041 1584 1072 an-

188 1102 412 1166 gelorum
448 1100 722 1148 Gabrielem
746 1108 795 1148 et
821 1100 1127 1188 Michaqlem,
1146 1100 1267 1149 visio
1291 1108 1427 1155 erat;
1463 1100 1585 1148 dicit

188 1178 323 1226 enim
356 1176 568 1233 Gabriel,
592 1176 698 1239 sac
736 1182 789 1223 ut
829 1174 1088 1239 intelligat
1114 1175 1158 1222 ie
1182 1174 1415 1223 visionem
1436 1175 1582 1223 hanc.

192 1254 327 1302 Deus
349 1253 480 1301 enim
504 1267 626 1315 opus
649 1268 746 1299 non
772 1251 920 1299 habet
943 1258 999 1298 ut
1021 1267 1186 1298 servos
1222 1267 1336 1298 suos
1360 1251 1583 1299 coelestes

190 1329 463 1392 distinguat
485 1327 791 1380 nominibus3
819 1342 928 1389 quae
948 1326 1011 1374 ad
1026 1327 1283 1374 memorias
1304 1326 1581 1375 mortalium

189 1402 491 1468 adjuvandas
515 1403 715 1450 inventa
739 1410 869 1450 sunt.

258 1479 431 1543 Neque
450 1479 500 1526 in
519 1479 834 1526 Testamento
854 1477 995 1525 Novo
1013 1478 1149 1525 locus
1167 1477 1296 1525 ullus
1316 1478 1580 1538 invenitur,

189 1555 320 1604 unde
356 1554 553 1618 probari
592 1554 761 1617 possit,
787 1554 987 1617 angelos
1011 1570 1088 1601 res
1113 1570 1216 1601 esse
1240 1563 1581 1617 permanentes

187 1638 243 1680 et
264 1631 408 1680 simul
438 1631 762 1694 incorporeas.
826 1630 972 1679 Quod
1006 1630 1204 1694 quidem
1237 1631 1401 1694 angeli
1432 1631 1582 1694 aliqui

188 1707 474 1756 substantiae
514 1707 611 1754 sint
652 1714 702 1754 et
741 1714 1095 1770 permanenteS,
1121 1706 1285 1769 colligi
1321 1714 1486 1770 potest
1522 1724 1581 1755 ex

191 1783 351 1831 verbis
377 1782 648 1830 Servatoris
667 1781 822 1830 nostri
845 1781 1046 1841 (Matth.
1064 1798 1176 1829 xxv.
1196 1783 1309 1843 41);
1330 1782 1412 1830 Ite
1430 1783 1580 1830 male-

189 1857 317 1907 dicti
333 1858 384 1906 in
402 1858 566 1923 ignem
590 1864 841 1914 (eternum,
857 1857 944 1922 qui
957 1863 1184 1922 paratus
1207 1864 1284 1905 est
1306 1857 1506 1906 diabolo
1530 1865 1581 1905 et

188 1933 390 1998 angelis
435 1934 540 1995 ejus
557 1951 575 1988 ;
623 1934 707 1996 qui
752 1933 888 1980 locus
925 1932 966 1980 si
1006 1932 1247 1980 malorum
1294 1933 1580 1996 angelorum

188 2009 575 2073 permanentiam
611 2009 804 2072 probat,
837 2008 1216 2071 corporeitatem
1252 2025 1351 2057 una
1385 2010 1578 2072 probat.

192 2083 327 2147 Ignis
348 2084 478 2132 enim
501 2099 663 2132 rerum
686 2085 1103 2148 incorporearum,
1129 2084 1180 2132 id
1210 2092 1300 2142 est,
1331 2086 1579 2149 impatibi-

190 2157 327 2216 Eum,
349 2174 497 2221 poena
519 2175 616 2207 non
637 2167 725 2207 est.
758 2165 773 2206 l
807 2159 918 2206 Cor.
941 2159 1002 2206 vi.
1029 2166 1082 2207 3:
1109 2158 1335 2207 Nescitis
1349 2160 1578 2224 quoniam

192 2231 403 2296 angelos
437 2234 774 2295 judicabimus
793 2237 821 2282 2?
858 2242 886 2283 2
914 2235 1043 2283 Petr.
1061 2235 1108 2282 ii.
1128 2242 1181 2282 4:
1209 2235 1266 2282 Si
1289 2236 1415 2283 euim
1438 2236 1578 2283 Dea-s·

192 2306 393 2371 angelis
414 2309 743 2372 peccantibus
779 2326 873 2357 non
893 2310 1148 2375 pepercit,
1173 2311 1268 2358 secl
1287 2311 1577 2358 rudentibus

193 2381 382 2446 iqferni
398 2382 654 2431 detractos
671 2384 720 2431 in
741 2384 1010 2432 Tartarum
1028 2386 1247 2433 tradidit
1263 2387 1575 2445 cruciando-5,

193 2456 244 2505 in
276 2456 523 2519 judicium
556 2460 821 2508 reservari.
845 2460 959 2508 Jud.
985 2461 1016 2508 i.
1041 2467 1101 2509 6:
1173 2461 1400 2525 Angelos
1442 2478 1573 2519 vem,

191 2532 280 2597 qui
300 2548 394 2579 nou
416 2542 736 2582 servaverunt
758 2551 894 2583 suum
919 2537 1282 2601 principatum,
1306 2537 1402 2584 secl
1430 2537 1575 2584 clere·

191 2605 444 2671 liquerunt
465 2623 600 2656 suum
623 2609 933 2670 domicilium,
952 2612 1002 2659 in
1013 2612 1258 2675 judicium
1283 2612 1453 2676 magni
1471 2612 1576 2659 diei

192 2680 400 2730 vinculis
424 2683 627 2731 ceteruia
643 2683 732 2732 sub
751 2685 973 2751 caligine
993 2688 1283 2735 reservat-it.
1324 2688 1448 2736 Quae
1472 2702 1576 2733 ver-

191 2756 256 2804 ba
273 2757 365 2805 etsi
390 2765 614 2806 naturam
637 2759 905 2822 angelicam
927 2770 1294 2825 permanentem
1313 2777 1415 2809 esse
1440 2762 1574 2809 evin-

192 2839 327 2890 cunt,
351 2832 744 2882 materialitatem
780 2835 922 2884 simul
946 2837 1171 2899 probant.
1242 2837 1366 2884 Item
1393 2836 1572 2884 Matth.

327 2921 451 2955 VOL.
474 2920 557 2955 111.
1405 2926 1441 2959 U
