<?xml version="1.0" encoding="UTF-8"?>
<!DOCTYPE html PUBLIC "-//W3C//DTD XHTML 1.0 Transitional//EN"
    "http://www.w3.org/TR/xhtml1/DTD/xhtml1-transitional.dtd">
<html xmlns="http://www.w3.org/1999/xhtml" xml:lang="en" lang="en">
 <head>
  <title>
</title>
<meta http-equiv="Content-Type" content="text/html;charset=utf-8" />
  <meta name='ocr-system' content='tesseract 3.04.00' />
  <meta name='ocr-capabilities' content='ocr_page ocr_carea ocr_par ocr_line ocrx_word'/>
</head>
<body>
  <div class='ocr_page' id='page_1' title='image "./operaphilosophic03hobbuoft_0401.png"; bbox 0 0 1968 3236; ppageno 0'>
   <div class='ocr_carea' id='block_1_1' title="bbox 451 255 1502 299">
    <p class='ocr_par' dir='ltr' id='par_1_1' title="bbox 451 255 1502 299">
     <span class='ocr_line' id='line_1_1' title="bbox 451 255 1502 299; baseline 0.002 -2"><span class='ocrx_word' id='word_1_1' title='bbox 451 263 522 298; x_wconf 64' lang='grc' dir='ltr'>οι·</span> <span class='ocrx_word' id='word_1_2' title='bbox 551 263 807 298; x_wconf 70' lang='lat' dir='ltr'>mvn-Aru</span> <span class='ocrx_word' id='word_1_3' title='bbox 834 263 1189 298; x_wconf 67' lang='lat' dir='ltr'>cnmsrmru.</span> <span class='ocrx_word' id='word_1_4' title='bbox 1412 255 1502 299; x_wconf 79' lang='lat'>401</span> 
     </span>
    </p>
   </div>
   <div class='ocr_carea' id='block_1_2' title="bbox 0 371 1775 2984">
    <p class='ocr_par' dir='ltr' id='par_1_2' title="bbox 129 371 1775 592">
     <span class='ocr_line' id='line_1_2' title="bbox 130 371 1775 442; baseline 0.003 -21"><span class='ocrx_word' id='word_1_5' title='bbox 130 371 348 437; x_wconf 82' lang='lat' dir='ltr'>ciperent</span> <span class='ocrx_word' id='word_1_6' title='bbox 387 374 623 439; x_wconf 89' lang='lat' dir='ltr'>Spiritum</span> <span class='ocrx_word' id='word_1_7' title='bbox 660 376 922 432; x_wconf 87' lang='lat' dir='ltr'>Sanctum;</span> <span class='ocrx_word' id='word_1_8' title='bbox 973 393 1087 425; x_wconf 89' lang='lat' dir='ltr'>nam</span> <span class='ocrx_word' id='word_1_9' title='bbox 1114 377 1299 442; x_wconf 83' lang='lat' dir='ltr'>Spiritu</span> <span class='ocrx_word' id='word_1_10' title='bbox 1329 377 1510 426; x_wconf 88' lang='lat' dir='ltr'>Sancto</span> <span class='ocrx_word' id='word_1_11' title='bbox 1539 400 1641 433; x_wconf 66' lang='lat' dir='ltr'>eff,</span> <span class='ocrx_word' id='word_1_12' title='bbox 1663 399 1775 433; x_wconf 74' lang='lat' dir='ltr'>xm,</span> 
     </span>
     <span class='ocr_line' id='line_1_3' title="bbox 129 448 1754 531; baseline 0.003 -34"><span class='ocrx_word' id='word_1_13' title='bbox 129 448 262 513; x_wconf 87' lang='lat' dir='ltr'>pleni</span> <span class='ocrx_word' id='word_1_14' title='bbox 295 458 433 499; x_wconf 87' lang='lat' dir='ltr'>erant</span> <span class='ocrx_word' id='word_1_15' title='bbox 478 459 739 515; x_wconf 90' lang='lat' dir='ltr'>antequam</span> <span class='ocrx_word' id='word_1_16' title='bbox 780 452 1092 515; x_wconf 85' lang='lat' dir='ltr'>eligerentur,</span> <span class='ocrx_word' id='word_1_17' title='bbox 1127 461 1184 500; x_wconf 92' lang='lat' dir='ltr'>ut</span> <span class='ocrx_word' id='word_1_18' title='bbox 1218 460 1411 501; x_wconf 86' lang='lat' dir='ltr'>constat</span> <span class='ocrx_word' id='word_1_19' title='bbox 1451 469 1510 501; x_wconf 80' lang='lat' dir='ltr'>ex</span> <span class='ocrx_word' id='word_1_20' title='bbox 1562 455 1754 531; x_wconf 41' lang='lat' dir='ltr'>„TW-‘L</span> 
     </span>
     <span class='ocr_line' id='line_1_4' title="bbox 129 507 1763 592; baseline 0.001 -20"><span class='ocrx_word' id='word_1_21' title='bbox 129 539 255 573; x_wconf 79' lang='lat' dir='ltr'>vers.</span> <span class='ocrx_word' id='word_1_22' title='bbox 275 530 306 573; x_wconf 87' lang='grc'><strong>3</strong></span> <span class='ocrx_word' id='word_1_23' title='bbox 322 546 335 581; x_wconf 89' lang='lat'>;</span> <span class='ocrx_word' id='word_1_24' title='bbox 359 525 444 573; x_wconf 87' lang='lat' dir='ltr'>sed</span> <span class='ocrx_word' id='word_1_25' title='bbox 458 533 513 573; x_wconf 91' lang='lat' dir='ltr'>ut</span> <span class='ocrx_word' id='word_1_26' title='bbox 527 526 590 574; x_wconf 91' lang='lat' dir='ltr'>ad</span> <span class='ocrx_word' id='word_1_27' title='bbox 605 542 779 574; x_wconf 89' lang='lat' dir='ltr'>munus</span> <span class='ocrx_word' id='word_1_28' title='bbox 795 527 1110 575; x_wconf 89' lang='lat' dir='ltr'>diaconorum</span> <span class='ocrx_word' id='word_1_29' title='bbox 1125 527 1510 592; x_wconf 85' lang='lat' dir='ltr'>designarentur.</span> <span class='ocrx_word' id='word_1_30' title='bbox 1557 507 1763 575; x_wconf 50' lang='lat' dir='ltr'>mim</span> 
     </span>
    </p>

    <p class='ocr_par' dir='ltr' id='par_1_3' title="bbox 0 600 1514 2402">
     <span class='ocr_line' id='line_1_5' title="bbox 195 600 1512 668; baseline 0.002 -18"><span class='ocrx_word' id='word_1_31' title='bbox 195 600 297 650; x_wconf 78' lang='lat' dir='ltr'>Qui</span> <span class='ocrx_word' id='word_1_32' title='bbox 321 617 491 649; x_wconf 89' lang='lat' dir='ltr'>manus</span> <span class='ocrx_word' id='word_1_33' title='bbox 514 601 845 665; x_wconf 82' lang='lat' dir='ltr'>imponebant,</span> <span class='ocrx_word' id='word_1_34' title='bbox 866 612 951 651; x_wconf 89' lang='lat' dir='ltr'>aut</span> <span class='ocrx_word' id='word_1_35' title='bbox 966 603 1196 667; x_wconf 87' lang='lat' dir='ltr'>episcopi,</span> <span class='ocrx_word' id='word_1_36' title='bbox 1211 612 1298 652; x_wconf 91' lang='lat' dir='ltr'>aut</span> <span class='ocrx_word' id='word_1_37' title='bbox 1314 603 1512 668; x_wconf 90' lang='lat' dir='ltr'>presby-</span> 
     </span>
     <span class='ocr_line' id='line_1_6' title="bbox 129 675 1510 731; baseline 0.002 -8"><span class='ocrx_word' id='word_1_38' title='bbox 129 675 224 723; x_wconf 84' lang='lat' dir='ltr'>teri</span> <span class='ocrx_word' id='word_1_39' title='bbox 246 686 416 731; x_wconf 88' lang='lat' dir='ltr'>erant;</span> <span class='ocrx_word' id='word_1_40' title='bbox 470 677 663 725; x_wconf 87' lang='lat' dir='ltr'>diaconi</span> <span class='ocrx_word' id='word_1_41' title='bbox 686 693 863 726; x_wconf 90' lang='lat' dir='ltr'>munus</span> <span class='ocrx_word' id='word_1_42' title='bbox 895 678 1014 725; x_wconf 91' lang='lat' dir='ltr'>illud</span> <span class='ocrx_word' id='word_1_43' title='bbox 1048 694 1147 726; x_wconf 90' lang='lat' dir='ltr'>non</span> <span class='ocrx_word' id='word_1_44' title='bbox 1180 678 1288 726; x_wconf 82' lang='lat' dir='ltr'>fuit.</span> <span class='ocrx_word' id='word_1_45' title='bbox 1371 679 1510 728; x_wconf 77' lang='lat' dir='ltr'>Quos</span> 
     </span>
     <span class='ocr_line' id='line_1_7' title="bbox 130 750 1511 815; baseline 0.002 -16"><span class='ocrx_word' id='word_1_46' title='bbox 130 750 379 815; x_wconf 85' lang='lat' dir='ltr'>Philippus</span> <span class='ocrx_word' id='word_1_47' title='bbox 419 751 653 800; x_wconf 88' lang='lat' dir='ltr'>diaconus</span> <span class='ocrx_word' id='word_1_48' title='bbox 696 753 926 801; x_wconf 85' lang='lat' dir='ltr'>Samariae</span> <span class='ocrx_word' id='word_1_49' title='bbox 964 761 1285 812; x_wconf 86' lang='lat' dir='ltr'>converterat,</span> <span class='ocrx_word' id='word_1_50' title='bbox 1314 754 1366 802; x_wconf 87' lang='lat' dir='ltr'>in</span> <span class='ocrx_word' id='word_1_51' title='bbox 1403 753 1511 802; x_wconf 92' lang='lat' dir='ltr'>illos</span> 
     </span>
     <span class='ocr_line' id='line_1_8' title="bbox 130 825 1509 892; baseline 0.001 -17"><span class='ocrx_word' id='word_1_52' title='bbox 130 825 301 875; x_wconf 85' lang='lat' dir='ltr'>Petrus</span> <span class='ocrx_word' id='word_1_53' title='bbox 338 835 389 875; x_wconf 92' lang='lat' dir='ltr'>et</span> <span class='ocrx_word' id='word_1_54' title='bbox 433 828 647 876; x_wconf 88' lang='lat' dir='ltr'>Joannes</span> <span class='ocrx_word' id='word_1_55' title='bbox 692 828 898 891; x_wconf 91' lang='lat' dir='ltr'>apostoli</span> <span class='ocrx_word' id='word_1_56' title='bbox 940 845 1112 876; x_wconf 90' lang='lat' dir='ltr'>manus</span> <span class='ocrx_word' id='word_1_57' title='bbox 1157 829 1509 892; x_wconf 87' lang='lat' dir='ltr'>imposuerunt,</span> 
     </span>
     <span class='ocr_line' id='line_1_9' title="bbox 134 902 1509 967; baseline 0.001 -16"><span class='ocrx_word' id='word_1_58' title='bbox 134 902 265 964; x_wconf 86' lang='lat' dir='ltr'>(Aet.</span> <span class='ocrx_word' id='word_1_59' title='bbox 291 903 388 951; x_wconf 80' lang='lat' dir='ltr'>viii.</span> <span class='ocrx_word' id='word_1_60' title='bbox 421 905 518 965; x_wconf 87' lang='grc'>17),</span> <span class='ocrx_word' id='word_1_61' title='bbox 554 911 605 951; x_wconf 78' lang='lat' dir='ltr'>u!</span> <span class='ocrx_word' id='word_1_62' title='bbox 641 904 931 967; x_wconf 76' lang='lat' dir='ltr'>acciperent</span> <span class='ocrx_word' id='word_1_63' title='bbox 977 904 1222 967; x_wconf 80' lang='lat' dir='ltr'>Spiritum</span> <span class='ocrx_word' id='word_1_64' title='bbox 1260 903 1509 953; x_wconf 78' lang='lat' dir='ltr'>Sanctum.</span> 
     </span>
     <span class='ocr_line' id='line_1_10' title="bbox 129 977 1511 1043; baseline 0.001 -17"><span class='ocrx_word' id='word_1_65' title='bbox 129 977 288 1026; x_wconf 85' lang='lat' dir='ltr'>Etiam</span> <span class='ocrx_word' id='word_1_66' title='bbox 309 978 595 1027; x_wconf 89' lang='lat' dir='ltr'>Timotheus</span> <span class='ocrx_word' id='word_1_67' title='bbox 618 979 871 1042; x_wconf 89' lang='lat' dir='ltr'>presbyter</span> <span class='ocrx_word' id='word_1_68' title='bbox 895 995 1066 1027; x_wconf 88' lang='lat' dir='ltr'>manus</span> <span class='ocrx_word' id='word_1_69' title='bbox 1083 979 1311 1043; x_wconf 89' lang='lat' dir='ltr'>imposuit</span> <span class='ocrx_word' id='word_1_70' title='bbox 1332 1002 1344 1035; x_wconf 89' lang='grc'><strong>;</strong></span> <span class='ocrx_word' id='word_1_71' title='bbox 1376 980 1511 1028; x_wconf 88' lang='lat' dir='ltr'>illum</span> 
     </span>
     <span class='ocr_line' id='line_1_11' title="bbox 127 1053 1512 1117; baseline 0.001 -15"><span class='ocrx_word' id='word_1_72' title='bbox 127 1053 260 1102; x_wconf 82' lang='lat' dir='ltr'>enim</span> <span class='ocrx_word' id='word_1_73' title='bbox 277 1054 505 1103; x_wconf 89' lang='lat' dir='ltr'>admonet</span> <span class='ocrx_word' id='word_1_74' title='bbox 523 1056 730 1103; x_wconf 84' lang='lat' dir='ltr'>Sanctus</span> <span class='ocrx_word' id='word_1_75' title='bbox 747 1055 920 1103; x_wconf 87' lang='lat' dir='ltr'>Paulus</span> <span class='ocrx_word' id='word_1_76' title='bbox 939 1056 982 1115; x_wconf 94' lang='lat' dir='ltr'>(l</span> <span class='ocrx_word' id='word_1_77' title='bbox 1004 1055 1129 1103; x_wconf 87' lang='lat' dir='ltr'>Tim.</span> <span class='ocrx_word' id='word_1_78' title='bbox 1148 1073 1194 1103; x_wconf 90' lang='lat' dir='ltr'>v.</span> <span class='ocrx_word' id='word_1_79' title='bbox 1210 1058 1315 1117; x_wconf 85' lang='lat'>22),</span> <span class='ocrx_word' id='word_1_80' title='bbox 1332 1073 1391 1103; x_wconf 84' lang='lat' dir='ltr'>ne</span> <span class='ocrx_word' id='word_1_81' title='bbox 1408 1057 1512 1103; x_wconf 82' lang='lat' dir='ltr'>cui-</span> 
     </span>
     <span class='ocr_line' id='line_1_12' title="bbox 128 1129 1512 1195; baseline 0.002 -19"><span class='ocrx_word' id='word_1_82' title='bbox 128 1145 275 1194; x_wconf 73' lang='lat' dir='ltr'>quam</span> <span class='ocrx_word' id='word_1_83' title='bbox 299 1129 461 1177; x_wconf 76' lang='lat' dir='ltr'>subito</span> <span class='ocrx_word' id='word_1_84' title='bbox 487 1148 655 1179; x_wconf 71' lang='lat' dir='ltr'>manus</span> <span class='ocrx_word' id='word_1_85' title='bbox 681 1132 968 1195; x_wconf 79' lang='lat' dir='ltr'>imponeret.</span> <span class='ocrx_word' id='word_1_86' title='bbox 1004 1129 1062 1186; x_wconf 73' lang='lat' dir='ltr'>ln</span> <span class='ocrx_word' id='word_1_87' title='bbox 1083 1131 1393 1179; x_wconf 86' lang='lat' dir='ltr'>Timotheum</span> <span class='ocrx_word' id='word_1_88' title='bbox 1410 1148 1512 1179; x_wconf 87' lang='lat' dir='ltr'>ma-</span> 
     </span>
     <span class='ocr_line' id='line_1_13' title="bbox 128 1205 1511 1270; baseline 0.001 -18"><span class='ocrx_word' id='word_1_89' title='bbox 128 1219 222 1252; x_wconf 87' lang='lat' dir='ltr'>nus</span> <span class='ocrx_word' id='word_1_90' title='bbox 243 1205 475 1268; x_wconf 88' lang='lat' dir='ltr'>imposuit</span> <span class='ocrx_word' id='word_1_91' title='bbox 501 1207 540 1266; x_wconf 90' lang='grc'>(1</span> <span class='ocrx_word' id='word_1_92' title='bbox 571 1207 697 1255; x_wconf 85' lang='lat' dir='ltr'>Tim.</span> <span class='ocrx_word' id='word_1_93' title='bbox 731 1207 794 1254; x_wconf 89' lang='lat' dir='ltr'>iv.</span> <span class='ocrx_word' id='word_1_94' title='bbox 825 1208 904 1267; x_wconf 87' lang='grc'>14)</span> <span class='ocrx_word' id='word_1_95' title='bbox 945 1207 1301 1270; x_wconf 83' lang='lat' dir='ltr'>presbyterium</span> <span class='ocrx_word' id='word_1_96' title='bbox 1336 1207 1511 1270; x_wconf 81' lang='lat' dir='ltr'>ipsum.</span> 
     </span>
     <span class='ocr_line' id='line_1_14' title="bbox 128 1279 1511 1346; baseline 0.001 -17"><span class='ocrx_word' id='word_1_97' title='bbox 128 1279 392 1329; x_wconf 76' lang='lat' dir='ltr'>Quomodo</span> <span class='ocrx_word' id='word_1_98' title='bbox 444 1290 605 1329; x_wconf 86' lang='lat' dir='ltr'>autem</span> <span class='ocrx_word' id='word_1_99' title='bbox 646 1282 998 1345; x_wconf 88' lang='lat' dir='ltr'>presbyterium</span> <span class='ocrx_word' id='word_1_100' title='bbox 1045 1298 1217 1330; x_wconf 89' lang='lat' dir='ltr'>manus</span> <span class='ocrx_word' id='word_1_101' title='bbox 1254 1282 1511 1346; x_wconf 74' lang='lat' dir='ltr'>imposuit?</span> 
     </span>
     <span class='ocr_line' id='line_1_15' title="bbox 129 1354 1514 1421; baseline 0.001 -18"><span class='ocrx_word' id='word_1_102' title='bbox 129 1354 342 1404; x_wconf 78' lang='lat' dir='ltr'>Quando</span> <span class='ocrx_word' id='word_1_103' title='bbox 355 1357 711 1421; x_wconf 88' lang='lat' dir='ltr'>presbyterium</span> <span class='ocrx_word' id='word_1_104' title='bbox 725 1357 776 1405; x_wconf 92' lang='lat' dir='ltr'>id</span> <span class='ocrx_word' id='word_1_105' title='bbox 790 1358 923 1416; x_wconf 86' lang='lat' dir='ltr'>facit,</span> <span class='ocrx_word' id='word_1_106' title='bbox 939 1358 1306 1421; x_wconf 86' lang='lat' dir='ltr'>intelligendum</span> <span class='ocrx_word' id='word_1_107' title='bbox 1323 1365 1411 1417; x_wconf 88' lang='lat' dir='ltr'>est,</span> <span class='ocrx_word' id='word_1_108' title='bbox 1426 1374 1514 1421; x_wconf 85' lang='lat' dir='ltr'>per</span> 
     </span>
     <span class='ocr_line' id='line_1_16' title="bbox 130 1432 1513 1497; baseline 0.001 -18"><span class='ocrx_word' id='word_1_109' title='bbox 130 1446 303 1479; x_wconf 87' lang='lat' dir='ltr'>manus</span> <span class='ocrx_word' id='word_1_110' title='bbox 332 1432 580 1491; x_wconf 89' lang='lat' dir='ltr'>antistitis,</span> <span class='ocrx_word' id='word_1_111' title='bbox 619 1433 719 1480; x_wconf 87' lang='lat' dir='ltr'>sive</span> <span class='ocrx_word' id='word_1_112' title='bbox 742 1433 1031 1497; x_wconf 84' lang='lat' dir='ltr'>presbyterii</span> <span class='ocrx_word' id='word_1_113' title='bbox 1054 1433 1290 1497; x_wconf 89' lang='lat' dir='ltr'>praesidis,</span> <span class='ocrx_word' id='word_1_114' title='bbox 1328 1433 1513 1481; x_wconf 86' lang='lat' dir='ltr'>factum</span> 
     </span>
     <span class='ocr_line' id='line_1_17' title="bbox 130 1506 1510 1572; baseline 0.001 -18"><span class='ocrx_word' id='word_1_115' title='bbox 130 1521 256 1562; x_wconf 51' lang='grc' dir='ltr'>ὤεα</span> <span class='ocrx_word' id='word_1_116' title='bbox 281 1506 321 1554; x_wconf 88' lang='lat' dir='ltr'>is</span> <span class='ocrx_word' id='word_1_117' title='bbox 337 1515 500 1555; x_wconf 86' lang='lat' dir='ltr'>autem</span> <span class='ocrx_word' id='word_1_118' title='bbox 517 1507 711 1556; x_wconf 86' lang='lat' dir='ltr'>videtur</span> <span class='ocrx_word' id='word_1_119' title='bbox 728 1508 875 1556; x_wconf 89' lang='lat' dir='ltr'>fuisse</span> <span class='ocrx_word' id='word_1_120' title='bbox 889 1508 992 1572; x_wconf 90' lang='lat' dir='ltr'>ipse</span> <span class='ocrx_word' id='word_1_121' title='bbox 1008 1508 1199 1567; x_wconf 91' lang='lat' dir='ltr'>Paulus,</span> <span class='ocrx_word' id='word_1_122' title='bbox 1219 1509 1301 1572; x_wconf 91' lang='lat' dir='ltr'>qui</span> <span class='ocrx_word' id='word_1_123' title='bbox 1322 1509 1373 1569; x_wconf 87' lang='lat'>(2</span> <span class='ocrx_word' id='word_1_124' title='bbox 1387 1509 1510 1556; x_wconf 91' lang='lat' dir='ltr'>Tim.</span> 
     </span>
     <span class='ocr_line' id='line_1_18' title="bbox 130 1582 1513 1648; baseline 0.001 -18"><span class='ocrx_word' id='word_1_125' title='bbox 130 1582 162 1630; x_wconf 88' lang='lat' dir='ltr'>i.</span> <span class='ocrx_word' id='word_1_126' title='bbox 185 1583 239 1644; x_wconf 88' lang='lat'>6)</span> <span class='ocrx_word' id='word_1_127' title='bbox 276 1583 416 1646; x_wconf 88' lang='lat' dir='ltr'>jubet</span> <span class='ocrx_word' id='word_1_128' title='bbox 439 1583 574 1631; x_wconf 91' lang='lat' dir='ltr'>illum</span> <span class='ocrx_word' id='word_1_129' title='bbox 598 1584 873 1631; x_wconf 81' lang='lat' dir='ltr'>exuscitare</span> <span class='ocrx_word' id='word_1_130' title='bbox 897 1584 1081 1632; x_wconf 92' lang='lat' dir='ltr'>donum</span> <span class='ocrx_word' id='word_1_131' title='bbox 1110 1584 1200 1632; x_wconf 92' lang='lat' dir='ltr'>Dei</span> <span class='ocrx_word' id='word_1_132' title='bbox 1225 1584 1357 1648; x_wconf 91' lang='lat' dir='ltr'>quod</span> <span class='ocrx_word' id='word_1_133' title='bbox 1380 1584 1431 1631; x_wconf 91' lang='lat' dir='ltr'>in</span> <span class='ocrx_word' id='word_1_134' title='bbox 1454 1599 1513 1631; x_wconf 92' lang='lat' dir='ltr'>eo</span> 
     </span>
     <span class='ocr_line' id='line_1_19' title="bbox 130 1658 1513 1722; baseline 0.001 -16"><span class='ocrx_word' id='word_1_135' title='bbox 130 1665 236 1706; x_wconf 88' lang='lat' dir='ltr'>erat</span> <span class='ocrx_word' id='word_1_136' title='bbox 258 1674 346 1721; x_wconf 90' lang='lat' dir='ltr'>per</span> <span class='ocrx_word' id='word_1_137' title='bbox 367 1658 727 1722; x_wconf 89' lang='lat' dir='ltr'>impositionem</span> <span class='ocrx_word' id='word_1_138' title='bbox 751 1675 983 1707; x_wconf 89' lang='lat' dir='ltr'>manuum</span> <span class='ocrx_word' id='word_1_139' title='bbox 1001 1675 1219 1715; x_wconf 90' lang='lat' dir='ltr'>suarum;</span> <span class='ocrx_word' id='word_1_140' title='bbox 1245 1659 1329 1707; x_wconf 92' lang='lat' dir='ltr'>ubi</span> <span class='ocrx_word' id='word_1_141' title='bbox 1351 1659 1513 1708; x_wconf 89' lang='lat' dir='ltr'>obiter</span> 
     </span>
     <span class='ocr_line' id='line_1_20' title="bbox 129 1733 1512 1799; baseline 0.001 -18"><span class='ocrx_word' id='word_1_142' title='bbox 129 1733 398 1782; x_wconf 88' lang='lat' dir='ltr'>notandum</span> <span class='ocrx_word' id='word_1_143' title='bbox 421 1741 510 1793; x_wconf 89' lang='lat' dir='ltr'>est,</span> <span class='ocrx_word' id='word_1_144' title='bbox 534 1750 623 1798; x_wconf 91' lang='lat' dir='ltr'>per</span> <span class='ocrx_word' id='word_1_145' title='bbox 646 1734 828 1782; x_wconf 93' lang='lat' dir='ltr'>donum</span> <span class='ocrx_word' id='word_1_146' title='bbox 867 1734 958 1782; x_wconf 89' lang='lat' dir='ltr'>Dei</span> <span class='ocrx_word' id='word_1_147' title='bbox 981 1750 1080 1782; x_wconf 91' lang='lat' dir='ltr'>non</span> <span class='ocrx_word' id='word_1_148' title='bbox 1112 1734 1317 1799; x_wconf 86' lang='lat' dir='ltr'>intelligi</span> <span class='ocrx_word' id='word_1_149' title='bbox 1344 1734 1512 1799; x_wconf 81' lang='lat' dir='ltr'>Spiri-</span> 
     </span>
     <span class='ocr_line' id='line_1_21' title="bbox 132 1808 1511 1874; baseline 0.001 -18"><span class='ocrx_word' id='word_1_150' title='bbox 132 1814 232 1856; x_wconf 68' lang='lat' dir='ltr'>tum</span> <span class='ocrx_word' id='word_1_151' title='bbox 249 1808 499 1866; x_wconf 82' lang='lat' dir='ltr'>Sanctum,</span> <span class='ocrx_word' id='word_1_152' title='bbox 514 1810 707 1858; x_wconf 86' lang='lat' dir='ltr'>tertiam</span> <span class='ocrx_word' id='word_1_153' title='bbox 732 1811 781 1858; x_wconf 92' lang='lat' dir='ltr'>in</span> <span class='ocrx_word' id='word_1_154' title='bbox 799 1811 1038 1859; x_wconf 88' lang='lat' dir='ltr'>Trinitate</span> <span class='ocrx_word' id='word_1_155' title='bbox 1061 1827 1335 1874; x_wconf 89' lang='lat' dir='ltr'>personam,</span> <span class='ocrx_word' id='word_1_156' title='bbox 1350 1810 1437 1859; x_wconf 90' lang='lat' dir='ltr'>sed</span> <span class='ocrx_word' id='word_1_157' title='bbox 1461 1810 1511 1858; x_wconf 90' lang='lat' dir='ltr'>in</span> 
     </span>
     <span class='ocr_line' id='line_1_22' title="bbox 127 1884 1513 1934; baseline 0.001 -2"><span class='ocrx_word' id='word_1_158' title='bbox 127 1884 440 1933; x_wconf 87' lang='lat' dir='ltr'>Timotheum</span> <span class='ocrx_word' id='word_1_159' title='bbox 463 1884 630 1933; x_wconf 86' lang='lat' dir='ltr'>divina</span> <span class='ocrx_word' id='word_1_160' title='bbox 652 1886 782 1934; x_wconf 90' lang='lat' dir='ltr'>dona</span> <span class='ocrx_word' id='word_1_161' title='bbox 817 1886 1013 1934; x_wconf 87' lang='lat' dir='ltr'>collata.</span> <span class='ocrx_word' id='word_1_162' title='bbox 1080 1886 1130 1934; x_wconf 90' lang='lat' dir='ltr'>S.</span> <span class='ocrx_word' id='word_1_163' title='bbox 1155 1886 1305 1934; x_wconf 87' lang='lat' dir='ltr'>Paulo</span> <span class='ocrx_word' id='word_1_164' title='bbox 1340 1902 1513 1934; x_wconf 91' lang='lat' dir='ltr'>manus</span> 
     </span>
     <span class='ocr_line' id='line_1_23' title="bbox 131 1959 1511 2025; baseline 0.001 -18"><span class='ocrx_word' id='word_1_165' title='bbox 131 1959 383 2023; x_wconf 85' lang='lat' dir='ltr'>impositas</span> <span class='ocrx_word' id='word_1_166' title='bbox 404 1960 481 2008; x_wconf 93' lang='lat' dir='ltr'>bis</span> <span class='ocrx_word' id='word_1_167' title='bbox 503 1960 651 2009; x_wconf 89' lang='lat' dir='ltr'>fuisse</span> <span class='ocrx_word' id='word_1_168' title='bbox 683 1961 915 2025; x_wconf 89' lang='lat' dir='ltr'>legimus:</span> <span class='ocrx_word' id='word_1_169' title='bbox 954 1961 1103 2010; x_wconf 89' lang='lat' dir='ltr'>semel</span> <span class='ocrx_word' id='word_1_170' title='bbox 1127 1961 1355 2010; x_wconf 87' lang='lat' dir='ltr'>Damasci</span> <span class='ocrx_word' id='word_1_171' title='bbox 1377 1962 1511 2023; x_wconf 89' lang='lat' dir='ltr'>(Act.</span> 
     </span>
     <span class='ocr_line' id='line_1_24' title="bbox 131 2035 1514 2100; baseline 0.001 -18"><span class='ocrx_word' id='word_1_172' title='bbox 131 2035 198 2083; x_wconf 84' lang='lat' dir='ltr'>ix.</span> <span class='ocrx_word' id='word_1_173' title='bbox 230 2037 303 2092; x_wconf 87' lang='lat'>17,</span> <span class='ocrx_word' id='word_1_174' title='bbox 339 2037 415 2095; x_wconf 86' lang='grc'>18)</span> <span class='ocrx_word' id='word_1_175' title='bbox 454 2051 543 2099; x_wconf 89' lang='lat' dir='ltr'>per</span> <span class='ocrx_word' id='word_1_176' title='bbox 589 2037 844 2095; x_wconf 85' lang='lat' dir='ltr'>Ananiam,</span> <span class='ocrx_word' id='word_1_177' title='bbox 892 2053 1003 2085; x_wconf 87' lang='lat' dir='ltr'>eum</span> <span class='ocrx_word' id='word_1_178' title='bbox 1048 2037 1410 2100; x_wconf 86' lang='lat' dir='ltr'>baptizaretur:</span> <span class='ocrx_word' id='word_1_179' title='bbox 1462 2043 1514 2084; x_wconf 86' lang='lat' dir='ltr'>et</span> 
     </span>
     <span class='ocr_line' id='line_1_25' title="bbox 13 2109 1514 2175; baseline 0.001 -18"><span class='ocrx_word' id='word_1_180' title='bbox 13 2170 16 2174; x_wconf 15' lang='grc' dir='ltr'><strong>Δ</strong></span> <span class='ocrx_word' id='word_1_181' title='bbox 132 2109 311 2157; x_wconf 90' lang='lat' dir='ltr'>iterum</span> <span class='ocrx_word' id='word_1_182' title='bbox 327 2111 597 2159; x_wconf 85' lang='lat' dir='ltr'>Antiochiae</span> <span class='ocrx_word' id='word_1_183' title='bbox 615 2112 748 2173; x_wconf 87' lang='lat' dir='ltr'>(Act.</span> <span class='ocrx_word' id='word_1_184' title='bbox 768 2112 868 2160; x_wconf 82' lang='lat' dir='ltr'>xiii.</span> <span class='ocrx_word' id='word_1_185' title='bbox 886 2113 959 2174; x_wconf 87' lang='lat'>3),</span> <span class='ocrx_word' id='word_1_186' title='bbox 974 2128 1086 2160; x_wconf 87' lang='lat' dir='ltr'>cum</span> <span class='ocrx_word' id='word_1_187' title='bbox 1100 2112 1377 2160; x_wconf 90' lang='lat' dir='ltr'>mitteretur</span> <span class='ocrx_word' id='word_1_188' title='bbox 1391 2127 1514 2175; x_wconf 88' lang='lat' dir='ltr'>prae-</span> 
     </span>
     <span class='ocr_line' id='line_1_26' title="bbox 0 2183 1512 2259; baseline -0.001 -25"><span class='ocrx_word' id='word_1_189' title='bbox 0 2197 16 2259; x_wconf 60' lang='grc' dir='ltr'>ξζ</span> <span class='ocrx_word' id='word_1_190' title='bbox 134 2183 364 2233; x_wconf 85' lang='lat' dir='ltr'>dicatum.</span> <span class='ocrx_word' id='word_1_191' title='bbox 402 2185 530 2234; x_wconf 90' lang='lat' dir='ltr'>Usus</span> <span class='ocrx_word' id='word_1_192' title='bbox 553 2202 671 2251; x_wconf 88' lang='lat' dir='ltr'>ergo</span> <span class='ocrx_word' id='word_1_193' title='bbox 689 2188 832 2251; x_wconf 86' lang='lat' dir='ltr'>hujus</span> <span class='ocrx_word' id='word_1_194' title='bbox 856 2188 905 2235; x_wconf 90' lang='lat' dir='ltr'>in</span> <span class='ocrx_word' id='word_1_195' title='bbox 929 2188 1206 2251; x_wconf 85' lang='lat' dir='ltr'>pastoribus</span> <span class='ocrx_word' id='word_1_196' title='bbox 1230 2185 1512 2234; x_wconf 90' lang='lat' dir='ltr'>ordinandis</span> 
     </span>
     <span class='ocr_line' id='line_1_27' title="bbox 0 2250 1512 2326; baseline 0.001 -19"><span class='ocrx_word' id='word_1_197' title='bbox 0 2250 14 2284; x_wconf 64' lang='lat'>²³</span> <span class='ocrx_word' id='word_1_198' title='bbox 133 2260 420 2309; x_wconf 71' lang='lat' dir='ltr'>ceremoniae</span> <span class='ocrx_word' id='word_1_199' title='bbox 443 2261 484 2309; x_wconf 88' lang='lat' dir='ltr'>is</span> <span class='ocrx_word' id='word_1_200' title='bbox 507 2271 627 2319; x_wconf 89' lang='lat' dir='ltr'>erat,</span> <span class='ocrx_word' id='word_1_201' title='bbox 659 2270 712 2310; x_wconf 91' lang='lat' dir='ltr'>ut</span> <span class='ocrx_word' id='word_1_202' title='bbox 743 2279 1002 2326; x_wconf 87' lang='lat' dir='ltr'>personam</span> <span class='ocrx_word' id='word_1_203' title='bbox 1040 2264 1159 2326; x_wconf 86' lang='lat' dir='ltr'>ejus,</span> <span class='ocrx_word' id='word_1_204' title='bbox 1192 2262 1270 2310; x_wconf 90' lang='lat' dir='ltr'>cui</span> <span class='ocrx_word' id='word_1_205' title='bbox 1300 2268 1512 2325; x_wconf 69' lang='lat' dir='ltr'>potoeta-</span> 
     </span>
     <span class='ocr_line' id='line_1_28' title="bbox 133 2334 1140 2402; baseline 0.002 -20"><span class='ocrx_word' id='word_1_206' title='bbox 133 2343 235 2383; x_wconf 89' lang='lat' dir='ltr'>tem</span> <span class='ocrx_word' id='word_1_207' title='bbox 259 2334 406 2383; x_wconf 87' lang='lat' dir='ltr'>talem</span> <span class='ocrx_word' id='word_1_208' title='bbox 427 2347 788 2396; x_wconf 86' lang='lat' dir='ltr'>concesserunt,</span> <span class='ocrx_word' id='word_1_209' title='bbox 813 2338 1140 2402; x_wconf 87' lang='lat' dir='ltr'>designarent.</span> 
     </span>
    </p>

    <p class='ocr_par' dir='ltr' id='par_1_4' title="bbox 133 2410 1514 2927">
     <span class='ocr_line' id='line_1_29' title="bbox 204 2410 1511 2476; baseline 0 -18"><span class='ocrx_word' id='word_1_210' title='bbox 204 2410 406 2458; x_wconf 86' lang='lat' dir='ltr'>Homini</span> <span class='ocrx_word' id='word_1_211' title='bbox 430 2426 563 2474; x_wconf 88' lang='lat' dir='ltr'>ergo,</span> <span class='ocrx_word' id='word_1_212' title='bbox 587 2412 669 2475; x_wconf 92' lang='lat' dir='ltr'>qui</span> <span class='ocrx_word' id='word_1_213' title='bbox 693 2412 900 2461; x_wconf 86' lang='lat' dir='ltr'>docendi</span> <span class='ocrx_word' id='word_1_214' title='bbox 922 2421 972 2461; x_wconf 89' lang='lat' dir='ltr'>et</span> <span class='ocrx_word' id='word_1_215' title='bbox 994 2411 1275 2476; x_wconf 87' lang='lat' dir='ltr'>baptizandi</span> <span class='ocrx_word' id='word_1_216' title='bbox 1297 2418 1511 2474; x_wconf 85' lang='lat' dir='ltr'>potesta-</span> 
     </span>
     <span class='ocr_line' id='line_1_30' title="bbox 133 2485 1510 2550; baseline -0.001 -17"><span class='ocrx_word' id='word_1_217' title='bbox 133 2494 234 2534; x_wconf 87' lang='lat' dir='ltr'>tem</span> <span class='ocrx_word' id='word_1_218' title='bbox 254 2494 369 2533; x_wconf 87' lang='lat' dir='ltr'>ante</span> <span class='ocrx_word' id='word_1_219' title='bbox 391 2485 639 2535; x_wconf 88' lang='lat' dir='ltr'>habuisset</span> <span class='ocrx_word' id='word_1_220' title='bbox 672 2503 818 2550; x_wconf 88' lang='lat' dir='ltr'>quam</span> <span class='ocrx_word' id='word_1_221' title='bbox 842 2504 1013 2536; x_wconf 92' lang='lat' dir='ltr'>manus</span> <span class='ocrx_word' id='word_1_222' title='bbox 1037 2488 1106 2535; x_wconf 90' lang='lat' dir='ltr'>illi</span> <span class='ocrx_word' id='word_1_223' title='bbox 1129 2488 1510 2550; x_wconf 88' lang='lat' dir='ltr'>imponerentur,</span> 
     </span>
     <span class='ocr_line' id='line_1_31' title="bbox 134 2560 1512 2625; baseline -0.001 -16"><span class='ocrx_word' id='word_1_224' title='bbox 134 2560 380 2624; x_wconf 88' lang='lat' dir='ltr'>impositio</span> <span class='ocrx_word' id='word_1_225' title='bbox 411 2577 640 2609; x_wconf 86' lang='lat' dir='ltr'>manuum</span> <span class='ocrx_word' id='word_1_226' title='bbox 665 2563 785 2611; x_wconf 86' lang='lat' dir='ltr'>nihil</span> <span class='ocrx_word' id='word_1_227' title='bbox 808 2563 1118 2611; x_wconf 87' lang='lat' dir='ltr'>contribuere</span> <span class='ocrx_word' id='word_1_228' title='bbox 1140 2561 1315 2625; x_wconf 89' lang='lat' dir='ltr'>potuit,</span> <span class='ocrx_word' id='word_1_229' title='bbox 1340 2561 1434 2608; x_wconf 91' lang='lat' dir='ltr'>nisi</span> <span class='ocrx_word' id='word_1_230' title='bbox 1457 2569 1512 2608; x_wconf 93' lang='lat' dir='ltr'>ut</span> 
     </span>
     <span class='ocr_line' id='line_1_32' title="bbox 133 2635 1511 2700; baseline -0.001 -16"><span class='ocrx_word' id='word_1_231' title='bbox 133 2635 280 2684; x_wconf 87' lang='lat' dir='ltr'>fidem</span> <span class='ocrx_word' id='word_1_232' title='bbox 301 2635 500 2683; x_wconf 86' lang='lat' dir='ltr'>doceret</span> <span class='ocrx_word' id='word_1_233' title='bbox 517 2637 855 2686; x_wconf 89' lang='lat' dir='ltr'>Christianam.</span> <span class='ocrx_word' id='word_1_234' title='bbox 907 2638 983 2686; x_wconf 90' lang='lat' dir='ltr'>Illi</span> <span class='ocrx_word' id='word_1_235' title='bbox 1001 2654 1133 2695; x_wconf 89' lang='lat' dir='ltr'>vero,</span> <span class='ocrx_word' id='word_1_236' title='bbox 1149 2636 1231 2700; x_wconf 90' lang='lat' dir='ltr'>qui</span> <span class='ocrx_word' id='word_1_237' title='bbox 1249 2645 1511 2698; x_wconf 88' lang='lat' dir='ltr'>antequam</span> 
     </span>
     <span class='ocr_line' id='line_1_33' title="bbox 135 2710 1512 2774; baseline -0.001 -15"><span class='ocrx_word' id='word_1_238' title='bbox 135 2710 399 2759; x_wconf 87' lang='lat' dir='ltr'>Christiani</span> <span class='ocrx_word' id='word_1_239' title='bbox 436 2711 611 2759; x_wconf 87' lang='lat' dir='ltr'>fierent</span> <span class='ocrx_word' id='word_1_240' title='bbox 646 2727 884 2761; x_wconf 89' lang='lat' dir='ltr'>summam</span> <span class='ocrx_word' id='word_1_241' title='bbox 912 2713 1188 2761; x_wconf 86' lang='lat' dir='ltr'>habuerunt</span> <span class='ocrx_word' id='word_1_242' title='bbox 1219 2718 1512 2774; x_wconf 88' lang='lat' dir='ltr'>potestatem</span> 
     </span>
     <span class='ocr_line' id='line_1_34' title="bbox 134 2785 1513 2850; baseline -0.001 -16"><span class='ocrx_word' id='word_1_243' title='bbox 134 2786 186 2834; x_wconf 87' lang='lat' dir='ltr'>in</span> <span class='ocrx_word' id='word_1_244' title='bbox 225 2785 505 2833; x_wconf 83' lang='lat' dir='ltr'>civitatibus</span> <span class='ocrx_word' id='word_1_245' title='bbox 540 2785 655 2844; x_wconf 90' lang='lat' dir='ltr'>suis,</span> <span class='ocrx_word' id='word_1_246' title='bbox 678 2795 969 2850; x_wconf 74' lang='lat' dir='ltr'>potestatem</span> <span class='ocrx_word' id='word_1_247' title='bbox 1006 2803 1181 2835; x_wconf 87' lang='lat' dir='ltr'>novam</span> <span class='ocrx_word' id='word_1_248' title='bbox 1220 2785 1283 2834; x_wconf 93' lang='lat' dir='ltr'>ab</span> <span class='ocrx_word' id='word_1_249' title='bbox 1316 2785 1513 2849; x_wconf 88' lang='lat' dir='ltr'>imposi-</span> 
     </span>
     <span class='ocr_line' id='line_1_35' title="bbox 135 2860 1514 2927; baseline 0 -19"><span class='ocrx_word' id='word_1_250' title='bbox 135 2860 271 2909; x_wconf 86' lang='lat' dir='ltr'>tione</span> <span class='ocrx_word' id='word_1_251' title='bbox 294 2876 525 2908; x_wconf 90' lang='lat' dir='ltr'>manuum</span> <span class='ocrx_word' id='word_1_252' title='bbox 549 2861 730 2910; x_wconf 85' lang='lat' dir='ltr'>nullam</span> <span class='ocrx_word' id='word_1_253' title='bbox 754 2870 1061 2927; x_wconf 80' lang='lat' dir='ltr'>accepenmt.</span> <span class='ocrx_word' id='word_1_254' title='bbox 1113 2862 1271 2910; x_wconf 87' lang='lat' dir='ltr'>Etiam</span> <span class='ocrx_word' id='word_1_255' title='bbox 1296 2861 1385 2909; x_wconf 89' lang='lat' dir='ltr'>sub</span> <span class='ocrx_word' id='word_1_256' title='bbox 1399 2861 1514 2909; x_wconf 80' lang='lat' dir='ltr'>Tes-</span> 
     </span>
    </p>

    <p class='ocr_par' dir='ltr' id='par_1_5' title="bbox 270 2950 1380 2984">
     <span class='ocr_line' id='line_1_36' title="bbox 270 2950 1380 2984; baseline -0.001 0"><span class='ocrx_word' id='word_1_257' title='bbox 270 2950 394 2984; x_wconf 76' lang='lat' dir='ltr'>vol..</span> <span class='ocrx_word' id='word_1_258' title='bbox 417 2950 500 2984; x_wconf 81' lang='grc' dir='ltr'>ιιι.</span> <span class='ocrx_word' id='word_1_259' title='bbox 1292 2950 1327 2983; x_wconf 83' lang='lat' dir='ltr'>n</span> <span class='ocrx_word' id='word_1_260' title='bbox 1346 2950 1380 2983; x_wconf 85' lang='lat' dir='ltr'>n</span> 
     </span>
    </p>
   </div>
   <div class='ocr_carea' id='block_1_3' title="bbox 0 1373 26 1882">
    <p class='ocr_par' dir='ltr' id='par_1_6' title="bbox 0 1373 26 1882">
     <span class='ocr_line' id='line_1_37' title="bbox 0 1373 26 1882; baseline 0 1354"><span class='ocrx_word' id='word_1_261' title='bbox 0 1373 26 1882; x_wconf 95' lang='lat' dir='ltr'> </span> 
     </span>
    </p>
   </div>
   <div class='ocr_carea' id='block_1_4' title="bbox 0 2282 56 3236">
    <p class='ocr_par' dir='ltr' id='par_1_7' title="bbox 0 2282 56 3236">
     <span class='ocr_line' id='line_1_38' title="bbox 0 2282 56 3236; baseline 0 0"><span class='ocrx_word' id='word_1_262' title='bbox 0 2282 56 3236; x_wconf 95' lang='lat' dir='ltr'> </span> 
     </span>
    </p>
   </div>
  </div>
 </body>
</html>
