1968 3236
182 368 284 400 cAP.
304 368 415 402 XLII.

204 423 391 445 »Ὓ--α

198 463 244 491 De
258 467 398 501 potestate

198 506 355 536 ecclesiasti
359 518 400 537 ca.

447 224 543 267 432
771 233 841 266 DE
870 230 1127 265 οῐνιτΑΤΕ
1156 227 1511 262 CHRISTIANA.

449 361 615 392 coram
645 342 892 406 judicibus
921 340 1128 388 ethnicis
1165 339 1375 402 litigare,
1414 338 1465 386 id
1498 337 1630 401 quod
1662 353 1835 386 sanum

449 429 499 468 et
522 418 774 467 charitatis
797 418 996 480 plenum
1016 423 1090 463 est
1113 422 1430 478 praeceptum,
1464 423 1515 461 et
1549 413 1598 461 in
1636 413 1834 477 optimis

449 494 725 543 civitatibus
752 491 1042 539 Christianis
1065 490 1338 537 imitatione
1363 489 1583 552 dignum.
1653 488 1726 536 De
1750 504 1835 552 pe-

446 570 600 619 riculo
635 576 798 616 autem
834 583 895 615 ne
925 566 1096 629 religio
1134 565 1249 613 inde
1288 572 1699 628 corrumperetur,
1734 581 1833 612 non

447 655 551 695 erat
569 645 749 694 subditi
768 644 989 708 judicare
1011 664 1022 698 ;
1047 642 1124 689 vel
1143 642 1182 689 si
1197 641 1419 705 judicare
1437 640 1565 687 illius
1589 640 1667 697 sit,
1683 639 1833 687 etiam

447 724 497 770 in
545 722 760 770 dominio
803 721 945 783 Papae
987 718 1138 782 ipsius
1179 716 1451 780 temporali,
1499 715 1560 763 de
1607 715 1834 763 doctrina

446 800 586 861 Papae
605 798 715 860 jure
729 796 1023 859 judicabunt
1046 794 1174 841 illius
1200 792 1397 840 subditi.

510 874 868 936 Argumentum
894 878 1122 934 quartum
1146 886 1176 917 a
1193 884 1366 932 regum
1382 867 1590 914 sumitur
1614 866 1831 930 baptiza-

444 950 595 1008 tione,
611 950 662 996 in
681 965 777 1011 qua
801 955 994 1010 sceptra
1018 963 1121 1004 sua,
1141 953 1196 993 ut
1217 945 1337 992 dicit
1357 943 1698 1002 Bellarminus,
1719 943 1832 990 sub-

443 1026 646 1073 mittunt
671 1025 864 1072 Christo
887 1045 898 1078 ;
935 1023 1329 1086 promittuntque
1354 1019 1601 1068 custodire
1621 1026 1671 1066 et
1703 1019 1832 1066 tueri

443 1100 589 1148 fidem
615 1101 956 1148 Christianam.
1028 1099 1090 1145 Et
1114 1105 1247 1145 reete
1274 1096 1472 1159 quidem
1489 1096 1600 1143 hoc.
1671 1094 1831 1158 Reges

445 1177 573 1223 enim
599 1176 863 1224 Christiani
895 1175 1001 1238 ipsi,
1038 1173 1220 1222 Christi
1261 1180 1374 1220 sunt
1414 1170 1611 1219 subditi.
1683 1169 1832 1219 Quod

443 1260 607 1300 tamen
627 1269 726 1300 non
749 1251 968 1315 impedit,
995 1251 1114 1313 quin
1136 1248 1451 1313 pontificibus
1477 1246 1711 1295 Romanis
1733 1245 1831 1294 sint

443 1329 667 1391 aequales.

511 1405 870 1467 Argumentum
890 1402 1116 1466 quintum
1141 1400 1348 1448 sumitur
1373 1399 1434 1446 ab
1461 1414 1518 1446 eo
1549 1396 1681 1460 quod
1706 1397 1831 1445 dixit

443 1479 679 1539 Christus,
695 1496 858 1544 pasce
882 1495 994 1526 oves
1018 1494 1154 1525 meas
1169 1495 1188 1532 ,·
1225 1477 1402 1539 quibus
1427 1474 1587 1522 verbis
1610 1473 1830 1537 pontifici

442 1556 663 1604 Romano
686 1562 984 1618 potestatem
1009 1569 1204 1602 omnem
1231 1552 1397 1600 datam
1426 1566 1531 1598 esse
1555 1549 1693 1607 dicit,
1716 1565 1829 1612 pas-

442 1632 539 1679 tori
563 1632 904 1685 neeessariam3
931 1629 1087 1693 qualis
1102 1637 1174 1676 est
1190 1635 1409 1692 potestas
1424 1625 1654 1689 abigendi
1672 1625 1828 1688 lupos,

443 1707 494 1754 id
518 1714 606 1766 est,
630 1707 884 1755 haereticos
906 1727 917 1760 ;
954 1713 1004 1753 et
1021 1712 1236 1769 potestas
1263 1704 1452 1752 clausos
1475 1700 1677 1749 tenendi
1701 1700 1827 1748 arie-

443 1790 518 1830 tes
535 1782 765 1839 furentes,
791 1781 870 1844 qui
897 1796 1097 1844 gregem
1122 1779 1351 1827 cornibus
1374 1785 1542 1841 petere
1563 1791 1829 1824 consueve-

443 1866 575 1915 runt,
595 1858 645 1905 id
669 1864 742 1905 est
766 1857 934 1914 malos,
957 1856 1074 1904 licet
1103 1855 1423 1911 Christianos,
1459 1867 1628 1915 reges;
1665 1858 1717 1898 et
1738 1867 1827 1914 po-

444 1941 595 1981 testas
618 1933 870 1996 praebendi
903 1932 1046 1995 gregi
1081 1931 1367 1979 alimentum
1405 1943 1548 1976 suum
1584 1926 1826 1974 debitum.

443 2010 605 2072 Atque
631 2010 717 2056 has
740 2015 1014 2072 potestates
1036 2008 1085 2054 S.
1112 2007 1258 2054 Petro
1282 2022 1312 2053 a
1337 2004 1534 2053 Christo
1554 2002 1694 2051 datas
1718 2017 1826 2050 esse

442 2084 576 2132 dicit.
648 2083 938 2148 Respondeo
963 2090 1260 2146 potestatem
1294 2081 1424 2128 hane
1460 2079 1521 2127 de
1562 2077 1824 2136 alimentis,

440 2159 561 2207 nihil
601 2159 734 2207 aliud
784 2175 888 2207 esse
934 2166 1114 2222 praeter
1159 2163 1458 2221 potestatem
1503 2153 1823 2219 praedicandi.

442 2235 534 2283 Pro
558 2235 732 2298 prima,
758 2235 818 2282 de
843 2233 1096 2297 abigendis
1130 2232 1391 2290 haereticis,
1419 2231 1542 2279 citat
1569 2229 1719 2277 Matt.
1743 2228 1823 2277 vii.

448 2317 526 2357 15:
573 2310 757 2358 Cavete
784 2309 922 2357 vobis
955 2325 987 2355 a
1011 2306 1488 2372 pseudoprophetis,
1513 2304 1599 2369 qui
1627 2304 1824 2352 veniant

441 2385 513 2433 ad
532 2402 616 2433 vos
641 2402 747 2432 cum
770 2383 1073 2432 vestimenti-s·
1091 2383 1262 2441 ovium,
1286 2381 1382 2430 sed
1394 2380 1694 2429 intrinsecus
1710 2385 1825 2427 sunt

441 2460 547 2525 lupi
570 2476 802 2525 rapaces.
874 2458 972 2507 Sed
995 2458 1216 2506 haeretici
1251 2455 1693 2521 pseudoprophetae
1723 2469 1825 2502 non

441 2544 583 2589 sunt;
618 2551 777 2599 neque
801 2533 1012 2598 apostoli
1035 2533 1310 2593 haereticos,
1330 2546 1612 2596 quanquam
1629 2529 1733 2593 lupi
1748 2545 1824 2578 es-

441 2619 564 2669 sent,
586 2611 822 2673 jubentur
840 2610 1132 2666 interficere,
1150 2608 1227 2656 vel
1245 2608 1285 2656 si
1302 2608 1452 2656 iidem
1466 2622 1608 2670 reges
1622 2604 1823 2664 fuerint,

440 2687 709 2749 deponere;
747 2685 833 2733 sed
856 2700 1046 2739 cavere,
1070 2683 1256 2747 fugere,
1290 2693 1340 2731 et
1375 2683 1576 2731 evitare.
1647 2680 1824 2744 Neque

441 2762 490 2809 S.
517 2760 659 2809 Petro
679 2776 838 2823 neque
861 2758 1095 2823 apostolis
1118 2775 1148 2806 a
1172 2759 1370 2806 Christo
1395 2758 1502 2806 haec
1526 2756 1661 2805 dicta
1691 2764 1822 2814 sunt,

441 2835 526 2883 sed
550 2835 852 2884 multitudini
875 2834 1177 2891 Judaeorum,
1203 2834 1285 2897 qui
1321 2850 1433 2881 eum
1475 2832 1669 2896 sequuti
1709 2839 1825 2880 sunt
