1968 3236
377 224 472 267 206
875 236 944 268 DE
968 236 1241 270 olw'rA'rE.

94 359 195 392 CAP.
211 361 343 397 xxvi.
450 351 489 393 l.
526 346 732 404 Edicta,
749 346 1134 405 constitutioneS,
1146 355 1195 394 et
1214 347 1749 414 epistoloeprineipum,

131 415 320 492 {125
376 420 428 468 id
451 428 525 468 est
559 422 905 484 imperatorum
930 422 1273 481 Romanorum,
1299 423 1381 485 qui
1405 439 1640 472 summam
1664 425 1750 472 ha-

133 499 273 527 ci‘ffibffi·
374 496 525 543 buere
549 497 599 543 in
623 497 816 544 civitate
848 497 1068 544 Romana
1090 503 1396 559 potestatem.
1467 499 1652 547 Similia
1673 499 1749 547 his

377 579 489 619 sunt
513 572 672 619 edicta
690 573 790 620 sive
809 572 1214 635 proclamationes
1232 589 1402 636 regum
1420 583 1714 623 nostrorum.

443 654 488 694 2.
525 649 748 695 Decreta
782 648 962 713 populi
997 648 1221 707 Romani,
1246 665 1351 711 quae
1386 650 1515 713 leges
1538 651 1748 714 primum

377 731 516 770 erant
538 723 718 771 virtute
742 723 998 771 residentis
1033 723 1083 770 in
1111 723 1290 786 populo
1315 740 1512 773 summae
1536 732 1749 788 potesta-

376 799 469 853 tis;
507 815 711 861 quarum
736 815 844 862 quae
882 799 942 846 ab
980 798 1351 861 imperatoribus
1379 800 1626 863 abrogatae
1648 817 1747 848 non

374 874 586 933 fuerunt,
611 876 741 939 leges
764 886 964 938 propter
988 874 1333 922 authoritatem
1352 875 1646 938 imperialem
1670 892 1747 924 re-

374 958 671 999 manserunt.
764 952 856 998 Hae
896 956 1058 998 autem
1099 965 1209 996 cum
1255 950 1392 997 Actis
1437 951 1747 999 Parliamenti

375 1027 644 1090 comparari
670 1033 888 1090 possunt.

441 1109 485 1150 3.
521 1102 745 1150 Decreta
760 1102 932 1167 plebis
956 1101 1198 1160 Romam,
1218 1110 1389 1149 senatu
1403 1101 1625 1156 excluso3
1661 1102 1747 1150 ho-

373 1193 482 1224 rum
499 1193 691 1240 quoque
710 1177 793 1224 illa
810 1193 917 1240 quae
932 1177 992 1224 ab
1008 1176 1380 1239 imperatoribus
1395 1177 1631 1239 abrogata
1647 1193 1745 1224 non

372 1260 500 1312 sunt,
524 1254 687 1317 legum
709 1253 808 1300 vim
829 1253 1086 1300 retinuere.

437 1336 484 1376 4.
522 1329 735 1376 Senatus
759 1327 999 1375 consulta.
1048 1328 1175 1375 Nam
1195 1343 1304 1375 cum
1323 1326 1625 1374 numerosior
1643 1327 1746 1390 jam

370 1404 528 1452 factus
564 1412 690 1452 esset
720 1404 925 1468 populus
964 1404 1210 1451 Romanus
1234 1419 1378 1465 quam
1414 1410 1468 1449 ut
1492 1403 1745 1451 commode

370 1480 657 1543 congregari
693 1479 920 1542 potuerit,
958 1478 1114 1526 visum
1155 1478 1435 1541 imperatori
1472 1485 1544 1524 est
1577 1485 1632 1524 ut
1654 1494 1743 1541 pro

368 1556 548 1618 populo
586 1555 918 1602 consuleretur
958 1561 1167 1601 senatus.
1241 1554 1395 1616 Leges
1434 1568 1549 1615 ergo
1587 1562 1742 1612 erant,

369 1630 535 1693 quales
558 1630 661 1677 fere
682 1636 797 1677 sunt
819 1636 929 1677 acta
954 1629 1141 1676 consilii
1166 1628 1293 1691 regis
1314 1628 1506 1691 privati.

436 1713 480 1755 5.
518 1706 709 1754 Edicta
724 1712 1026 1771 praetorum:
1053 1705 1135 1767 qui
1151 1705 1319 1752 Romae
1339 1711 1477 1750 erant
1491 1702 1621 1750 idem
1638 1702 1740 1752 fere

368 1781 500 1845 quod
519 1782 707 1845 judices
730 1781 963 1845 praecipui
987 1780 1116 1843 apud
1135 1796 1237 1827 nos.

431 1863 478 1906 6.
514 1858 774 1922 Responsa
809 1856 1140 1921 prudentum:
1191 1871 1299 1918 quae
1336 1870 1565 1917 responsa
1601 1863 1740 1902 erant

365 1932 620 1981 sententiae
647 1931 1065 1996 jurisprudentum
1099 1947 1282 1988 eorum,
1319 1930 1492 1993 quibus
1528 1930 1741 1978 authori-

364 2015 439 2056 tas
455 2008 514 2056 de
529 2008 637 2071 lege
652 2006 1014 2055 consulentibus
1032 2005 1356 2069 respondendi
1371 2006 1432 2052 ab
1448 2005 1738 2068 imperatore

365 2099 595 2132 concessa
629 2091 716 2131 est.
787 2083 940 2144 Leges
965 2097 1079 2144 ergo
1104 2090 1256 2128 erant.

431 2162 477 2214 7.
518 2158 904 2207 Consuetudines
969 2156 1174 2220 denique
1231 2156 1551 2220 non-SeriPtoe
1606 2157 1738 2219 leges

362 2242 517 2283 erant.
588 2235 701 2282 Non
721 2242 884 2282 tamen
907 2241 1081 2280 natura
1103 2249 1204 2291 sua,
1224 2232 1309 2280 sed
1333 2248 1570 2280 consensu
1586 2232 1736 2281 tacito

362 2310 681 2374 imperatoris.

428 2386 612 2435 Divisio
634 2386 796 2449 legum
825 2384 919 2432 alia
941 2391 1014 2431 est
1038 2383 1087 2430 in
1111 2382 1370 2430 naturales
1403 2390 1452 2430 et
1467 2383 1734 2447 positivae.

362 2461 622 2509 Naturales
646 2475 869 2525 quaenam
892 2460 1004 2517 sint,
1030 2459 1213 2506 dictum
1233 2460 1335 2521 jam
1360 2466 1447 2506 est.
1512 2458 1736 2508 AEternae

360 2544 488 2585 sunt.

428 2611 664 2660 Positivae
687 2617 820 2670 sunt,
855 2626 962 2673 quae
999 2610 1059 2657 ab
1083 2616 1266 2657 aeterno
1291 2626 1389 2657 non
1413 2609 1626 2667 fuerunt,
1650 2608 1735 2657 sed

359 2687 611 2735 voluntate
636 2702 930 2734 summarum
954 2691 1251 2748 potestatum
1275 2684 1417 2733 factae
1441 2685 1588 2748 leges.

426 2763 610 2826 Legum
635 2761 950 2825 positivarum
974 2760 1082 2808 aliae
1107 2767 1221 2807 sunt
1255 2760 1492 2817 ltu-mance,
1515 2760 1622 2809 aliae
1658 2759 1734 2807 di-

355 2837 495 2886 vinae.
566 2837 904 2885 Humanarum
941 2835 1048 2884 aliae
1080 2827 1204 2884 'sunt
1245 2835 1590 2895 distributim,
1626 2834 1733 2884 aliae
