1968 3236
166 330 266 361 CAP.
288 331 399 363 XLII.

189 385 379 407 ffi-—f-—ae

186 426 229 454 De
242 429 383 464 potestate

182 469 385 499 ecclcxinstica.

434 192 529 235 430
756 200 826 233 DE
855 198 1113 233 CIVITATE
1145 197 1500 230 cnsslsTIANA.

433 313 614 360 mortui
650 321 762 359 sunt
808 311 970 374 quoad
1011 325 1218 372 corpora
1256 308 1515 366 naturalia,
1563 309 1821 367 resurgent

436 404 640 451 corpora
677 387 962 450 spiritualia,
1001 394 1049 432 et
1087 386 1319 432 Servator
1355 391 1536 437 noster,
1568 381 1711 430 victis
1735 380 1821 427 ad-

435 464 673 520 versariis,
700 463 946 510 civitatem
980 461 1246 508 constituet
1282 460 1583 524 spiritualem
1607 465 1656 506 et
1679 464 1822 504 aeter-

437 556 564 587 nam.
615 539 807 586 Interea
831 546 1010 595 autem,
1039 537 1153 600 quia
1176 536 1399 583 homines
1427 536 1479 583 in
1508 535 1600 582 hoc
1637 531 1822 580 mundo

435 632 532 662 non
550 614 801 661 habebunt
826 628 1034 675 corpora
1059 611 1348 675 spiritualia,
1372 611 1507 658 nulla
1535 626 1640 658 esse
1657 614 1822 672 potest

436 690 605 738 civitas
625 689 889 751 spiritualis
911 687 1090 735 civium
1111 687 1426 734 existentium
1450 687 1500 734 in
1525 701 1686 734 carne.

499 764 716 812 Tertium
757 770 1097 826 argumentum
1137 770 1225 821 est,
1251 779 1423 827 regem
1464 760 1712 825 infidelem
1745 759 1828 807 vel

433 840 715 887 haereticum
761 839 1086 898 CleristianiS,
1125 839 1171 886 si
1208 839 1349 887 modo
1391 838 1508 886 illos
1550 843 1754 885 conetur
1791 852 1822 883 a

431 916 530 965 side
572 915 837 974 abducere,
864 915 1086 962 tolerare
1121 915 1310 962 licitum
1340 932 1435 963 non
1459 921 1567 962 est:
1580 913 1824 976 judicare

434 999 596 1040 autem
631 998 792 1038 utrum
815 1007 908 1038 rex
931 991 1157 1038 subditos
1181 1007 1296 1038 suos
1321 991 1393 1038 ad
1425 990 1640 1038 lcoeresin
1664 989 1824 1036 addu-

434 1082 546 1113 cere
571 1074 773 1114 conetur
797 1084 962 1124 necne,
979 1067 1210 1130 pertinet
1234 1066 1306 1114 ad
1330 1067 1525 1131 Papam
1541 1084 1557 1113 .·
1581 1066 1674 1127 jus
1698 1080 1823 1129 ergo

434 1141 582 1189 habet
608 1142 757 1206 Papa
784 1149 944 1189 utrum
971 1142 1218 1206 princeps
1255 1141 1589 1207 deponendus,
1612 1157 1677 1188 an
1700 1141 1824 1188 reti-

433 1218 621 1265 nendus
645 1218 729 1276 sit,
743 1218 1031 1280 judicandi.

500 1294 790 1357 Respondeo
831 1302 1092 1356 utrumque
1131 1310 1236 1342 esse
1272 1294 1477 1347 falsum;
1514 1309 1689 1356 nempe
1723 1291 1824 1355 pri-

434 1385 581 1427 mum,
607 1369 884 1417 Christiano
920 1385 1088 1432 regem
1127 1370 1344 1418 suumin
1381 1383 1674 1432 quocunque
1710 1383 1824 1430 casu

432 1461 532 1492 non
558 1461 662 1493 esse
686 1445 1027 1500 tolerandum;
1052 1462 1168 1494 nam
1186 1446 1377 1509 legibus
1402 1444 1595 1502 divinis,
1613 1452 1718 1491 tum
1737 1458 1824 1490 na-

433 1521 669 1568 turalibus
692 1528 796 1569 tum
820 1521 1055 1585 positivis,
1092 1522 1393 1569 contrarium
1429 1527 1531 1567 est:
1569 1527 1620 1567 et
1653 1534 1824 1566 secun-

436 1595 567 1655 dum,
591 1613 766 1660 nempe
796 1597 1014 1661 judicem
1050 1598 1311 1646 haeresium
1349 1611 1643 1660 quemquam
1676 1595 1825 1642 alium

436 1688 541 1720 esse
579 1680 757 1735 praeter
799 1689 910 1720 eum
953 1674 1037 1737 qui
1073 1690 1312 1722 summam
1347 1674 1498 1721 habet
1526 1679 1825 1735 potestatem

438 1748 642 1795 civilem.
730 1749 944 1796 Haeresis
983 1750 1114 1797 enim
1151 1750 1247 1798 alia
1284 1764 1361 1797 res
1400 1764 1500 1796 non
1538 1754 1612 1795 est
1646 1754 1826 1810 praeter

437 1823 716 1886 opinionem
733 1824 989 1887 privatam,
1010 1833 1183 1873 contra
1200 1825 1332 1888 leges
1350 1823 1560 1872 civitatis
1579 1823 1826 1871 obstinate

435 1906 808 1961 propugnatam.
895 1899 1201 1963 Impossibile
1243 1917 1361 1963 ergo
1408 1906 1496 1957 est,
1544 1898 1824 1962 opinionem

435 1973 584 2021 ullam
603 1974 882 2021 haereticam
908 1990 1028 2034 esse,
1054 1991 1200 2038 quam
1223 1976 1418 2039 publice
1453 1974 1619 2023 doceri
1649 1975 1826 2037 jubent

434 2049 512 2096 vel
534 2049 824 2112 permittunt
843 2050 975 2113 leges
995 2050 1221 2099 civitatis.

504 2125 573 2173 Ut
595 2133 760 2173 autem
798 2142 966 2189 regem
1001 2127 1248 2175 infidelem
1284 2127 1362 2174 vel
1385 2126 1674 2175 haereticum
1706 2125 1828 2174 tole-

436 2216 543 2248 rare
583 2201 872 2249 Christianis
907 2202 1133 2250 illicitum
1169 2219 1273 2251 esse
1297 2203 1489 2267 probet,
1513 2202 1677 2250 locum
1705 2201 1825 2250 citat

441 2275 521 2336 (ex
546 2276 689 2324 Deut.
716 2277 829 2325 xvii.
866 2278 963 2337 15),
987 2278 1071 2325 ubi
1096 2278 1229 2326 Deus
1250 2279 1278 2327 J
1284 2278 1450 2326 udaeos
1473 2277 1740 2342 prohibuit,
1762 2293 1826 2324 ne

437 2366 600 2412 regem
653 2352 855 2400 electuri
908 2353 1166 2416 imperium
1207 2362 1440 2402 extraneo
1488 2353 1696 2401 darent:
1749 2361 1822 2402 at-

439 2442 531 2488 que
556 2427 670 2474 inde
695 2428 856 2486 infert,
884 2428 1163 2476 Christiano
1200 2446 1299 2477 non
1341 2430 1490 2478 licere
1530 2444 1698 2492 regem
1733 2428 1825 2477 sibi

438 2501 616 2565 eligere
640 2519 738 2550 non
765 2503 1111 2551 Christianum.
1151 2505 1278 2553 Sane
1304 2505 1625 2563 Christianus,
1650 2503 1700 2552 id
1733 2511 1826 2562 est,

439 2577 479 2623 is
504 2577 586 2640 qui
612 2578 922 2626 Servatorem
945 2586 1167 2627 nostrum
1192 2596 1458 2643 agnoscere
1477 2587 1528 2628 et
1550 2579 1620 2627 illi
1644 2579 1825 2628 servire

439 2668 488 2699 se
514 2654 658 2700 semel
692 2654 943 2717 obligavit,
977 2654 1017 2702 si
1049 2671 1215 2718 regem
1251 2655 1470 2719 eligeret,
1509 2671 1654 2719 quem
1688 2662 1831 2703 certo⁴

440 2729 584 2775 sciret
608 2736 897 2777 conaturum
922 2745 1027 2777 esse
1051 2745 1080 2776 a
1102 2730 1199 2777 fide
1224 2730 1359 2778 illum
1383 2730 1643 2789 abducere,
1668 2730 1834 2784 Deum,

441 2801 641 2850 nimium
669 2812 947 2852 tentaturus
971 2812 1111 2852 esset.
1187 2805 1282 2853 Sed
1316 2806 1461 2865 idem,
1498 2806 1674 2869 inquit,
1698 2806 1828 2870 peri-
