1968 3236
195 397 296 428 CAP.
316 397 364 429 11.

190 493 234 520 De
248 491 362 520 hoeoesi.

432 255 525 296 554
742 264 1031 297 APPENDIX
1058 263 1131 296 AD
1159 264 1521 299 LEVIATHAN„

430 375 601 439 aliquis
623 376 896 438 puniendus
929 376 1007 432 sit,
1031 376 1252 440 iniquum
1278 385 1366 425 est.
1435 377 1711 442 AEquumne
1738 383 1811 424 est

428 460 484 499 ut
507 452 715 499 hominis
738 451 838 499 vita
860 466 945 514 arg
954 451 1063 498 utiis
1086 459 1284 515 petatur
1319 453 1775 516 consequentiarum
1795 473 1825 509 ς,

430 528 507 574 vel
530 527 580 574 in
603 527 1006 584 adversariorum,
1032 535 1118 574 aut
1155 528 1302 575 etiam
1337 528 1516 591 judicis
1553 527 1729 591 peritia
1757 528 1810 575 in

430 611 535 650 arte
558 602 715 665 logica
736 601 1072 665 periclitetur?
1141 603 1220 650 An
1244 603 1337 661 lex,
1363 619 1471 666 quae
1501 603 1624 651 nihil
1659 603 1812 667 exigit

430 685 608 741 praeter
633 677 975 735 obedientiam,
989 677 1255 725 ulciscetur
1277 678 1689 742 paralogismum?
1725 679 1812 727 Pa-

430 760 527 799 tres
552 753 644 815 ipsi
667 753 718 800 in
735 753 953 800 Concilio
969 753 1157 800 Niceno
1178 754 1318 801 aliter
1337 762 1647 802 censuerunt.
1684 753 1812 802 Cum

430 828 558 875 enim
582 836 742 875 essent
765 828 894 875 inter
917 828 1024 875 illos
1042 828 1206 891 aliqui,
1221 829 1306 876 sed
1328 829 1487 892 pauci,
1507 829 1590 892 qui
1611 836 1812 893 propter

429 919 597 951 vocem
629 912 812 962 ὁμοὺσιον,
845 904 1148 951 subscribere
1186 905 1403 968 symbolo
1439 905 1735 965 dubitarent,
1762 913 1812 954 et

430 979 802 1042 explicationem
826 979 953 1027 illius
977 980 1110 1027 vocis
1132 980 1400 1043 pleniorem
1428 987 1718 1045 poscerent;
1752 982 1811 1030 il—

428 1055 486 1102 lis
525 1071 710 1102 morem
748 1064 974 1119 gerentes
1013 1057 1179 1104 Patres
1215 1057 1395 1115 caeteri,
1432 1073 1604 1105 vocem
1640 1065 1810 1117 ὁμοὺσιον

428 1131 498 1178 ita
521 1132 886 1194 intelligendam
909 1147 1012 1180 esse
1038 1132 1364 1192 declararunt,
1382 1143 1437 1181 ut
1462 1133 1608 1181 Filius
1633 1133 1726 1181 Dei
1751 1149 1811 1180 ex

427 1207 696 1255 substantia
720 1208 917 1271 quidem
954 1208 1110 1256 Patris
1152 1216 1292 1268 esset,
1316 1217 1372 1256 ut
1404 1226 1506 1257 non
1537 1217 1703 1257 tamen
1737 1223 1811 1256 es-

429 1290 505 1330 set
528 1283 684 1331 Patris
708 1300 834 1347 pars.
893 1285 967 1332 Ex
1001 1284 1096 1332 illis
1130 1285 1212 1347 qui
1237 1285 1610 1348 explicationem
1632 1285 1759 1332 hanc
1782 1300 1812 1332 a

428 1359 650 1407 Patribus
691 1360 1090 1423 impetraverunt,
1134 1367 1238 1408 erat
1279 1361 1515 1409 Eusebius
1558 1361 1811 1424 episcopus

427 1433 766 1491 Caesariensis3
803 1435 1028 1498 idemque
1058 1435 1121 1483 ad
1153 1435 1336 1483 clerum
1370 1452 1457 1500 per
1492 1453 1658 1485 omnes
1689 1436 1812 1484 dioe-

426 1525 558 1557 ceses
596 1511 850 1573 epistolam
887 1512 1098 1575 scripsit,
1124 1527 1233 1574 quae
1256 1521 1460 1560 vocatur
1484 1513 1694 1576 epistola
1717 1512 1811 1560 cir-

425 1585 616 1644 cularis,
641 1586 692 1633 in
729 1603 824 1649 qua
858 1588 1090 1635 certiores
1121 1587 1255 1646 facit,
1282 1588 1399 1651 quid
1430 1588 1682 1637 decretum
1705 1596 1811 1636 erat

425 1660 476 1707 in
507 1661 692 1724 synodo
728 1662 788 1710 de
815 1663 911 1711 fide
940 1663 1070 1711 circa
1099 1671 1319 1711 sanctam
1341 1665 1647 1723 Trinitatem,
1672 1673 1723 1712 et
1747 1664 1807 1712 de

426 1751 572 1784 causa
607 1753 754 1800 quare
786 1738 890 1802 ipse
927 1746 977 1786 et
1011 1739 1192 1797 caeteri,
1223 1740 1306 1802 qui
1340 1740 1472 1803 prius
1508 1740 1809 1788 subscribere

425 1820 779 1872 recusaverant,
816 1830 947 1862 nunc
986 1814 1376 1870 subscriberent;
1411 1815 1495 1862 ubi
1535 1831 1625 1878 pro
1662 1831 1811 1863 causa

425 1888 790 1952 subscriptionis
832 1906 932 1938 suae
970 1891 1132 1954 posuit
1167 1890 1310 1949 hanc,
1345 1890 1481 1955 quod
1502 1890 1735 1954 formula
1775 1907 1808 1938 a

426 1962 665 2012 Patribus
682 1966 992 2030 proeseripta
1016 1973 1162 2025 esset,
1181 1982 1284 2031 per
1308 1982 1454 2030 quam
1477 1966 1642 2014 cautio
1667 1965 1809 2014 adhi-

426 2037 632 2088 bebatur
667 2058 726 2089 ηε
757 2058 789 2089 a
827 2048 977 2090 reeta>
999 2042 1135 2104 fidei
1174 2041 1420 2090 sententia
1457 2042 1732 2100 excideret,
1756 2048 1808 2089 et

425 2115 560 2178 quod
586 2115 646 2163 ob
665 2133 772 2165 eam
811 2134 1010 2166 causam
1041 2134 1202 2166 vocem
1233 2127 1405 2176 ὁμούσιον
1432 2134 1525 2166 uon
1556 2118 1805 2180 rejiceret,

425 2206 610 2255 nempe,
631 2192 751 2256 quia
779 2209 893 2258 pax
921 2193 1061 2241 uobis
1097 2200 1331 2257 tanquam
1353 2210 1534 2258 scopu-s*
1553 2200 1671 2241 ante
1693 2209 1807 2241 ocu-

426 2263 501 2312 los
523 2267 836 2316 versabatur.
905 2269 980 2316 Ex
1003 2285 1098 2332 quo
1122 2269 1425 2332 intelligitur,
1446 2269 1635 2332 quoties
1658 2269 1808 2317 verba

425 2341 548 2389 fiunt
572 2343 771 2400 crimen,
790 2346 932 2407 juxta
950 2345 1158 2393 Concilii
1177 2345 1352 2392 Niceni
1376 2344 1682 2403 sententiam,
1701 2359 1807 2392 ver-

424 2415 487 2463 ba
509 2416 591 2465 illa
613 2418 663 2465 in
686 2418 946 2467 formulam
969 2419 1147 2468 debere
1171 2419 1357 2483 redigi;
1394 2427 1451 2467 ut
1473 2420 1806 2483 unusquisque

426 2507 535 2554 quae
564 2492 713 2541 verba
747 2494 932 2542 crimen
965 2495 1164 2551 habent,
1196 2511 1304 2558 quae
1344 2511 1443 2544 non
1473 2494 1672 2553 habent,
1700 2495 1805 2543 sine

424 2566 643 2627 pluribus
689 2568 978 2632 syllogismis
1025 2579 1187 2618 certus
1240 2587 1343 2619 esse
1395 2570 1583 2634 possit:
1632 2570 1805 2619 eodem

424 2641 566 2703 plane
586 2643 746 2701 modo,
765 2661 861 2707 quo
884 2645 935 2692 id
960 2645 1091 2708 quod
1115 2646 1165 2693 in
1188 2646 1330 2694 factis
1354 2646 1540 2694 crimen
1563 2653 1638 2694 est
1660 2646 1722 2694 ab
1746 2662 1806 2694 eo

425 2715 557 2777 quod
579 2717 761 2766 crimen
792 2735 891 2767 non
914 2728 1002 2778 est,
1029 2719 1346 2784 distinguitur
1368 2736 1456 2785 per
1479 2721 1601 2784 legis
1623 2720 1805 2769 formu·

425 2790 535 2838 lam.
589 2790 724 2839 Idem
748 2803 1003 2842 senserunt
1027 2802 1076 2842 et
1096 2795 1237 2858 Papae
1261 2812 1442 2845 omnes.
1493 2797 1620 2844 Nam
1643 2796 1727 2844 ubi
1751 2796 1803 2844 in

425 2865 651 2915 Conciliis
685 2869 989 2931 generalibus
1014 2870 1284 2919 doctrinam
1319 2872 1530 2934 aliquam
1569 2871 1802 2920 damnant
