1968 3236
490 232 561 266 1)ss
586 231 846 267 clvrrATss
872 232 1228 268 cnmsnANA.
1454 225 1552 268 443

234 342 590 406 Argumentum
610 345 835 392 ultimum
854 344 1063 392 sumitur
1082 361 1112 392 a
1134 343 1255 392 locis
1271 342 1365 391 illis
1391 343 1554 406 Scrip-
1570 363 1676 396 eff.
1703 362 1834 394 xuu.

167 426 308 475 turae,
342 418 427 466 ubi
451 420 685 467 articulus
716 421 795 467 hic
831 420 1012 468 dicitur
1043 436 1147 468 esse
1178 419 1549 467 fundamentum
1571 417 1838 492 „emm

167 491 311 548 fidei;
352 493 616 542 salvabitur
662 497 809 553 enim,
856 497 940 560 qui
980 504 1117 543 tenet
1162 495 1549 544 fundamentum.
1569 473 1838 545 ceptio'tssmime

167 567 327 616 Locus
345 569 530 632 primus
546 580 635 627 est,
653 571 832 619 Matth.
850 571 976 618 xxiv.
997 577 1079 629 23,
1098 577 1160 619 24
1175 589 1187 618 ε
1214 570 1272 618 Si
1285 570 1398 635 quis
1414 569 1552 618 vobis
1569 560 1642 622 2¹3
1652 550 1825 622 Q

167 643 374 702 dixerit,
390 661 517 701 ecce,
536 646 615 692 leic-
635 654 711 693 est
735 647 983 703 Christus,
1000 653 1087 694 out
1106 646 1188 694 hic
1203 665 1220 694 .·
1244 662 1305 694 ne
1322 646 1520 694 credite
1533 664 1553 693 .·

166 718 515 767 eoecitabuntur
552 721 675 768 enim.
707 721 1103 786 pseudochristi,
1152 728 1203 769 et
1234 721 1554 786 psendopro-

157 793 347 858 phetoe,
385 801 435 842 et
481 795 627 842 edent
667 796 818 860 signa
861 812 1045 860 magna
1076 802 1126 843 et
1163 795 1424 854 miracula,
1456 803 1552 844 ete.

166 868 399 917 Videmus
421 870 501 918 hic
516 871 773 919 articulum
796 872 947 928 illum,
963 871 1132 919 Jesum
1157 888 1267 919 esse
1285 870 1551 930 Christum,

165 945 434 993 tenendum
469 962 591 1003 esse,
616 947 708 994 etsi
742 947 977 994 miracula
1013 962 1192 1010 magna
1226 946 1435 994 fecerint
1469 947 1552 1010 qui

166 1019 347 1068 docent
368 1022 683 1070 contrarium.
753 1023 910 1070 Locus
944 1022 1186 1070 secundus
1209 1029 1283 1069 est
1305 1021 1410 1069 Gal.
1435 1022 1467 1069 i.
1488 1027 1518 1070 8
1539 1040 1550 1069 ε

165 1095 339 1144 Etiam
361 1098 409 1145 si
432 1113 519 1144 nos
543 1105 629 1145 aut
647 1098 859 1163 angelus
883 1115 911 1146 e
934 1097 1057 1168 coely
1080 1096 1390 1162 evangelizet
1418 1095 1553 1143 vobis

158 1179 359 1236 praeter
384 1172 442 1220 id
462 1173 598 1236 quod
629 1173 766 1221 vohis
797 1166 1260 1238 evangebt‘ffavimus,
1287 1171 1553 1220 anathema

165 1247 249 1295 sit.
299 1247 357 1295 Id
379 1257 560 1306 autem,
577 1249 707 1311 quod
727 1249 902 1296 Paulus
920 1257 971 1296 et
993 1247 1200 1311 apostoli
1217 1247 1391 1310 reliqui
1410 1263 1554 1295 evan·

163 1322 513 1385 gelizaverunt‚
530 1323 762 1371 articulus
786 1331 891 1371 erat
914 1323 1010 1379 hic,
1028 1322 1178 1370 Jesus
1201 1329 1278 1370 est
1304 1322 1551 1370 Christus,

116 1444 120 1447 ,
164 1398 453 1446 Authoritas
480 1414 597 1462 ergo
632 1399 793 1462 angeli
819 1414 845 1445 e
869 1398 1010 1455 coelo,
1034 1397 1187 1445 multo
1211 1397 1365 1460 magis
1394 1397 1551 1445 homi-

164 1473 243 1521 nis
260 1474 494 1531 mortalis,
515 1474 556 1521 si
580 1474 877 1521 contrarium
902 1473 1125 1531 doceant,
1145 1472 1439 1536 negligenda
1461 1480 1549 1520 est.

164 1548 253 1596 Est
277 1564 395 1612 ergo
420 1548 655 1596 articulus
679 1549 759 1596 ille
790 1548 905 1596 fidei
941 1548 1233 1596 Christianae
1262 1548 1553 1596 fundamen-

163 1631 285 1672 tum.
352 1624 545 1672 Tertius
562 1624 698 1672 locus
722 1633 799 1671 est
831 1631 845 1671 Ι
870 1624 983 1671 Joh.
1003 1624 1065 1671 iv.
1099 1630 1139 1678 l,
1163 1630 1224 1672 2:
1260 1623 1468 1682 Dilecti,
1493 1641 1554 1671 ne

163 1699 319 1747 cuivis
356 1699 566 1764 epiritui
604 1700 797 1747 credite
814 1718 832 1748 .·
880 1717 943 1747 ex
982 1699 1073 1746 hoc
1119 1699 1407 1764 cognoscite
1451 1700 1554 1747 Dei

162 1774 398 1840 spiritum
413 1793 432 1830 ;
483 1774 760 1839 quicunque
807 1774 1023 1839 spiritus
1059 1775 1337 1839 profitetur
1382 1773 1553 1822 Jesum

166 1849 421 1898 Christum
461 1850 513 1897 in
547 1865 699 1898 carne
737 1850 943 1908 venisse,
968 1866 1031 1896 ex
1061 1849 1172 1897 Deo
1196 1856 1288 1897 est.
1359 1850 1551 1913 Perspi-

164 1940 311 1973 cuum
334 1924 448 1972 hinc
472 1933 562 1983 est,
586 1925 845 1973 articulum
873 1925 1009 1972 illum
1033 1940 1311 1973 mensuram
1334 1933 1383 1973 et
1407 1941 1551 1988 regu-

163 1998 263 2047 lam
301 2015 422 2057 esse,
444 2016 532 2063 per
555 2016 701 2063 quam
725 2016 892 2048 omues
915 2000 998 2048 alii
1021 2000 1215 2048 articuli
1238 2000 1550 2048 examinandi

164 2081 218 2121 et
250 2073 504 2137 judicandi
537 2083 667 2131 sunt,
702 2083 752 2123 et
788 2091 877 2140 per
910 2092 1228 2139 consequeus,
1254 2076 1410 2124 solum
1446 2092 1550 2124 esse

163 2148 594 2198 fundamentalem.
653 2151 812 2199 Locus
836 2160 1039 2215 quartus
1063 2160 1136 2199 est
1154 2152 1334 2199 Matth.
1353 2151 1450 2199 xvi.
1474 2157 1548 2206 18,

165 2223 251 2272 ubi
290 2233 548 2287 postquam
595 2226 645 2274 S.
682 2227 852 2275 Petrus
895 2227 1089 2275 Christo
1131 2227 1347 2284 dixisset,
1394 2233 1447 2273 tu
1494 2242 1549 2273 es

169 2298 416 2359 Christus,
436 2300 588 2364 filius
622 2301 722 2350 Dei
758 2302 980 2361 viventi-5,
1020 2302 1269 2366 respondit
1308 2302 1548 2357 Christus,

165 2381 219 2423 tu
231 2390 287 2423 es
303 2375 500 2434 Petrus,
515 2383 566 2424 et
581 2393 734 2441 super
750 2377 879 2425 hanc
897 2385 1097 2442 petram
1111 2376 1371 2438 aedificabo
1396 2392 1550 2424 meam

165 2449 441 2498 ecclesiam.
510 2450 757 2500 Articulus
793 2468 910 2516 ergo
941 2452 1020 2500 ille
1055 2451 1427 2500 fundamentum
1459 2459 1548 2510 est,

165 2525 245 2573 cui
268 2525 546 2573 innituntur
567 2526 741 2590 reliqui
763 2543 932 2576 omues
954 2527 1172 2576 ecclesiae
1195 2526 1405 2575 articuli.
1454 2527 1549 2575 Lo-

165 2616 252 2648 cus
292 2600 492 2663 quintus
528 2608 617 2659 oet,
658 2607 677 2649 l
706 2601 819 2650 Cor.
842 2602 911 2650 iii.
944 2609 1121 2650 11-15:
1163 2601 1549 2649 Fundamentum

165 2674 312 2723 aliud
330 2691 466 2722 nemo
494 2682 669 2740 potest
699 2683 924 2726 statuere
949 2685 1142 2743 proeter
1175 2677 1232 2725 id
1254 2677 1390 2742 quod
1408 2678 1551 2742 posi-

166 2756 266 2798 tum
301 2756 393 2808 est,
417 2751 556 2815 quod
584 2750 733 2799 Jem
769 2760 846 2801 est
889 2753 1120 2801 Christus
1135 2772 1153 2801 .-
1188 2753 1325 2818 quod
1350 2753 1397 2800 si
1436 2754 1551 2818 quie

164 2825 534 2890 superaedificet
554 2842 709 2891 super
720 2827 1104 2892 fundamentum
1126 2828 1233 2885 hoc,
1257 2843 1446 2887 aarum,
1462 2845 1548 2877 ar·

162 2907 382 2966 gentum,
402 2900 602 2966 lapidee
612 2902 886 2966 pretiosos,
902 2903 1277 2968 ligno,sa·num,
1292 2903 1548 2970 stipulam,
