1910 3236
657 246 727 278 nn
755 247 995 279 ΗοΜῐΝΕ.
1470 238 1527 280 13

212 353 290 400 Ab
342 353 646 416 ignoratione
700 357 792 404 hac
850 357 1173 406 distinctionis
1228 357 1527 405 somniorum

145 427 448 492 aliorumque
471 430 868 493 phantasmatum
891 433 1164 481 vividorum
1198 449 1228 480 a
1256 433 1441 480 visione
1477 440 1528 480 et

147 504 388 563 sensione‚
426 507 638 554 maxima
677 523 736 554 ex
778 518 916 570 parte
958 518 1066 558 orta
1101 517 1174 558 est
1213 509 1527 572 antiquorum

147 578 416 628 Gentilium
462 582 650 645 religio,
697 592 900 647 satyraS,
941 585 1127 644 faunos,
1174 585 1430 649 nymphaS,
1478 592 1528 632 et

146 655 324 704 similia
354 658 618 705 colentium
652 667 873 722 spectra;
909 661 1149 724 hodieque
1174 661 1354 725 opinio,
1380 677 1527 723 quam

146 730 331 780 habent
353 733 522 796 populi
544 733 706 792 rudes,
732 734 793 782 de
816 735 974 783 lamiis
997 746 1046 784 et
1070 738 1350 795 lemuribus,
1380 744 1430 784 et
1465 737 1526 785 de

146 808 366 870 potentia
394 809 760 872 sorcilegorum.
831 811 958 858 Nam
994 813 1085 859 etsi
1110 813 1415 876 sorcilegiam
1439 830 1527 876 po-

146 883 352 932 tentiam
397 884 612 947 aliquam
656 886 837 934 realem
884 903 986 934 esse
1032 904 1132 935 non
1176 896 1360 952 putem,
1406 897 1527 952 puto

145 966 313 1008 tamen
334 960 599 1024 sorcilegos
622 962 785 1024 puniri
809 962 919 1024 jure
945 979 1100 1026 posse,
1124 979 1236 1011 cum
1261 965 1387 1012 mala
1408 965 1528 1012 faci-

146 1050 270 1083 nora
291 1044 343 1084 et
364 1036 525 1084 facere
547 1054 692 1100 posse
716 1038 936 1097 credant,
962 1046 1012 1087 et
1035 1048 1273 1087 conentur
1291 1048 1528 1103 quantum

146 1121 366 1175 possunt.
437 1113 534 1161 Sed
579 1114 739 1177 ipsum
790 1114 1096 1178 sorcilegium
1143 1131 1234 1178 ego
1281 1132 1381 1163 non
1426 1125 1529 1164 tam

146 1189 421 1251 potentiam
443 1205 609 1238 veram
632 1206 736 1239 esse
759 1191 923 1250 credo,
959 1199 1044 1239 aut
1067 1198 1239 1249 artem,
1265 1199 1350 1239 aut
1373 1192 1528 1240 scien-

145 1263 283 1324 tiam,
326 1282 474 1329 quam
517 1266 803 1330 religionem
842 1268 958 1331 ipsis
1002 1267 1311 1330 peculiarem.
1383 1269 1529 1316 Quod

147 1348 314 1389 autem
344 1341 408 1389 ad
435 1342 644 1390 lemures
679 1351 730 1391 et
764 1343 961 1411 spiritus
997 1343 1302 1391 ambulantes
1337 1344 1527 1402 attinet,

147 1416 331 1480 opinio,
356 1433 467 1481 quae
490 1418 550 1465 de
572 1418 667 1467 illis
698 1419 934 1467 hactenus
971 1419 1139 1475 valuit,
1176 1419 1236 1466 de
1271 1419 1527 1477 industria,

148 1498 286 1555 puto,
310 1492 494 1541 tradita
514 1493 610 1541 fuit
632 1494 709 1541 vel
732 1510 830 1542 non
857 1494 1108 1542 confutata
1138 1494 1203 1542 ad
1225 1511 1365 1542 usum
1390 1511 1529 1543 exor-

148 1567 427 1627 cismorum,
463 1575 513 1617 et
547 1569 879 1633 signationum
913 1571 1053 1634 signo
1089 1571 1262 1628 crucis,
1305 1579 1356 1618 et
1383 1568 1528 1634 'aquae

147 1643 435 1702 benedictae,
470 1644 771 1708 aliarumque
807 1646 1037 1694 similium
1071 1646 1406 1694 inventionum
1442 1647 1530 1695 ho-

148 1719 335 1768 minum
358 1720 683 1784 spiritualium
706 1722 1057 1770 sustinendum.
1115 1723 1332 1770 Dubium
1364 1731 1529 1771 tamen

147 1811 247 1844 non
271 1804 362 1854 est,
387 1796 506 1859 quin
529 1797 870 1860 phantasmata
892 1798 1279 1861 supernaturalia
1295 1799 1400 1846 fieri
1418 1816 1529 1862 pos-

147 1872 247 1921 sint
285 1889 317 1922 a
357 1873 497 1928 Deo;
545 1874 678 1937 quod
715 1882 881 1922 tamen
921 1874 972 1922 id
1011 1874 1082 1922 ita
1121 1890 1249 1937 saepe
1293 1874 1426 1933 facit,
1472 1883 1529 1922 ut

148 1947 368 1997 timenda
398 1948 496 1997 sint
526 1949 681 2012 magis
720 1966 866 2013 quam
901 1950 1108 1998 cessatio
1142 1950 1408 1998 mutatiove
1442 1967 1529 1998 na-

147 2031 290 2084 turae,
320 2040 466 2087 quam
489 2024 621 2072 Deus
656 2025 803 2073 etiam
837 2025 1006 2073 sistere
1029 2025 1107 2073 vel
1129 2033 1319 2073 mutare
1349 2033 1527 2089 potest,

147 2099 263 2147 fidei
304 2099 595 2148 Christianae
640 2100 875 2148 articulus
912 2117 1012 2149 non
1049 2109 1151 2155 est;
1187 2101 1275 2148 sed
1308 2101 1529 2149 homines

150 2175 374 2239 improbi,
414 2191 476 2223 ex
518 2191 576 2223 eo
618 2175 750 2239 quod
789 2176 922 2224 Deus
958 2183 1120 2239 potest
1157 2177 1334 2235 omnia,
1381 2177 1530 2224 etiam

149 2251 316 2300 omnia
346 2251 508 2299 dicere
535 2251 721 2299 audent
748 2268 858 2316 quae
889 2252 981 2299 sibi
1015 2252 1156 2300 utilia
1186 2252 1291 2300 fore
1327 2253 1529 2309 ducunt,

151 2327 245 2375 etsi
279 2326 403 2375 falsa
432 2343 538 2375 esse
574 2335 763 2391 putent.
835 2327 1077 2391 Sapientis
1114 2335 1278 2376 autem
1320 2338 1395 2376 est
1430 2345 1529 2375 non

149 2402 355 2451 ulterius
392 2402 486 2450 illis
528 2403 741 2463 credere,
783 2419 930 2466 quam
968 2411 1105 2451 recta
1143 2404 1268 2452 ratio
1310 2420 1381 2462 ea,
1420 2420 1529 2467 quae

151 2478 338 2537 dicunt,
362 2478 482 2526 facit
503 2479 657 2527 videri
681 2479 945 2527 credibilia.
1017 2479 1069 2526 Si
1104 2487 1262 2527 metus
1289 2479 1369 2526 hic
1393 2495 1530 2542 spec-

152 2562 343 2602 ttorum
389 2554 606 2603 sublatus
662 2563 806 2614 esset,
854 2554 1092 2618 simulque
1141 2555 1455 2618 prognostica
1498 2571 1531 2603 a

151 2629 367 2687 somniis,
412 2629 601 2693 aliaque
647 2631 816 2689 multa,
865 2647 973 2694 quae
1010 2630 1123 2678 inde
1164 2630 1441 2693 dependent
1481 2638 1532 2679 et

153 2705 331 2769 quibus
351 2704 574 2754 homines
597 2706 840 2755 ambitiosi
862 2706 1110 2769 astutique
1127 2706 1308 2769 populo
1324 2705 1531 2769 simplici

151 2782 436 2840 abutuntur,
469 2782 600 2830 cives
631 2783 683 2830 in
722 2783 855 2830 omni
891 2782 1090 2830 civitate
1116 2781 1180 2829 ad
1203 2781 1530 2829 obedientiam

150 2857 311 2905 multo
335 2857 491 2920 magis
514 2857 694 2906 eruditi
718 2865 895 2916 essent,
921 2873 1067 2920 quam
1090 2872 1221 2904 nunc
1245 2863 1373 2903 sunt.

1590 381 1693 413 cAP.
1712 381 1760 413 11.

1585 435 1772 457 ῸὛ-κ

1547 475 1591 503 De
1601 475 1811 511 imaginatione»
