1968 3236
494 255 567 290 nn
592 255 850 291 civi-run
878 253 1234 290 cmus‘ruNA.
1460 237 1555 292 377

163 374 333 416 -totum
350 365 649 430 publicatum
670 374 789 413 erat.
859 364 1171 428 Evangelista
1188 362 1393 427 quisque
1411 376 1558 409 evan·
1592 380 1696 414 eff,
1712 380 1828 414 χιιι.

174 441 355 507 gelium
373 457 513 488 suum
532 441 880 505 interpretatus
901 448 991 499 est,
1006 448 1055 488 et
1071 439 1401 503 unusquisque
1415 451 1560 500 apos-
1611 435 1809 513 m

174 517 305 566 tolus
323 532 460 564 suam
479 516 749 580 epistolam.
787 516 859 564 De
875 516 1190 563 Testamento
1214 522 1378 562 autem
1393 510 1562 560 Veteri
1609 519 1813 548 ”cmm

175 593 297 642 dicit
325 592 546 640 Christus
569 592 632 639 ad
654 592 852 640 Judaeos
874 591 1003 651 (Joh.
1028 608 1073 638 v.
1100 590 1183 651 39)
1205 608 1216 637 :
1256 586 1563 637 Scrutamini

177 667 507 732 Scriptura-3:
544 684 656 714 nam
692 667 742 714 in
779 666 885 714 illis
920 665 1203 731 eoepectatis
1238 664 1387 712 vitam
1423 668 1564 711 oeter-

175 759 288 791 nam
305 761 322 796 ,-
358 741 462 789 illoe
486 748 647 789 autem
673 742 736 789 cle
759 758 832 788 me
856 746 1123 788 testantur.
1182 740 1428 789 Quorsum
1450 737 1562 795 hoc,

175 818 269 867 nisi
310 817 443 882 quod
489 817 850 880 Scripturarum
892 815 1084 863 illarum
1131 814 1425 878 interpretes
1459 827 1563 860 esse

174 893 330 942 voluit
352 892 511 956 ipsos?

244 969 324 1018 Ad
346 985 541 1017 omnem
566 985 675 1032 quae
699 968 948 1015 oriebatur
980 966 1331 1024 difficultatem,
1356 963 1564 1028 apostoli

174 1052 227 1094 et
259 1045 532 1108 presbyteri
566 1044 788 1091 solebant
823 1042 1099 1101 convenire,
1124 1050 1174 1090 et
1209 1041 1407 1104 quidem
1447 1039 1564 1103 quid

176 1120 519 1185 praedicarent,
544 1128 594 1167 et
617 1119 866 1176 docerent,
902 1126 954 1166 et
977 1117 1223 1188 quomodo
1246 1116 1310 1164 ad
1331 1115 1566 1180 populum

180 1196 457 1260 Scripturas
481 1195 939 1258 interpretarentur,
964 1192 1382 1247 determinarunt3
1419 1190 1566 1238 liber-

178 1280 330 1320 tatem
371 1280 536 1318 autem
572 1270 678 1318 illas
711 1268 922 1333 legendi,
964 1277 1015 1316 et
1054 1266 1411 1331 interpretandi
1456 1265 1566 1322 sibi,

178 1347 363 1396 nemini
414 1346 717 1394 ademerunt.
806 1344 1029 1408 Apostoli
1076 1343 1292 1391 ecclesiis
1337 1341 1566 1405 epistolas

179 1423 370 1485 aliaque
410 1422 593 1485 scripta
636 1421 875 1468 miserunt
919 1419 1253 1467 instructionis
1295 1433 1475 1472 causa;
1515 1416 1567 1464 id

179 1498 308 1563 quod
343 1498 526 1546 frustra
558 1497 745 1555 fuisset,
772 1496 865 1545 nisi
900 1496 984 1543 illa
1015 1494 1329 1558 interpretari
1361 1492 1568 1557 permis-

178 1589 286 1622 sum
310 1574 406 1622 illis
430 1581 571 1621 esset.
660 1574 797 1621 Sicut
828 1579 992 1620 autem
1025 1570 1315 1635 permissum
1342 1569 1438 1617 hoc
1461 1575 1569 1616 erat

178 1657 399 1713 tempore
421 1648 769 1712 apostolorum,
787 1648 858 1695 ita
879 1645 1263 1711 permittendum
1285 1652 1376 1704 est,
1397 1660 1567 1708 quam-

180 1724 265 1772 diu
310 1740 410 1772 non
445 1724 543 1771 sint
589 1739 729 1787 reges
765 1722 1005 1780 doctores,
1040 1721 1119 1770 vel
1154 1721 1379 1770 doctores
1411 1735 1567 1784 reges,

180 1799 264 1864 qui
286 1799 739 1863 interpretationem
763 1806 848 1847 aut
885 1798 1205 1862 interpretem
1227 1796 1415 1860 legibus
1450 1811 1567 1844 con-

180 1875 402 1924 stituant.

156 1958 159 1961 ’
249 1951 503 2015 Scriptura
537 1950 702 2015 aliqua
747 1950 936 1998 duobus
981 1949 1139 1998 modis
1184 1947 1425 1996 canonica
1470 1946 1567 1994 dici

180 2034 358 2090 potest.
416 2025 586 2074 Canon
623 2027 753 2074 enim
777 2026 947 2090 regula
971 2035 1061 2084 est,
1086 2032 1137 2073 et
1155 2023 1327 2087 regula
1348 2038 1568 2086 praecep-

180 2109 303 2160 tum,
339 2117 435 2165 quo
479 2101 531 2149 in
576 2102 770 2150 actione
811 2116 1102 2165 quacunque
1147 2098 1321 2163 aliquis
1365 2098 1566 2161 regitur.

183 2176 309 2226 Quae
341 2184 601 2241 praecepta,
626 2177 720 2224 etsi
745 2176 861 2225 data
883 2176 980 2224 sint
1005 2192 1035 2223 a
1055 2175 1290 2238 magistro
1329 2172 1567 2235 discipulo

182 2266 270 2299 suo
292 2251 370 2300 vel
392 2267 424 2300 a
446 2251 722 2300 consiliario
746 2251 809 2299 ad
828 2251 1177 2309 consulentem,
1198 2250 1382 2311 absque
1405 2254 1568 2311 potes—

181 2333 285 2375 tate
313 2326 522 2390 cogendi
558 2335 614 2375 ut
649 2327 984 2385 observentur,
1008 2341 1225 2374 canones
1248 2332 1413 2372 tamen
1437 2329 1567 2381 sunt,

183 2401 300 2463 quia
319 2400 517 2464 regulae.
603 2401 700 2449 Sed
725 2401 922 2465 quando
946 2402 1007 2449 ab
1031 2416 1089 2449 eo
1114 2399 1230 2448 data
1253 2405 1384 2457 sunt,
1407 2397 1487 2446 cui
1509 2398 1567 2457 is,

183 2475 268 2539 qui
300 2475 384 2523 illa
409 2475 603 2538 accipit,
638 2484 838 2524 tenetur
874 2476 1087 2534 obedire,
1122 2484 1242 2522 tunc
1279 2489 1380 2521 non
1419 2473 1566 2521 modo

184 2565 395 2597 canones
418 2557 548 2607 sunt,
571 2550 659 2597 sed
684 2551 834 2599 etiam
869 2550 1019 2615 leges.
1105 2548 1326 2599 Quaestio
1351 2564 1469 2611 ergo
1493 2556 1568 2596 est

184 2623 280 2672 hoc
309 2623 418 2672 loco
445 2624 506 2671 de
532 2633 772 2688 potestate
806 2626 1018 2675 faciendi
1045 2635 1103 2674 ut
1138 2625 1403 2688 Scripturae
1436 2624 1568 2688 leges

186 2699 299 2756 sint,
322 2699 460 2762 cujus
484 2707 574 2747 est.
1500 2705 1502 2708 ’

254 2773 368 2821 Pars
398 2773 483 2821 illa
509 2773 775 2837 Scripturae
808 2775 972 2824 Sacrae
995 2791 1105 2838 quae
1134 2775 1293 2839 prima
1321 2773 1399 2821 lex
1435 2773 1569 2823 facta

186 2855 276 2906 est,
315 2857 390 2896 est
427 2849 713 2913 Decalogus.
783 2850 913 2899 Ante
952 2859 1145 2914 tempus
1181 2849 1318 2908 illud,
1355 2849 1435 2898 lex
1474 2849 1565 2898 Dei

527 3002 552 3022 Ἀ
