<?xml version="1.0" encoding="UTF-8"?>
<!DOCTYPE html PUBLIC "-//W3C//DTD XHTML 1.0 Transitional//EN"
    "http://www.w3.org/TR/xhtml1/DTD/xhtml1-transitional.dtd">
<html xmlns="http://www.w3.org/1999/xhtml" xml:lang="en" lang="en">
 <head>
  <title>
</title>
<meta http-equiv="Content-Type" content="text/html;charset=utf-8" />
  <meta name='ocr-system' content='tesseract 3.04.00' />
  <meta name='ocr-capabilities' content='ocr_page ocr_carea ocr_par ocr_line ocrx_word'/>
</head>
<body>
  <div class='ocr_page' id='page_1' title='image "./operaphilosophic03hobbuoft_0299.png"; bbox 0 0 1968 3236; ppageno 0'>
   <div class='ocr_carea' id='block_1_1' title="bbox 11 0 60 209">
    <p class='ocr_par' dir='ltr' id='par_1_1' title="bbox 11 0 60 209">
     <span class='ocr_line' id='line_1_1' title="bbox 11 0 60 209; textangle 90"><span class='ocrx_word' id='word_1_1' title='bbox 15 132 58 209; x_wconf 45' lang='lat'><strong>’4:52³</strong></span> <span class='ocrx_word' id='word_1_2' title='bbox 11 0 60 124; x_wconf 57' lang='lat' dir='ltr'><em>W</em></span> 
     </span>
    </p>
   </div>
   <div class='ocr_carea' id='block_1_2' title="bbox 19 210 45 420">
    <p class='ocr_par' dir='ltr' id='par_1_2' title="bbox 19 210 45 420">
     <span class='ocr_line' id='line_1_2' title="bbox 19 210 45 420; textangle 90"><span class='ocrx_word' id='word_1_3' title='bbox 31 413 39 420; x_wconf 48' lang='lat'>⁴</span> <span class='ocrx_word' id='word_1_4' title='bbox 30 365 38 386; x_wconf 61' lang='grc'><strong>,-</strong></span> <span class='ocrx_word' id='word_1_5' title='bbox 22 306 39 342; x_wconf 49' lang='grc' dir='ltr'><strong>μή</strong></span> <span class='ocrx_word' id='word_1_6' title='bbox 22 295 23 298; x_wconf 49' lang='lat'><em>⁴</em></span> <span class='ocrx_word' id='word_1_7' title='bbox 19 210 45 286; x_wconf 44' lang='lat' dir='ltr'><strong>“mk-¹.</strong></span> 
     </span>
    </p>
   </div>
   <div class='ocr_carea' id='block_1_3' title="bbox 8 1002 42 1878">
    <p class='ocr_par' dir='ltr' id='par_1_3' title="bbox 0 934 42 1878">
     <span class='ocr_line' id='line_1_3' title="bbox 8 1002 42 1878; textangle 90"><span class='ocrx_word' id='word_1_8' title='bbox 8 1319 40 1878; x_wconf 38' lang='lat' dir='ltr'><strong>&amp;amma-»mmm</strong></span> <span class='ocrx_word' id='word_1_9' title='bbox 12 1169 38 1281; x_wconf 43' lang='lat' dir='ltr'><strong>«ue-</strong></span> <span class='ocrx_word' id='word_1_10' title='bbox 15 1002 42 1152; x_wconf 41' lang='lat' dir='ltr'><strong>aa·</strong></span> 
     </span>
    </p>
   </div>
   <div class='ocr_carea' id='block_1_4' title="bbox 526 235 1590 282">
    <p class='ocr_par' dir='ltr' id='par_1_4' title="bbox 526 235 1590 282">
     <span class='ocr_line' id='line_1_4' title="bbox 526 235 1590 282; baseline -0.004 0"><span class='ocrx_word' id='word_1_11' title='bbox 526 248 597 282; x_wconf 77' lang='lat' dir='ltr'><strong>DE</strong></span> <span class='ocrx_word' id='word_1_12' title='bbox 618 248 877 282; x_wconf 82' lang='lat' dir='ltr'><strong>CIVITATE</strong></span> <span class='ocrx_word' id='word_1_13' title='bbox 904 247 1259 281; x_wconf 76' lang='lat' dir='ltr'>CHRISTIANA.</span> <span class='ocrx_word' id='word_1_14' title='bbox 1484 235 1590 279; x_wconf 82' lang='lat'><strong>-299</strong></span> 
     </span>
    </p>
   </div>
   <div class='ocr_carea' id='block_1_5' title="bbox 280 357 1874 423">
    <p class='ocr_par' dir='ltr' id='par_1_5' title="bbox 280 357 1874 423">
     <span class='ocr_line' id='line_1_5' title="bbox 280 357 1874 423; baseline -0.004 -15"><span class='ocrx_word' id='word_1_15' title='bbox 280 361 338 410; x_wconf 86' lang='lat' dir='ltr'><strong>In</strong></span> <span class='ocrx_word' id='word_1_16' title='bbox 365 360 461 408; x_wconf 89' lang='lat' dir='ltr'><strong>hoc</strong></span> <span class='ocrx_word' id='word_1_17' title='bbox 488 367 651 407; x_wconf 85' lang='lat' dir='ltr'><strong>autem</strong></span> <span class='ocrx_word' id='word_1_18' title='bbox 680 375 823 407; x_wconf 86' lang='lat' dir='ltr'><strong>seusu</strong></span> <span class='ocrx_word' id='word_1_19' title='bbox 853 359 981 407; x_wconf 85' lang='lat' dir='ltr'><strong>idem</strong></span> <span class='ocrx_word' id='word_1_20' title='bbox 1009 359 1286 423; x_wconf 83' lang='lat' dir='ltr'><strong>significant</strong></span> <span class='ocrx_word' id='word_1_21' title='bbox 1319 358 1459 421; x_wconf 75' lang='grc' dir='ltr'>λόγος</span> <span class='ocrx_word' id='word_1_22' title='bbox 1484 357 1593 403; x_wconf 73' lang='grc' dir='ltr'>Θεοῦ</span> <span class='ocrx_word' id='word_1_23' title='bbox 1610 377 1874 411; x_wconf 58' lang='lat' dir='ltr'><strong>mmmm,</strong></span> 
     </span>
    </p>
   </div>
   <div class='ocr_carea' id='block_1_6' title="bbox 213 432 1625 2916">
    <p class='ocr_par' dir='ltr' id='par_1_6' title="bbox 213 432 1619 2465">
     <span class='ocr_line' id='line_1_6' title="bbox 213 432 1592 498; baseline -0.005 -13"><span class='ocrx_word' id='word_1_24' title='bbox 213 445 264 485; x_wconf 83' lang='lat' dir='ltr'><strong>et</strong></span> <span class='ocrx_word' id='word_1_25' title='bbox 302 435 564 498; x_wconf 71' lang='lat' dir='ltr'><strong>theologia,</strong></span> <span class='ocrx_word' id='word_1_26' title='bbox 601 446 656 483; x_wconf 89' lang='lat' dir='ltr'><strong>ut</strong></span> <span class='ocrx_word' id='word_1_27' title='bbox 694 436 1002 483; x_wconf 82' lang='lat' dir='ltr'><strong>manifestum</strong></span> <span class='ocrx_word' id='word_1_28' title='bbox 1043 443 1116 482; x_wconf 84' lang='lat' dir='ltr'><strong>est</strong></span> <span class='ocrx_word' id='word_1_29' title='bbox 1153 435 1322 482; x_wconf 88' lang='lat' dir='ltr'><strong>Actor.</strong></span> <span class='ocrx_word' id='word_1_30' title='bbox 1359 432 1461 480; x_wconf 83' lang='lat' dir='ltr'><strong>xiii.</strong></span> <span class='ocrx_word' id='word_1_31' title='bbox 1498 438 1592 479; x_wconf 80' lang='lat'><strong>46:</strong></span> 
     </span>
     <span class='ocr_line' id='line_1_7' title="bbox 219 508 1595 565; baseline -0.002 -6"><span class='ocrx_word' id='word_1_32' title='bbox 219 511 355 560; x_wconf 73' lang='lat' dir='ltr'><strong>Tunc</strong></span> <span class='ocrx_word' id='word_1_33' title='bbox 398 518 683 558; x_wconf 81' lang='lat' dir='ltr'><strong>constante-r</strong></span> <span class='ocrx_word' id='word_1_34' title='bbox 724 511 912 558; x_wconf 78' lang='lat' dir='ltr'><strong><em>Paulus</em></strong></span> <span class='ocrx_word' id='word_1_35' title='bbox 958 517 1007 558; x_wconf 88' lang='lat' dir='ltr'><strong>et</strong></span> <span class='ocrx_word' id='word_1_36' title='bbox 1031 509 1303 558; x_wconf 74' lang='lat' dir='ltr'><strong><em>Barnabas</em></strong></span> <span class='ocrx_word' id='word_1_37' title='bbox 1343 508 1595 565; x_wconf 68' lang='lat' dir='ltr'><strong><em>‹II-verunt,</em></strong></span> 
     </span>
     <span class='ocr_line' id='line_1_8' title="bbox 213 583 1600 651; baseline -0.004 -15"><span class='ocrx_word' id='word_1_38' title='bbox 213 586 351 636; x_wconf 81' lang='lat' dir='ltr'><strong>vobis</strong></span> <span class='ocrx_word' id='word_1_39' title='bbox 388 586 652 650; x_wconf 83' lang='lat' dir='ltr'><strong><em>oportebat</em></strong></span> <span class='ocrx_word' id='word_1_40' title='bbox 680 586 897 651; x_wconf 78' lang='lat' dir='ltr'><strong>primum</strong></span> <span class='ocrx_word' id='word_1_41' title='bbox 937 586 1072 650; x_wconf 82' lang='lat' dir='ltr'><strong>loqui</strong></span> <span class='ocrx_word' id='word_1_42' title='bbox 1108 585 1301 633; x_wconf 80' lang='lat' dir='ltr'><strong><em>rerbum</em></strong></span> <span class='ocrx_word' id='word_1_43' title='bbox 1338 584 1438 631; x_wconf 82' lang='lat' dir='ltr'><strong>Dei</strong></span> <span class='ocrx_word' id='word_1_44' title='bbox 1453 602 1471 638; x_wconf 93' lang='lat'><strong>,·</strong></span> <span class='ocrx_word' id='word_1_45' title='bbox 1505 583 1600 631; x_wconf 86' lang='lat' dir='ltr'><strong>sed</strong></span> 
     </span>
     <span class='ocr_line' id='line_1_9' title="bbox 213 659 1598 728; baseline -0.002 -18"><span class='ocrx_word' id='word_1_46' title='bbox 213 662 442 728; x_wconf 72' lang='lat' dir='ltr'><strong>quoniam</strong></span> <span class='ocrx_word' id='word_1_47' title='bbox 466 662 719 726; x_wconf 75' lang='lat' dir='ltr'><em>repellitis</em></span> <span class='ocrx_word' id='word_1_48' title='bbox 744 662 884 720; x_wconf 74' lang='lat' dir='ltr'><em>illud,</em></span> <span class='ocrx_word' id='word_1_49' title='bbox 910 669 960 709; x_wconf 88' lang='lat' dir='ltr'><strong>et</strong></span> <span class='ocrx_word' id='word_1_50' title='bbox 985 662 1218 726; x_wconf 80' lang='lat' dir='ltr'><strong>indignos</strong></span> <span class='ocrx_word' id='word_1_51' title='bbox 1242 677 1325 708; x_wconf 73' lang='lat' dir='ltr'><strong>tos</strong></span> <span class='ocrx_word' id='word_1_52' title='bbox 1343 659 1598 723; x_wconf 78' lang='lat' dir='ltr'><strong>judicatis</strong></span> 
     </span>
     <span class='ocr_line' id='line_1_10' title="bbox 215 734 1597 801; baseline -0.001 -15"><span class='ocrx_word' id='word_1_53' title='bbox 215 745 415 787; x_wconf 82' lang='lat' dir='ltr'><strong><em>aeternoe</em></strong></span> <span class='ocrx_word' id='word_1_54' title='bbox 457 738 583 795; x_wconf 78' lang='lat' dir='ltr'><strong><em>ritoe,</em></strong></span> <span class='ocrx_word' id='word_1_55' title='bbox 630 755 745 785; x_wconf 84' lang='lat' dir='ltr'><strong>ecce</strong></span> <span class='ocrx_word' id='word_1_56' title='bbox 781 738 1108 785; x_wconf 80' lang='lat' dir='ltr'><em>convertimur</em></span> <span class='ocrx_word' id='word_1_57' title='bbox 1148 737 1222 784; x_wconf 84' lang='lat' dir='ltr'><strong>acl</strong></span> <span class='ocrx_word' id='word_1_58' title='bbox 1258 743 1453 801; x_wconf 78' lang='lat' dir='ltr'><strong><em>gentes.</em></strong></span> <span class='ocrx_word' id='word_1_59' title='bbox 1522 734 1597 793; x_wconf 83' lang='lat' dir='ltr'><strong>ld,</strong></span> 
     </span>
     <span class='ocr_line' id='line_1_11' title="bbox 217 812 1600 878; baseline -0.003 -16"><span class='ocrx_word' id='word_1_60' title='bbox 217 814 352 878; x_wconf 90' lang='lat' dir='ltr'><strong>quod</strong></span> <span class='ocrx_word' id='word_1_61' title='bbox 395 814 668 877; x_wconf 86' lang='lat' dir='ltr'><strong>appellatur</strong></span> <span class='ocrx_word' id='word_1_62' title='bbox 713 814 791 862; x_wconf 87' lang='lat' dir='ltr'><strong>hic</strong></span> <span class='ocrx_word' id='word_1_63' title='bbox 838 813 1029 861; x_wconf 64' lang='lat' dir='ltr'><strong>terbum</strong></span> <span class='ocrx_word' id='word_1_64' title='bbox 1076 813 1193 871; x_wconf 86' lang='lat' dir='ltr'><strong>Dei,</strong></span> <span class='ocrx_word' id='word_1_65' title='bbox 1225 812 1448 860; x_wconf 82' lang='lat' dir='ltr'><strong>doctrina</strong></span> <span class='ocrx_word' id='word_1_66' title='bbox 1493 819 1600 859; x_wconf 84' lang='lat' dir='ltr'><strong>erat</strong></span> 
     </span>
     <span class='ocr_line' id='line_1_12' title="bbox 219 887 1600 951; baseline -0.001 -15"><span class='ocrx_word' id='word_1_67' title='bbox 219 889 516 936; x_wconf 83' lang='lat' dir='ltr'><strong>Christiana.</strong></span> <span class='ocrx_word' id='word_1_68' title='bbox 571 889 694 936; x_wconf 85' lang='lat' dir='ltr'><strong>Item</strong></span> <span class='ocrx_word' id='word_1_69' title='bbox 716 890 904 949; x_wconf 78' lang='lat' dir='ltr'><strong>(Actor.</strong></span> <span class='ocrx_word' id='word_1_70' title='bbox 925 905 970 935; x_wconf 88' lang='lat' dir='ltr'><strong>v.</strong></span> <span class='ocrx_word' id='word_1_71' title='bbox 990 890 1075 949; x_wconf 82' lang='lat'><strong>20)</strong></span> <span class='ocrx_word' id='word_1_72' title='bbox 1096 888 1178 935; x_wconf 91' lang='lat' dir='ltr'><strong>ubi</strong></span> <span class='ocrx_word' id='word_1_73' title='bbox 1202 887 1419 951; x_wconf 87' lang='lat' dir='ltr'>Angelus</span> <span class='ocrx_word' id='word_1_74' title='bbox 1443 887 1600 949; x_wconf 87' lang='lat' dir='ltr'><strong>Apos-</strong></span> 
     </span>
     <span class='ocr_line' id='line_1_13' title="bbox 218 962 1600 1028; baseline -0.002 -16"><span class='ocrx_word' id='word_1_75' title='bbox 218 963 343 1012; x_wconf 82' lang='lat' dir='ltr'><strong>tolos</strong></span> <span class='ocrx_word' id='word_1_76' title='bbox 375 965 641 1028; x_wconf 85' lang='lat' dir='ltr'>alloquitur</span> <span class='ocrx_word' id='word_1_77' title='bbox 669 965 850 1022; x_wconf 87' lang='lat' dir='ltr'><strong>dicens,</strong></span> <span class='ocrx_word' id='word_1_78' title='bbox 889 964 984 1022; x_wconf 85' lang='lat' dir='ltr'><strong><em>Ite,</em></strong></span> <span class='ocrx_word' id='word_1_79' title='bbox 1027 971 1078 1011; x_wconf 90' lang='lat' dir='ltr'><strong>et</strong></span> <span class='ocrx_word' id='word_1_80' title='bbox 1113 970 1306 1011; x_wconf 83' lang='lat' dir='ltr'><strong><em>stantes</em></strong></span> <span class='ocrx_word' id='word_1_81' title='bbox 1346 962 1600 1026; x_wconf 76' lang='lat' dir='ltr'><em>loquimini</em></span> 
     </span>
     <span class='ocr_line' id='line_1_14' title="bbox 220 1037 1601 1104; baseline -0.002 -16"><span class='ocrx_word' id='word_1_82' title='bbox 220 1039 271 1088; x_wconf 78' lang='lat' dir='ltr'><strong>in</strong></span> <span class='ocrx_word' id='word_1_83' title='bbox 313 1039 495 1104; x_wconf 81' lang='lat' dir='ltr'><strong>templo</strong></span> <span class='ocrx_word' id='word_1_84' title='bbox 528 1040 671 1104; x_wconf 78' lang='lat' dir='ltr'><strong><em>plebi</em></strong></span> <span class='ocrx_word' id='word_1_85' title='bbox 708 1040 867 1087; x_wconf 82' lang='lat' dir='ltr'><strong>onmia</strong></span> <span class='ocrx_word' id='word_1_86' title='bbox 907 1039 1059 1087; x_wconf 74' lang='lat' dir='ltr'><strong><em>verba</em></strong></span> <span class='ocrx_word' id='word_1_87' title='bbox 1096 1039 1207 1087; x_wconf 73' lang='lat' dir='ltr'><strong>vitoe</strong></span> <span class='ocrx_word' id='word_1_88' title='bbox 1237 1039 1414 1101; x_wconf 81' lang='lat' dir='ltr'><strong><em>hujus:</em></strong></span> <span class='ocrx_word' id='word_1_89' title='bbox 1448 1037 1601 1085; x_wconf 85' lang='lat' dir='ltr'><strong><em>verba</em></strong></span> 
     </span>
     <span class='ocr_line' id='line_1_15' title="bbox 219 1114 1603 1183; baseline -0.001 -21"><span class='ocrx_word' id='word_1_90' title='bbox 219 1115 365 1179; x_wconf 77' lang='lat' dir='ltr'><strong>hujus</strong></span> <span class='ocrx_word' id='word_1_91' title='bbox 389 1116 503 1162; x_wconf 66' lang='lat' dir='ltr'><strong>vitre</strong></span> <span class='ocrx_word' id='word_1_92' title='bbox 534 1115 809 1178; x_wconf 84' lang='lat' dir='ltr'><strong>significant</strong></span> <span class='ocrx_word' id='word_1_93' title='bbox 841 1115 1114 1183; x_wconf 55' lang='lat' dir='ltr'><strong>doctriq&#39;am</strong></span> <span class='ocrx_word' id='word_1_94' title='bbox 1150 1114 1511 1178; x_wconf 85' lang='lat' dir='ltr'><strong>evangelicam;</strong></span> <span class='ocrx_word' id='word_1_95' title='bbox 1546 1121 1603 1161; x_wconf 93' lang='lat' dir='ltr'><strong>ut</strong></span> 
     </span>
     <span class='ocr_line' id='line_1_16' title="bbox 219 1190 1603 1255; baseline -0.001 -16"><span class='ocrx_word' id='word_1_96' title='bbox 219 1200 357 1255; x_wconf 82' lang='lat' dir='ltr'><strong>patet</strong></span> <span class='ocrx_word' id='word_1_97' title='bbox 390 1206 451 1238; x_wconf 81' lang='lat' dir='ltr'><strong>ex</strong></span> <span class='ocrx_word' id='word_1_98' title='bbox 485 1207 559 1248; x_wconf 93' lang='lat' dir='ltr'><strong>eo,</strong></span> <span class='ocrx_word' id='word_1_99' title='bbox 602 1190 732 1253; x_wconf 94' lang='lat' dir='ltr'><strong>quod</strong></span> <span class='ocrx_word' id='word_1_100' title='bbox 765 1207 908 1238; x_wconf 83' lang='lat' dir='ltr'><strong>versu</strong></span> <span class='ocrx_word' id='word_1_101' title='bbox 941 1191 1113 1238; x_wconf 90' lang='lat' dir='ltr'><strong>ultimo</strong></span> <span class='ocrx_word' id='word_1_102' title='bbox 1152 1191 1323 1238; x_wconf 86' lang='lat' dir='ltr'><strong>fecisse</strong></span> <span class='ocrx_word' id='word_1_103' title='bbox 1360 1190 1603 1246; x_wconf 85' lang='lat' dir='ltr'><strong>dicuntur,</strong></span> 
     </span>
     <span class='ocr_line' id='line_1_17' title="bbox 219 1264 1604 1330; baseline -0.001 -16"><span class='ocrx_word' id='word_1_104' title='bbox 219 1282 411 1330; x_wconf 84' lang='lat' dir='ltr'><strong>nempe,</strong></span> <span class='ocrx_word' id='word_1_105' title='bbox 435 1266 561 1313; x_wconf 79' lang='lat' dir='ltr'><strong>omni</strong></span> <span class='ocrx_word' id='word_1_106' title='bbox 601 1273 762 1313; x_wconf 88' lang='lat' dir='ltr'><strong><em>autem</em></strong></span> <span class='ocrx_word' id='word_1_107' title='bbox 800 1266 884 1314; x_wconf 78' lang='lat' dir='ltr'><strong>die</strong></span> <span class='ocrx_word' id='word_1_108' title='bbox 914 1282 1006 1313; x_wconf 82' lang='lat' dir='ltr'><strong>non</strong></span> <span class='ocrx_word' id='word_1_109' title='bbox 1042 1265 1305 1313; x_wconf 74' lang='lat' dir='ltr'><strong><em>cessabant</em></strong></span> <span class='ocrx_word' id='word_1_110' title='bbox 1339 1266 1391 1312; x_wconf 82' lang='lat' dir='ltr'><strong>in</strong></span> <span class='ocrx_word' id='word_1_111' title='bbox 1422 1264 1604 1329; x_wconf 83' lang='lat' dir='ltr'><strong>templo</strong></span> 
     </span>
     <span class='ocr_line' id='line_1_18' title="bbox 221 1339 1607 1406; baseline -0.002 -16"><span class='ocrx_word' id='word_1_112' title='bbox 221 1341 453 1390; x_wconf 85' lang='lat' dir='ltr'><strong>docentes</strong></span> <span class='ocrx_word' id='word_1_113' title='bbox 471 1348 520 1389; x_wconf 88' lang='lat' dir='ltr'><strong>et</strong></span> <span class='ocrx_word' id='word_1_114' title='bbox 530 1342 877 1406; x_wconf 63' lang='lat' dir='ltr'><strong>praedicantes</strong></span> <span class='ocrx_word' id='word_1_115' title='bbox 894 1341 1062 1389; x_wconf 84' lang='lat' dir='ltr'><strong><em>Jesum</em></strong></span> <span class='ocrx_word' id='word_1_116' title='bbox 1086 1341 1350 1389; x_wconf 78' lang='lat' dir='ltr'><strong><em>Christum.</em></strong></span> <span class='ocrx_word' id='word_1_117' title='bbox 1386 1339 1607 1388; x_wconf 87' lang='lat' dir='ltr'><strong>Christus</strong></span> 
     </span>
     <span class='ocr_line' id='line_1_19' title="bbox 221 1417 1606 1481; baseline -0.001 -16"><span class='ocrx_word' id='word_1_118' title='bbox 221 1418 384 1481; x_wconf 83' lang='lat' dir='ltr'><strong>itaque</strong></span> <span class='ocrx_word' id='word_1_119' title='bbox 424 1418 698 1480; x_wconf 88' lang='lat' dir='ltr'><strong>subjectum</strong></span> <span class='ocrx_word' id='word_1_120' title='bbox 733 1425 836 1464; x_wconf 82' lang='lat' dir='ltr'><strong>erat</strong></span> <span class='ocrx_word' id='word_1_121' title='bbox 872 1417 1007 1464; x_wconf 80' lang='lat' dir='ltr'><strong>verbi</strong></span> <span class='ocrx_word' id='word_1_122' title='bbox 1047 1417 1175 1464; x_wconf 86' lang='lat' dir='ltr'><strong>vitae.</strong></span> <span class='ocrx_word' id='word_1_123' title='bbox 1247 1417 1412 1472; x_wconf 89' lang='lat' dir='ltr'><strong>Porro,</strong></span> <span class='ocrx_word' id='word_1_124' title='bbox 1435 1417 1606 1463; x_wconf 90' lang='lat' dir='ltr'><strong>Actor.</strong></span> 
     </span>
     <span class='ocr_line' id='line_1_20' title="bbox 221 1490 1606 1556; baseline -0.002 -15"><span class='ocrx_word' id='word_1_125' title='bbox 221 1509 301 1542; x_wconf 83' lang='lat' dir='ltr'><strong>xv.</strong></span> <span class='ocrx_word' id='word_1_126' title='bbox 327 1497 374 1551; x_wconf 89' lang='lat'><strong>7,</strong></span> <span class='ocrx_word' id='word_1_127' title='bbox 398 1492 594 1540; x_wconf 70' lang='lat' dir='ltr'><strong><em>terbum</em></strong></span> <span class='ocrx_word' id='word_1_128' title='bbox 629 1492 731 1540; x_wconf 77' lang='lat' dir='ltr'><strong>Dei</strong></span> <span class='ocrx_word' id='word_1_129' title='bbox 765 1493 1039 1556; x_wconf 87' lang='lat' dir='ltr'><strong>appellatur</strong></span> <span class='ocrx_word' id='word_1_130' title='bbox 1080 1492 1277 1540; x_wconf 70' lang='lat' dir='ltr'><strong>verbum</strong></span> <span class='ocrx_word' id='word_1_131' title='bbox 1316 1490 1606 1556; x_wconf 73' lang='lat' dir='ltr'><strong><em>Evangelii,</em></strong></span> 
     </span>
     <span class='ocr_line' id='line_1_21' title="bbox 222 1566 1608 1632; baseline -0.001 -16"><span class='ocrx_word' id='word_1_132' title='bbox 222 1569 338 1632; x_wconf 82' lang='lat' dir='ltr'><strong>quia</strong></span> <span class='ocrx_word' id='word_1_133' title='bbox 365 1568 584 1616; x_wconf 89' lang='lat' dir='ltr'><strong>continet</strong></span> <span class='ocrx_word' id='word_1_134' title='bbox 611 1568 885 1616; x_wconf 84' lang='lat' dir='ltr'>doctrinam</span> <span class='ocrx_word' id='word_1_135' title='bbox 918 1567 979 1615; x_wconf 89' lang='lat' dir='ltr'><strong>de</strong></span> <span class='ocrx_word' id='word_1_136' title='bbox 1018 1583 1172 1630; x_wconf 80' lang='lat' dir='ltr'><strong>regno</strong></span> <span class='ocrx_word' id='word_1_137' title='bbox 1204 1567 1400 1615; x_wconf 86' lang='lat' dir='ltr'><strong>Christi.</strong></span> <span class='ocrx_word' id='word_1_138' title='bbox 1471 1566 1608 1615; x_wconf 92' lang='lat' dir='ltr'><strong>Idem</strong></span> 
     </span>
     <span class='ocr_line' id='line_1_22' title="bbox 221 1637 1612 1704; baseline -0.002 -12"><span class='ocrx_word' id='word_1_139' title='bbox 221 1644 440 1701; x_wconf 83' lang='lat' dir='ltr'><strong>verbum,</strong></span> <span class='ocrx_word' id='word_1_140' title='bbox 467 1644 607 1691; x_wconf 91' lang='lat' dir='ltr'><strong>Rom.</strong></span> <span class='ocrx_word' id='word_1_141' title='bbox 632 1660 680 1692; x_wconf 85' lang='lat' dir='ltr'><strong>x.</strong></span> <span class='ocrx_word' id='word_1_142' title='bbox 706 1650 753 1702; x_wconf 88' lang='grc'><strong>8,</strong></span> <span class='ocrx_word' id='word_1_143' title='bbox 777 1649 825 1702; x_wconf 88' lang='grc'><strong>9,</strong></span> <span class='ocrx_word' id='word_1_144' title='bbox 850 1637 1053 1691; x_wconf 72' lang='grc' dir='ltr'><strong>νοοὶιῐιιι·</strong></span> <span class='ocrx_word' id='word_1_145' title='bbox 1075 1643 1270 1690; x_wconf 83' lang='lat' dir='ltr'><strong><em>verbum</em></strong></span> <span class='ocrx_word' id='word_1_146' title='bbox 1277 1643 1428 1704; x_wconf 83' lang='lat' dir='ltr'><strong>fidei,</strong></span> <span class='ocrx_word' id='word_1_147' title='bbox 1447 1642 1500 1690; x_wconf 90' lang='lat' dir='ltr'><strong>id</strong></span> <span class='ocrx_word' id='word_1_148' title='bbox 1522 1649 1612 1700; x_wconf 87' lang='lat' dir='ltr'><strong>est,</strong></span> 
     </span>
     <span class='ocr_line' id='line_1_23' title="bbox 223 1719 1614 1784; baseline -0.001 -16"><span class='ocrx_word' id='word_1_149' title='bbox 223 1728 281 1768; x_wconf 89' lang='lat' dir='ltr'><strong>ut</strong></span> <span class='ocrx_word' id='word_1_150' title='bbox 312 1720 382 1768; x_wconf 88' lang='lat' dir='ltr'><strong>ibi</strong></span> <span class='ocrx_word' id='word_1_151' title='bbox 412 1721 686 1784; x_wconf 86' lang='lat' dir='ltr'><strong>explicatur</strong></span> <span class='ocrx_word' id='word_1_152' title='bbox 709 1720 933 1768; x_wconf 86' lang='lat' dir='ltr'><strong>doctrina</strong></span> <span class='ocrx_word' id='word_1_153' title='bbox 963 1719 1024 1767; x_wconf 93' lang='lat' dir='ltr'><strong>de</strong></span> <span class='ocrx_word' id='word_1_154' title='bbox 1049 1719 1244 1767; x_wconf 86' lang='lat' dir='ltr'><strong>Christo</strong></span> <span class='ocrx_word' id='word_1_155' title='bbox 1280 1726 1486 1766; x_wconf 81' lang='lat' dir='ltr'><strong>venturo</strong></span> <span class='ocrx_word' id='word_1_156' title='bbox 1510 1726 1560 1766; x_wconf 85' lang='lat' dir='ltr'><strong>et</strong></span> <span class='ocrx_word' id='word_1_157' title='bbox 1582 1734 1614 1765; x_wconf 83' lang='lat' dir='ltr'>a</span> 
     </span>
     <span class='ocr_line' id='line_1_24' title="bbox 225 1794 1614 1858; baseline -0.001 -14"><span class='ocrx_word' id='word_1_158' title='bbox 225 1796 428 1844; x_wconf 82' lang='lat' dir='ltr'><strong>mortuis</strong></span> <span class='ocrx_word' id='word_1_159' title='bbox 474 1796 720 1843; x_wconf 86' lang='lat' dir='ltr'><strong>suscitato.</strong></span> <span class='ocrx_word' id='word_1_160' title='bbox 791 1796 854 1843; x_wconf 91' lang='lat' dir='ltr'><strong>Et</strong></span> <span class='ocrx_word' id='word_1_161' title='bbox 900 1795 1080 1843; x_wconf 86' lang='lat' dir='ltr'><strong>Matth.</strong></span> <span class='ocrx_word' id='word_1_162' title='bbox 1106 1795 1206 1842; x_wconf 85' lang='lat' dir='ltr'><strong>xiii.</strong></span> <span class='ocrx_word' id='word_1_163' title='bbox 1237 1799 1311 1853; x_wconf 88' lang='lat'><strong>19,</strong></span> <span class='ocrx_word' id='word_1_164' title='bbox 1340 1794 1614 1858; x_wconf 85' lang='lat' dir='ltr'><strong>appellatur</strong></span> 
     </span>
     <span class='ocr_line' id='line_1_25' title="bbox 226 1869 1614 1936; baseline 0 -18"><span class='ocrx_word' id='word_1_165' title='bbox 226 1870 356 1919; x_wconf 89' lang='lat' dir='ltr'><strong>idem</strong></span> <span class='ocrx_word' id='word_1_166' title='bbox 388 1870 585 1918; x_wconf 84' lang='lat' dir='ltr'><strong><em>verbum</em></strong></span> <span class='ocrx_word' id='word_1_167' title='bbox 619 1871 783 1936; x_wconf 84' lang='lat' dir='ltr'><strong><em>regni,</em></strong></span> <span class='ocrx_word' id='word_1_168' title='bbox 806 1871 858 1919; x_wconf 95' lang='lat' dir='ltr'><strong>id</strong></span> <span class='ocrx_word' id='word_1_169' title='bbox 889 1880 979 1930; x_wconf 86' lang='lat' dir='ltr'><strong>est,</strong></span> <span class='ocrx_word' id='word_1_170' title='bbox 1016 1870 1240 1919; x_wconf 83' lang='lat' dir='ltr'><strong>doctrina</strong></span> <span class='ocrx_word' id='word_1_171' title='bbox 1275 1887 1422 1934; x_wconf 88' lang='lat' dir='ltr'><strong>quam</strong></span> <span class='ocrx_word' id='word_1_172' title='bbox 1446 1869 1614 1918; x_wconf 89' lang='lat' dir='ltr'><strong>docuit</strong></span> 
     </span>
     <span class='ocr_line' id='line_1_26' title="bbox 229 1945 1615 2010; baseline -0.001 -16"><span class='ocrx_word' id='word_1_173' title='bbox 229 1945 361 1994; x_wconf 84' lang='lat' dir='ltr'><strong>Deus</strong></span> <span class='ocrx_word' id='word_1_174' title='bbox 397 1947 529 1994; x_wconf 88' lang='lat' dir='ltr'><strong>circa</strong></span> <span class='ocrx_word' id='word_1_175' title='bbox 561 1962 766 2010; x_wconf 85' lang='lat' dir='ltr'><strong>regnum</strong></span> <span class='ocrx_word' id='word_1_176' title='bbox 807 1947 914 1995; x_wconf 87' lang='lat' dir='ltr'><strong>Dei.</strong></span> <span class='ocrx_word' id='word_1_177' title='bbox 984 1947 1121 1995; x_wconf 90' lang='lat' dir='ltr'><strong>Idem</strong></span> <span class='ocrx_word' id='word_1_178' title='bbox 1162 1947 1372 2010; x_wconf 88' lang='lat' dir='ltr'><strong>denique</strong></span> <span class='ocrx_word' id='word_1_179' title='bbox 1413 1947 1615 1994; x_wconf 88' lang='lat' dir='ltr'><strong>verbum</strong></span> 
     </span>
     <span class='ocr_line' id='line_1_27' title="bbox 234 2021 1615 2087; baseline 0.001 -19"><span class='ocrx_word' id='word_1_180' title='bbox 234 2021 423 2082; x_wconf 82' lang='lat' dir='ltr'><strong>(Actor.</strong></span> <span class='ocrx_word' id='word_1_181' title='bbox 447 2021 529 2069; x_wconf 80' lang='lat' dir='ltr'><strong>xii.</strong></span> <span class='ocrx_word' id='word_1_182' title='bbox 554 2025 639 2083; x_wconf 82' lang='lat'><strong>24)</strong></span> <span class='ocrx_word' id='word_1_183' title='bbox 663 2023 871 2071; x_wconf 84' lang='lat' dir='ltr'><strong>crevisse</strong></span> <span class='ocrx_word' id='word_1_184' title='bbox 894 2032 946 2071; x_wconf 88' lang='lat' dir='ltr'><strong>et</strong></span> <span class='ocrx_word' id='word_1_185' title='bbox 979 2023 1355 2087; x_wconf 85' lang='lat' dir='ltr'><strong>multiplicatum</strong></span> <span class='ocrx_word' id='word_1_186' title='bbox 1373 2038 1478 2071; x_wconf 87' lang='lat' dir='ltr'><strong>esse</strong></span> <span class='ocrx_word' id='word_1_187' title='bbox 1496 2022 1615 2070; x_wconf 87' lang='lat' dir='ltr'><strong>dici-</strong></span> 
     </span>
     <span class='ocr_line' id='line_1_28' title="bbox 232 2096 1616 2163; baseline 0.001 -20"><span class='ocrx_word' id='word_1_188' title='bbox 232 2103 342 2144; x_wconf 85' lang='lat' dir='ltr'><strong>tur:</strong></span> <span class='ocrx_word' id='word_1_189' title='bbox 390 2096 442 2145; x_wconf 92' lang='lat' dir='ltr'><strong>id</strong></span> <span class='ocrx_word' id='word_1_190' title='bbox 482 2098 615 2161; x_wconf 89' lang='lat' dir='ltr'><strong>quod</strong></span> <span class='ocrx_word' id='word_1_191' title='bbox 651 2098 712 2147; x_wconf 87' lang='lat' dir='ltr'><strong>de</strong></span> <span class='ocrx_word' id='word_1_192' title='bbox 749 2099 974 2147; x_wconf 87' lang='lat' dir='ltr'><strong>doctrina</strong></span> <span class='ocrx_word' id='word_1_193' title='bbox 1008 2099 1305 2163; x_wconf 85' lang='lat' dir='ltr'><strong>Evangelica</strong></span> <span class='ocrx_word' id='word_1_194' title='bbox 1344 2099 1616 2161; x_wconf 83' lang='lat' dir='ltr'><strong>intelligere</strong></span> 
     </span>
     <span class='ocr_line' id='line_1_29' title="bbox 233 2169 1616 2230; baseline 0.001 -12"><span class='ocrx_word' id='word_1_195' title='bbox 233 2169 375 2219; x_wconf 79' lang='lat' dir='ltr'><strong>facile</strong></span> <span class='ocrx_word' id='word_1_196' title='bbox 398 2180 487 2230; x_wconf 89' lang='lat' dir='ltr'><strong>est,</strong></span> <span class='ocrx_word' id='word_1_197' title='bbox 511 2172 596 2220; x_wconf 86' lang='lat' dir='ltr'><strong>sed</strong></span> <span class='ocrx_word' id='word_1_198' title='bbox 619 2173 680 2221; x_wconf 89' lang='lat' dir='ltr'><strong>de</strong></span> <span class='ocrx_word' id='word_1_199' title='bbox 704 2191 823 2222; x_wconf 91' lang='lat' dir='ltr'><strong>voce</strong></span> <span class='ocrx_word' id='word_1_200' title='bbox 841 2175 931 2223; x_wconf 84' lang='lat' dir='ltr'><strong>Dei</strong></span> <span class='ocrx_word' id='word_1_201' title='bbox 951 2174 1286 2223; x_wconf 88' lang='lat' dir='ltr'><strong>difficilimum.</strong></span> <span class='ocrx_word' id='word_1_202' title='bbox 1354 2174 1517 2221; x_wconf 88' lang='lat' dir='ltr'><strong>Etiam</strong></span> <span class='ocrx_word' id='word_1_203' title='bbox 1533 2173 1616 2221; x_wconf 90' lang='lat' dir='ltr'><strong>ubi</strong></span> 
     </span>
     <span class='ocr_line' id='line_1_30' title="bbox 236 2245 1618 2313; baseline 0.001 -20"><span class='ocrx_word' id='word_1_204' title='bbox 236 2245 444 2294; x_wconf 81' lang='lat' dir='ltr'><strong>Sanctus</strong></span> <span class='ocrx_word' id='word_1_205' title='bbox 467 2247 641 2296; x_wconf 85' lang='lat' dir='ltr'><strong>Paulus</strong></span> <span class='ocrx_word' id='word_1_206' title='bbox 672 2250 718 2308; x_wconf 89' lang='lat'><strong>(1</strong></span> <span class='ocrx_word' id='word_1_207' title='bbox 747 2250 873 2298; x_wconf 87' lang='lat' dir='ltr'><strong>Tim.</strong></span> <span class='ocrx_word' id='word_1_208' title='bbox 896 2250 957 2298; x_wconf 87' lang='lat' dir='ltr'><strong>iv.</strong></span> <span class='ocrx_word' id='word_1_209' title='bbox 991 2252 1036 2309; x_wconf 88' lang='lat'><strong>1)</strong></span> <span class='ocrx_word' id='word_1_210' title='bbox 1063 2250 1279 2313; x_wconf 85' lang='lat' dir='ltr'><strong>loquitur</strong></span> <span class='ocrx_word' id='word_1_211' title='bbox 1302 2249 1362 2296; x_wconf 93' lang='lat' dir='ltr'><strong>de</strong></span> <span class='ocrx_word' id='word_1_212' title='bbox 1387 2249 1618 2296; x_wconf 83' lang='lat' dir='ltr'><strong>doctrina</strong></span> 
     </span>
     <span class='ocr_line' id='line_1_31' title="bbox 238 2320 1619 2389; baseline 0.002 -21"><span class='ocrx_word' id='word_1_213' title='bbox 238 2320 518 2380; x_wconf 74' lang='lat' dir='ltr'><strong>doemonum,</strong></span> <span class='ocrx_word' id='word_1_214' title='bbox 559 2338 657 2371; x_wconf 92' lang='lat' dir='ltr'><strong>non</strong></span> <span class='ocrx_word' id='word_1_215' title='bbox 702 2324 931 2389; x_wconf 85' lang='lat' dir='ltr'><strong>iutelligit</strong></span> <span class='ocrx_word' id='word_1_216' title='bbox 966 2325 1017 2373; x_wconf 91' lang='lat' dir='ltr'><strong>id</strong></span> <span class='ocrx_word' id='word_1_217' title='bbox 1054 2325 1188 2387; x_wconf 92' lang='lat' dir='ltr'><strong>quod</strong></span> <span class='ocrx_word' id='word_1_218' title='bbox 1222 2324 1409 2372; x_wconf 91' lang='lat' dir='ltr'><strong>dictum</strong></span> <span class='ocrx_word' id='word_1_219' title='bbox 1450 2332 1525 2372; x_wconf 88' lang='lat' dir='ltr'><strong>est</strong></span> <span class='ocrx_word' id='word_1_220' title='bbox 1558 2323 1619 2371; x_wconf 92' lang='lat' dir='ltr'><strong>de</strong></span> 
     </span>
     <span class='ocr_line' id='line_1_32' title="bbox 238 2395 1451 2465; baseline 0.003 -22"><span class='ocrx_word' id='word_1_221' title='bbox 238 2395 459 2444; x_wconf 88' lang='lat' dir='ltr'><strong>daemone</strong></span> <span class='ocrx_word' id='word_1_222' title='bbox 481 2397 657 2461; x_wconf 81' lang='lat' dir='ltr'><strong>aliquO,</strong></span> <span class='ocrx_word' id='word_1_223' title='bbox 677 2399 764 2447; x_wconf 88' lang='lat' dir='ltr'><strong>sed</strong></span> <span class='ocrx_word' id='word_1_224' title='bbox 787 2400 1191 2465; x_wconf 85' lang='lat' dir='ltr'><strong>daemonologiam</strong></span> <span class='ocrx_word' id='word_1_225' title='bbox 1214 2400 1451 2464; x_wconf 87' lang='lat' dir='ltr'><strong>gentium.</strong></span> 
     </span>
    </p>

    <p class='ocr_par' dir='ltr' id='par_1_7' title="bbox 238 2471 1625 2916">
     <span class='ocr_line' id='line_1_33' title="bbox 304 2471 1617 2540; baseline 0.003 -22"><span class='ocrx_word' id='word_1_226' title='bbox 304 2471 378 2519; x_wconf 84' lang='lat' dir='ltr'><strong>Ex</strong></span> <span class='ocrx_word' id='word_1_227' title='bbox 400 2471 476 2519; x_wconf 84' lang='lat' dir='ltr'><strong>his</strong></span> <span class='ocrx_word' id='word_1_228' title='bbox 498 2472 686 2522; x_wconf 82' lang='lat' dir='ltr'><strong>duabus</strong></span> <span class='ocrx_word' id='word_1_229' title='bbox 709 2475 848 2523; x_wconf 82' lang='lat' dir='ltr'><strong><em>verbi</em></strong></span> <span class='ocrx_word' id='word_1_230' title='bbox 866 2477 968 2524; x_wconf 86' lang='lat' dir='ltr'><strong>Dei</strong></span> <span class='ocrx_word' id='word_1_231' title='bbox 989 2476 1439 2540; x_wconf 81' lang='lat' dir='ltr'><strong>significationibuS,</strong></span> <span class='ocrx_word' id='word_1_232' title='bbox 1457 2483 1617 2538; x_wconf 88' lang='lat' dir='ltr'><strong>poste-</strong></span> 
     </span>
     <span class='ocr_line' id='line_1_34' title="bbox 238 2545 1622 2614; baseline -0.006 -9"><span class='ocrx_word' id='word_1_233' title='bbox 238 2545 354 2604; x_wconf 87' lang='lat' dir='ltr'><strong>rior,</strong></span> <span class='ocrx_word' id='word_1_234' title='bbox 380 2546 460 2594; x_wconf 88' lang='lat' dir='ltr'><strong>ubi</strong></span> <span class='ocrx_word' id='word_1_235' title='bbox 482 2548 689 2596; x_wconf 87' lang='lat' dir='ltr'><strong>sumitur</strong></span> <span class='ocrx_word' id='word_1_236' title='bbox 709 2566 799 2614; x_wconf 88' lang='lat' dir='ltr'><strong>pro</strong></span> <span class='ocrx_word' id='word_1_237' title='bbox 830 2551 1056 2600; x_wconf 84' lang='lat' dir='ltr'><strong>doctrina</strong></span> <span class='ocrx_word' id='word_1_238' title='bbox 1086 2551 1376 2608; x_wconf 82' lang='lat' dir='ltr'><strong>Christiana,</strong></span> <span class='ocrx_word' id='word_1_239' title='bbox 1403 2549 1622 2598; x_wconf 88' lang='lat' dir='ltr'><strong>continet</strong></span> 
     </span>
     <span class='ocr_line' id='line_1_35' title="bbox 240 2621 1622 2691; baseline 0.003 -22"><span class='ocrx_word' id='word_1_240' title='bbox 240 2621 543 2685; x_wconf 83' lang='lat' dir='ltr'><strong>Scripturam</strong></span> <span class='ocrx_word' id='word_1_241' title='bbox 567 2623 766 2673; x_wconf 82' lang='lat' dir='ltr'><strong>Sacram</strong></span> <span class='ocrx_word' id='word_1_242' title='bbox 787 2634 963 2675; x_wconf 82' lang='lat' dir='ltr'><strong>totam:</strong></span> <span class='ocrx_word' id='word_1_243' title='bbox 998 2627 1147 2691; x_wconf 87' lang='lat' dir='ltr'><strong>prior,</strong></span> <span class='ocrx_word' id='word_1_244' title='bbox 1164 2643 1263 2674; x_wconf 87' lang='lat' dir='ltr'><strong>non</strong></span> <span class='ocrx_word' id='word_1_245' title='bbox 1281 2627 1415 2674; x_wconf 89' lang='lat' dir='ltr'><strong>item.</strong></span> <span class='ocrx_word' id='word_1_246' title='bbox 1453 2625 1622 2674; x_wconf 80' lang='lat' dir='ltr'><strong>Quan-</strong></span> 
     </span>
     <span class='ocr_line' id='line_1_36' title="bbox 241 2697 1622 2767; baseline 0.002 -23"><span class='ocrx_word' id='word_1_247' title='bbox 241 2712 388 2760; x_wconf 82' lang='lat' dir='ltr'><strong>quam</strong></span> <span class='ocrx_word' id='word_1_248' title='bbox 406 2697 536 2745; x_wconf 91' lang='lat' dir='ltr'><strong>enim</strong></span> <span class='ocrx_word' id='word_1_249' title='bbox 553 2699 701 2747; x_wconf 78' lang='lat' dir='ltr'><strong>verba</strong></span> <span class='ocrx_word' id='word_1_250' title='bbox 714 2700 835 2760; x_wconf 82' lang='lat' dir='ltr'><strong>haec,</strong></span> <span class='ocrx_word' id='word_1_251' title='bbox 845 2702 964 2767; x_wconf 87' lang='lat' dir='ltr'><strong>Ego</strong></span> <span class='ocrx_word' id='word_1_252' title='bbox 981 2719 1086 2750; x_wconf 80' lang='lat' dir='ltr'><strong>sum</strong></span> <span class='ocrx_word' id='word_1_253' title='bbox 1102 2701 1340 2751; x_wconf 81' lang='lat' dir='ltr'><strong>Dominus</strong></span> <span class='ocrx_word' id='word_1_254' title='bbox 1357 2701 1495 2748; x_wconf 81' lang='lat' dir='ltr'><strong>Deus</strong></span> <span class='ocrx_word' id='word_1_255' title='bbox 1510 2707 1622 2747; x_wconf 77' lang='lat' dir='ltr'><strong><em>tuus</em></strong></span> 
     </span>
     <span class='ocr_line' id='line_1_37' title="bbox 240 2773 1621 2842; baseline 0.002 -22"><span class='ocrx_word' id='word_1_256' title='bbox 240 2780 333 2821; x_wconf 87' lang='lat' dir='ltr'><strong>etc.</strong></span> <span class='ocrx_word' id='word_1_257' title='bbox 354 2788 505 2837; x_wconf 85' lang='lat' dir='ltr'><strong>usque</strong></span> <span class='ocrx_word' id='word_1_258' title='bbox 527 2773 591 2822; x_wconf 77' lang='lat' dir='ltr'><strong>ad</strong></span> <span class='ocrx_word' id='word_1_259' title='bbox 612 2774 759 2824; x_wconf 87' lang='lat' dir='ltr'><strong>finem</strong></span> <span class='ocrx_word' id='word_1_260' title='bbox 782 2777 1030 2842; x_wconf 83' lang='lat' dir='ltr'><strong>Decalogi,</strong></span> <span class='ocrx_word' id='word_1_261' title='bbox 1051 2778 1202 2825; x_wconf 86' lang='lat' dir='ltr'><strong>verba</strong></span> <span class='ocrx_word' id='word_1_262' title='bbox 1222 2785 1337 2825; x_wconf 88' lang='lat' dir='ltr'><strong>sunt</strong></span> <span class='ocrx_word' id='word_1_263' title='bbox 1359 2776 1508 2839; x_wconf 88' lang='lat' dir='ltr'><strong>ipsius</strong></span> <span class='ocrx_word' id='word_1_264' title='bbox 1530 2775 1621 2824; x_wconf 89' lang='lat' dir='ltr'><strong>Dei</strong></span> 
     </span>
     <span class='ocr_line' id='line_1_38' title="bbox 242 2847 1625 2916; baseline 0.003 -21"><span class='ocrx_word' id='word_1_265' title='bbox 242 2848 432 2896; x_wconf 86' lang='lat' dir='ltr'><strong>Mosem</strong></span> <span class='ocrx_word' id='word_1_266' title='bbox 459 2847 782 2912; x_wconf 78' lang='lat' dir='ltr'><strong>alloquentis3</strong></span> <span class='ocrx_word' id='word_1_267' title='bbox 817 2853 1038 2915; x_wconf 79' lang='lat' dir='ltr'><strong>proefatio</strong></span> <span class='ocrx_word' id='word_1_268' title='bbox 1071 2860 1236 2901; x_wconf 82' lang='lat' dir='ltr'><strong>tamen</strong></span> <span class='ocrx_word' id='word_1_269' title='bbox 1270 2852 1369 2910; x_wconf 78' lang='lat' dir='ltr'><strong>illa,</strong></span> <span class='ocrx_word' id='word_1_270' title='bbox 1394 2851 1625 2916; x_wconf 76' lang='lat' dir='ltr'><strong>loquutus</strong></span> 
     </span>
    </p>
   </div>
   <div class='ocr_carea' id='block_1_7' title="bbox 1634 431 1858 506">
    <p class='ocr_par' dir='ltr' id='par_1_8' title="bbox 1634 431 1858 506">
     <span class='ocr_line' id='line_1_39' title="bbox 1649 431 1839 453; baseline -0.005 -6"><span class='ocrx_word' id='word_1_271' title='bbox 1649 431 1839 453; x_wconf 41' lang='lat' dir='ltr'><strong>b--f-—a</strong></span> 
     </span>
     <span class='ocr_line' id='line_1_40' title="bbox 1634 473 1858 506; baseline -0.004 -4"><span class='ocrx_word' id='word_1_272' title='bbox 1634 474 1678 502; x_wconf 82' lang='lat' dir='ltr'><strong>De</strong></span> <span class='ocrx_word' id='word_1_273' title='bbox 1691 474 1779 501; x_wconf 73' lang='lat' dir='ltr'><strong>verbo</strong></span> <span class='ocrx_word' id='word_1_274' title='bbox 1793 473 1858 506; x_wconf 78' lang='lat' dir='ltr'><strong>Dei,</strong></span> 
     </span>
    </p>
   </div>
   <div class='ocr_carea' id='block_1_8' title="bbox 1630 516 1837 555">
    <p class='ocr_par' dir='ltr' id='par_1_9' title="bbox 1630 516 1837 555">
     <span class='ocr_line' id='line_1_41' title="bbox 1630 516 1837 555; baseline -0.005 -10"><span class='ocrx_word' id='word_1_275' title='bbox 1630 523 1659 545; x_wconf 76' lang='lat' dir='ltr'><strong>ct</strong></span> <span class='ocrx_word' id='word_1_276' title='bbox 1675 516 1837 555; x_wconf 67' lang='lat' dir='ltr'><strong>Prophetis.</strong></span> 
     </span>
    </p>
   </div>
  </div>
 </body>
</html>
