1910 3236
1548 230 1567 241 .-

711 242 781 275 DE
810 242 1052 276 HOMINE.
1516 230 1572 272 lo

188 354 295 418 ejus
329 354 564 418 cogitatio
592 370 691 402 non
724 363 825 402 tam
860 355 1063 402 fortuita
1098 360 1185 411 est,
1211 368 1357 416 quam
1382 352 1575 399 videtur
1627 371 1731 403 CAP.
1749 369 1820 402 111.

189 445 323 484 0550;
358 446 516 493 neque
543 431 674 478 omni
699 431 987 494 cogitationi
1012 429 1166 478 omnis
1190 428 1422 492 cogitatio
1446 428 1575 491 pari-
1594 425 1827 501 „em

187 512 267 554 ter
306 506 538 555 succedit.
609 506 707 554 Sed
744 514 798 553 ut
840 507 1022 553 nullam
1067 506 1301 553 habemus
1342 504 1575 567 imagina-
1591 508 1839 590 fflffizfm

189 581 393 640 tionem,
418 598 527 646 quae
550 599 649 630 non
683 591 797 630 ante
830 583 923 630 fuit
947 583 995 629 in
1021 582 1245 630 sensione
1267 581 1345 628 vel
1367 587 1476 628 tota
1497 579 1576 627 vel

189 673 279 721 per
294 665 475 721 partes,
495 659 563 706 ita
579 659 713 706 nulla
737 667 810 706 051
835 659 1062 706 transitio
1081 659 1141 706 ab
1162 674 1258 705 11113
1277 655 1575 720 cogitatione

148 763 158 779 ,
190 733 257 781 ad
285 734 431 782 aliam
466 735 604 797 cujus
640 736 808 783 similis
843 752 942 783 non
978 735 1208 782 extiterat
1241 742 1357 782 ante
1386 733 1434 780 in
1467 747 1578 780 sen-

190 809 345 858 sione.
414 810 564 873 Cujus
610 812 680 858 rei
726 827 872 859 031153
918 812 1023 858 haec
1071 819 1161 858 est.
1233 809 1579 857 Phantasmata

192 885 358 933 omnia
383 893 545 934 motus
580 895 693 934 sunt
724 887 921 945 interni,
946 903 1121 950 nempe
1152 894 1375 933 motuum
1398 884 1449 932 in
1473 900 1580 931 sen-

191 961 332 1010 sione
366 961 610 1010 factorum
646 963 880 1026 reliquiae.
950 963 1118 1010 Motus
1156 970 1337 1019 autem,
1377 960 1461 1023 qui
1497 959 1580 1007 alii

191 1037 299 1085 aliis
338 1038 606 1086 succedunt
646 1039 697 1086 in
731 1039 954 1086 sensione
989 1037 1285 1095 immediate,
1320 1043 1578 1083 remanent

193 1113 343 1162 etiam
360 1114 519 1172 simul,
540 1114 687 1162 etiam
710 1122 820 1178 post
844 1114 1133 1162 sensionem.
1203 1112 1341 1159 Adeo
1366 1119 1437 1170 ut,
1459 1127 1580 1174 quo-

193 1189 287 1237 ties
317 1189 447 1237 redit
471 1190 706 1253 cogitatio
730 1191 865 1254 prior
888 1189 1384 1253 praedominaturque,
1410 1203 1581 1250 sequa-

194 1274 278 1314 tur
309 1266 550 1329 posterior
582 1275 783 1329 propter
818 1266 1144 1314 cohaesionem
1174 1264 1392 1311 materiae
1415 1270 1580 1321 motae,

194 1341 606 1405 quemadmodum
650 1358 777 1405 aqua
830 1358 975 1404 super
1029 1340 1247 1388 tabulam
1291 1339 1487 1403 planam
1532 1345 1583 1385 et

194 1417 351 1465 levem
385 1418 597 1465 trahitur
629 1433 717 1480 per
749 1417 879 1465 viam
915 1433 1011 1480 qua
1045 1416 1183 1464 ducit
1214 1415 1412 1479 digitus.
1484 1413 1582 1461 Sed

195 1493 425 1557 quoniam
457 1493 614 1540 eidem
646 1493 718 1541 rei
747 1500 999 1556 conceptae
1034 1492 1254 1555 sequitur
1287 1490 1434 1538 modo
1468 1507 1582 1546 una,

193 1568 340 1617 modo
363 1569 458 1616 alia
481 1585 574 1627 res,
597 1578 709 1632 post
739 1569 894 1616 multa
925 1568 1143 1631 cogitata
1165 1568 1222 1615 fit
1252 1574 1309 1614 ut
1338 1562 1583 1614 incertum

195 1644 262 1692 sit
299 1661 408 1708 quae
448 1645 681 1708 cogitatio
723 1646 801 1693 cui
848 1644 1135 1709 cogitationi
1180 1659 1463 1692 successura
1503 1643 1581 1691 sit.

197 1721 309 1769 Hoc
331 1728 525 1769 tantum
554 1729 743 1769 certum
771 1729 861 1780 est,
886 1713 1219 1768 successuram
1243 1735 1347 1767 esse
1370 1720 1582 1782 aliquam

195 1812 379 1855 earum,
405 1813 514 1860 quae
536 1804 649 1844 31110
673 1804 1006 1844 successerant
1030 1795 1308 1860 aliquando.

263 1871 422 1920 Series
456 1872 808 1936 cogitationum
844 1872 945 1920 sive
977 1871 1222 1919 discursus
1246 1870 1470 1919 mentalis
1494 1863 1585 1918 du-

194 1947 309 2012 plex
339 1960 430 2006 est,
465 1948 619 1995 altera
653 1947 977 2012 irregularis,
1003 1947 1107 1995 sine
1141 1947 1241 1995 ullo
1277 1947 1373 1994 fine
1406 1962 1584 2010 propo-

195 2024 308 2083 sito,
333 2023 554 2087 adeoque
576 2024 874 2083 inconstans,
893 2032 951 2071 ut
974 2024 1025 2071 in
1049 2040 1146 2087 qua
1168 2023 1303 2071 nulla
1326 2031 1400 2070 est
1422 2023 1583 2086 passio

196 2115 307 2163 quae
339 2101 580 2163 gubernet
613 2108 664 2147 et
699 2100 878 2164 dirigat
919 2100 1242 2164 cogitationes
1281 2107 1485 2147 caeteras
1520 2099 1584 2146 ad

194 2176 343 2224 finem
378 2175 722 2224 desideratum.
789 2177 928 2224 Tunc
957 2185 1122 2224 autem
1145 2176 1313 2240 vagari
1337 2175 1583 2234 dicuntur,

197 2250 254 2302 et⁴
268 2252 424 2301 videri
447 2253 555 2301 aliae
581 2253 646 2301 ad
667 2253 785 2302 alias
808 2269 909 2301 non
930 2253 1194 2317 pertinere,
1218 2260 1275 2300 ut
1298 2252 1350 2299 in
1374 2251 1582 2299 somnio.

195 2329 339 2378 Tales
359 2329 647 2393 plerumque
672 2338 788 2376 sunt
811 2345 980 2377 eorum
1004 2329 1344 2392 cogitationes,
1366 2327 1449 2391 qui
1469 2333 1584 2374 sunt

196 2420 298 2453 non
328 2404 486 2452 solum
520 2404 624 2452 sine
659 2405 909 2461 comitatu,
939 2403 1026 2452 sed
1056 2404 1205 2451 etiam
1234 2404 1336 2451 sine
1365 2399 1583 2450 omnium

197 2495 364 2528 rerum
377 2480 704 2528 sollicitudine
722 2498 733 2535 3
754 2497 1033 2544 quanquam
1052 2480 1200 2529 etiam
1217 2488 1338 2528 tunc
1356 2495 1455 2526 non
1480 2493 1584 2526 ces-

199 2562 311 2604 sant
343 2555 681 2619 cogitationes,
716 2556 803 2604 sed
837 2556 941 2604 sine
975 2555 1232 2604 harmonia
1266 2563 1393 2613 sunt,
1418 2553 1585 2616 quales

200 2628 329 2679 sunt
350 2631 519 2694 pulsus
556 2631 676 2695 lyrae
711 2631 900 2679 homini
938 2631 1181 2695 imperito.
1250 2631 1586 2678 Veruntamen

199 2706 253 2754 in
283 2706 378 2754 hac
410 2707 671 2770 vagatione
706 2707 856 2755 animi
896 2707 1285 2755 animadvertere
1322 2704 1586 2768 aliquando

199 2797 459 2846 possumus
490 2782 778 2830 methodum
813 2782 1073 2846 quandam,
1103 2789 1154 2829 et
1189 2796 1285 2844 quo
1313 2779 1459 2828 modo
1487 2796 1588 2829 11113

201 2857 437 2922 cogitatio
471 2856 532 2906 'ab
566 2857 721 2906 altera
754 2858 956 2906 oriatur.
1024 2856 1222 2906 Etenim
1255 2856 1307 2904 in
1343 2855 1586 2919 colloquio
