1968 3236
517 233 588 267 DE·
616 233 874 268 clver‘rE
902 233 1259 267 CHRISTIANA.
1474 226 1576 272 ‚321

194 352 370 401 vixisse
394 352 445 401 in
469 352 714 410 Paradiso‚
748 354 830 402 ubi
859 370 888 402 a
920 354 1023 402 Deo
1055 354 1116 402 ab
1147 353 1286 402 initio
1316 353 1583 402 collocatus
1635 369 1834 403 xxxvm.

194 435 317 476 erat.
388 428 445 477 In
484 429 713 477 Paradiso
752 430 881 477 enim
918 438 1022 478 erat
1062 428 1214 477 arbor
1257 429 1408 484 vitae,·
1445 429 1867 502 cujusnosignificationo

195 518 308 552 esus
344 503 413 551 illi
450 504 636 552 tamdiu
673 506 934 567 permissus
971 513 1091 563 erat,
1129 504 1360 568 quamdiu
1395 505 1456 552 ab
1498 519 1582 552 esu
1599 508 1868 580 ‘s'sswnissffl

196 578 384 628 fructus
407 580 594 627 arboris
617 580 831 628 scientiae
851 581 965 628 boni
985 589 1035 628 et
1054 580 1167 627 mali
1187 596 1238 627 se
1256 579 1583 628 abstinuisset.
1603 561 1819 629 ωῗαῖυιεᾷεω

201 654 373 718 Itaque
398 670 544 718 quam
567 655 778 718 primum
802 671 862 702 ex
884 654 1046 703 fructu
1069 655 1255 703 arboris
1272 654 1417 718 hujus
1436 655 1589 703 vetito

197 729 505 789 comedisset,
542 731 672 778 Deus
713 731 852 791 (Gen.
878 731 943 778 iii.
970 737 1049 789 22,
1075 732 1159 791 23)
1206 730 1342 778 illum
1378 746 1405 778 e
1442 730 1588 779 Para-

197 804 304 854 diso
327 806 528 869 expulit,
546 807 763 870 nesorte
782 806 948 853 mittat
969 822 1158 852 manum
1181 820 1334 864 suam,
1355 811 1406 853 et
1427 811 1589 853 sumat

194 880 346 928 etiam
379 881 442 928 de
466 880 605 945 ligno
630 881 760 939 vitoe,
786 887 835 928 et
853 880 1092 938 comedat,
1111 886 1161 927 et
1192 880 1326 927 vivat
1355 880 1405 927 in
1439 886 1588 927 aeter-

196 971 322 1003 num.
393 956 598 1004 Constat
636 973 752 1020 ergo
792 955 1034 1003 Adamum
1075 971 1175 1003 non
1223 962 1442 1003 creatum
1483 970 1589 1003 esse

196 1030 519 1080 immortalem
561 1033 740 1080 virtute
780 1039 968 1080 naturae
1003 1047 1117 1090 suae,
1141 1030 1226 1079 sed
1255 1047 1343 1094 per
1378 1031 1588 1095 gratiam

196 1106 287 1155 Dei
311 1107 643 1166 adventitiam,
664 1123 853 1171 nempe,
877 1108 1055 1188 virtufffe
1079 1106 1281 1154 arboris
1298 1106 1429 1165 vitce,
1450 1108 1588 1170 quus

197 1183 485 1232 comedendi
518 1183 634 1231 dum
664 1184 855 1247 copiam
888 1183 1104 1240 haberet,
1130 1199 1225 1230 non
1257 1182 1417 1246 potuit
1445 1182 1585 1230 mori.

195 1259 402 1307 Videtur
421 1275 539 1323 ergo
557 1260 790 1317 Adamus,
810 1259 903 1307 nisi
922 1266 1185 1322 peccasset,
1202 1258 1418 1305 victurus
1437 1257 1585 1306 fuisse

194 1335 244 1383 in
268 1336 488 1383 terrestri
514 1334 730 1383 Paridiso
751 1335 799 1383 in
820 1342 1059 1382 aeternum
1080 1354 1092 1388 ;
1128 1333 1478 1381 mortalitatem
1501 1349 1587 1380 au-

194 1418 294 1458 tem
318 1410 367 1457 in
393 1425 444 1457 se
468 1418 519 1457 et
541 1418 765 1473 posteros
797 1425 910 1457 suos
939 1409 1144 1456 intrasse
1173 1424 1260 1472 per
1291 1408 1385 1455 hoc
1414 1425 1586 1471 pecca-

193 1491 297 1532 tum
344 1485 447 1548 ejus
493 1485 739 1548 primum;
792 1484 1156 1543 mortalitatem,
1204 1484 1420 1546 inquam,
1467 1490 1587 1532 tunc

195 1560 360 1608 statim
398 1560 619 1618 intrasse,
657 1576 756 1607 non
795 1567 1000 1607 mortem
1042 1559 1211 1622 ipsam.
1282 1557 1415 1606 Vixit
1456 1558 1587 1606 enim

193 1634 339 1698 longo
362 1642 475 1699 post
498 1643 733 1698 tempore,
767 1650 1000 1697 suamque
1023 1634 1162 1693 vidit,
1187 1641 1448 1696 antequam
1482 1651 1587 1682 mo-

193 1717 399 1769 reretur,
418 1710 756 1773 posteritatem
775 1724 1099 1757 numerosam.
1138 1709 1235 1756 Ubi
1253 1717 1418 1756 autem
1442 1709 1584 1770 (Gen.

193 1786 244 1835 ii.
276 1788 353 1848 17)
382 1786 575 1844 dicitur,
602 1786 651 1833 in
680 1801 967 1850 quocunque
999 1785 1082 1832 die
1113 1783 1400 1843 comederis,
1431 1801 1493 1831 ex
1528 1801 1585 1831 eo

195 1868 350 1910 morte
367 1861 597 1909 morieris
613 1879 630 1909 .·
654 1860 1025 1924 intelligendum
1046 1867 1135 1919 est,
1153 1876 1252 1908 non
1273 1858 1334 1907 de
1353 1867 1512 1907 morte
1534 1859 1585 1908 in

193 1937 276 1987 illo
300 1937 394 1997 die,
419 1937 505 1986 sed
535 1937 596 1985 de
630 1937 924 1985 certitudine
954 1936 1140 1995 mortis,
1165 1935 1216 1983 id
1246 1943 1336 1993 est,
1362 1934 1423 1982 de
1455 1950 1586 1982 mor-

193 2012 400 2061 talitate.
471 2012 618 2062 Quod
647 2022 812 2060 autem
847 2028 946 2060 non
979 2011 1159 2059 dicitur
1182 2010 1465 2074 simpliciter
1488 2026 1586 2057 mo-

195 2087 365 2147 tier-is,
382 2088 472 2136 sed
495 2094 650 2135 morte
673 2087 918 2146 morieris,
943 2087 1013 2135 ita
1036 2085 1407 2149 intelligendum
1432 2093 1507 2132 est
1531 2093 1586 2132 ut
1635 2109 1638 2113 ’

194 2161 544 2226 interpretatur
568 2163 878 2222 Athanasius,
903 2163 1101 2226 quando
1140 2162 1362 2210 morieris
1386 2176 1487 2208 non
1511 2175 1587 2207 re-

196 2236 414 2287 vivisces,
501 2238 624 2286 Cum
670 2255 786 2302 ergo
832 2239 934 2286 vita
971 2247 1155 2287 aeterna
1200 2252 1288 2300 per
1329 2243 1587 2299 peccatum

196 2312 372 2360 amissa
394 2322 535 2371 esset,
559 2313 871 2361 manifestum
897 2322 987 2372 est,
1013 2312 1146 2377 quod
1169 2312 1449 2375 quicunque
1472 2326 1584 2373 pec-

197 2395 360 2436 catum
400 2387 521 2436 illud
566 2388 798 2446 aboleret,
838 2389 990 2436 vitam
1032 2387 1102 2435 illi
1147 2395 1398 2443 aeternam,
1441 2400 1586 2447 quam

196 2463 490 2528 perdiderat,
514 2464 828 2511 restituturus
851 2473 997 2512 esset.
1068 2462 1166 2510 Sed
1192 2462 1335 2509 Jesus
1364 2459 1585 2508 Christus

194 2546 448 2602 peccatum
485 2538 612 2586 illius
651 2546 702 2586 et
738 2538 955 2587 omnium
988 2538 1038 2585 in
1083 2537 1244 2600 ipsum
1283 2534 1588 2583 credentium

194 2614 422 2672 abolevit,
446 2621 496 2661 et
517 2613 721 2677 proinde
748 2614 971 2662 omnibus
1004 2612 1315 2661 credentibus
1347 2610 1501 2657 vitam
1526 2608 1587 2656 il-

195 2689 297 2738 lam
319 2694 568 2747 oeternam,
594 2704 740 2751 quam
761 2688 973 2752 perdidit
1003 2687 1235 2745 Adamus,
1259 2684 1585 2747 recuperavit,

195 2779 371 2827 nempe
392 2763 543 2811 vitam
566 2763 618 2812 in
651 2763 879 2812 Paradiso
910 2763 1140 2811 futuram.
1213 2761 1269 2809 In
1305 2775 1401 2823 quo
1437 2774 1588 2806 sensu

197 2838 366 2899 Sancti
391 2838 525 2886 Pauli
548 2846 680 2887 recte
703 2845 801 2887 stat
824 2838 1122 2901 comparatio
1149 2837 1290 2885 Rom.
1309 2851 1356 2883 v.
1391 2839 1469 2893 18,
1498 2839 1552 2882 19
1573 2852 1586 2881 :

335 2927 459 2961 vol..
482 2928 568 2962 ιιι.
1419 2924 1454 2957 Y
