1910 3236
688 303 758 335 nn
786 303 1029 337 nomme.
1476 298 1537 340 39

165 429 373 485 utraque
417 421 567 480 utilis,
612 424 849 485 posterior
893 433 1054 474 autem
1100 425 1381 474 infallibilis.
1451 426 1537 474 Ille

165 504 344 554 autem,
359 498 442 560 qui
457 497 704 545 confidens
719 499 808 547 soli
824 500 1055 549 librorum
1069 501 1366 560 authoritati‚
1382 518 1537 550 caecos

165 588 295 622 caece
330 573 563 636 sequitur,
598 573 766 621 similis
805 574 874 622 illi
910 584 999 635 est,
1037 577 1120 639 qui
1158 576 1314 624 fidens
1348 577 1537 626 lanistae

164 649 367 713 alicujus
401 649 582 712 regulis
615 648 762 707 falsis,
798 650 986 699 hostem
1019 652 1230 715 peritum
1263 667 1536 716 aggressus,

163 724 242 774 vel
263 724 554 773 interficitur
574 724 651 771 vel
674 724 820 772 armis
844 726 1049 774 exuitur.

231 800 459 849 Scientiae
482 800 621 864 signa
642 807 756 848 sunt
774 800 869 848 alia
887 808 1026 849 certa
1044 810 1093 850 et
1108 802 1405 859 infallibilia3
1440 802 1536 851 alia

164 876 374 925 incerta.
447 875 602 924 Certa
636 883 764 934 sunt,
799 877 993 939 quando
1030 878 1113 941 qui
1146 879 1279 926 scire
1312 894 1364 927 se
1398 878 1535 937 dicit,

163 952 294 1001 idem
310 952 516 1000 alterum
534 951 709 1000 docere
725 958 775 1000 et
791 951 1046 999 veritatem
1061 953 1314 1016 perspicue
1337 953 1537 1001 demon-

163 1035 320 1076 strare
369 1034 546 1091 potest.
639 1026 858 1086 Incerta,
905 1027 1100 1090 quando
1146 1029 1197 1076 in
1249 1029 1535 1092 quibusdam

163 1109 356 1151 tantum
400 1103 543 1151 rebus
587 1102 639 1150 id
684 1101 815 1165 quod
861 1101 981 1150 dicit
1022 1118 1189 1151 verum
1233 1111 1322 1162 est,
1363 1103 1450 1152 sed
1485 1104 1535 1151 in

163 1178 329 1227 multis
372 1178 478 1226 aliis
523 1194 622 1226 non
667 1178 802 1226 item.
872 1177 1043 1241 Itaque
1083 1178 1223 1241 signa
1265 1179 1536 1242 prudentiae

163 1254 351 1303 incerta
377 1255 541 1303 omnia
568 1261 696 1302 sunt.
765 1254 923 1301 Nemo
956 1253 1084 1300 enim
1118 1270 1281 1302 rerum
1305 1255 1535 1312 omnium,

164 1345 284 1393 quas
323 1338 552 1394 expertus
591 1337 682 1387 est,
723 1329 1113 1377 circumstantias
1147 1330 1343 1378 eventui
1377 1345 1537 1377 essen-

163 1405 304 1454 tiales
324 1405 503 1454 vidisse
524 1411 701 1468 potest,
725 1412 810 1452 aut
832 1404 1046 1451 visarum
1074 1404 1363 1452 meminisse.
1433 1404 1538 1452 Cae-

162 1486 323 1529 terum
356 1481 409 1529 in
444 1480 578 1529 omni
613 1480 827 1544 negotio,
868 1480 1006 1543 cujus
1045 1479 1179 1527 nulla
1223 1487 1297 1527 est
1337 1479 1540 1528 scientia

162 1556 442 1614 infallibilis,
473 1555 670 1619 proprio
699 1554 885 1619 judicio
925 1554 1158 1614 diffidere,
1188 1555 1538 1618 sententiisque

162 1631 397 1680 librorum
420 1631 697 1680 ducendum
719 1647 771 1679 se
792 1630 1090 1694 permittere,
1110 1630 1436 1694 imprudentia
1448 1638 1537 1679 est.

161 1707 322 1756 Etiam
345 1707 538 1756 illorum
560 1707 827 1765 hominum,
847 1707 930 1770 qui
949 1706 998 1754 in
1019 1706 1235 1754 conciliis
1257 1706 1540 1770 rerumpub-

160 1782 366 1831 licarum
402 1782 520 1846 quid
552 1782 604 1830 in
636 1782 848 1846 politicis
884 1790 933 1830 et
966 1782 1181 1829 historiis
1217 1789 1267 1829 et
1303 1789 1538 1845 quantum

159 1859 457 1944 profecerint
488 1865 732 1906 ostentare
759 1865 939 1916 amant,
963 1858 1105 1921 pauci
1130 1865 1309 1915 tamen,
1332 1857 1416 1904 ubi
1440 1872 1538 1904 suae

103 1942 107 1946 ’
160 1934 374 2019 ipsorum
409 1949 487 1981 res
521 1933 799 1981 domesticae
833 1940 1061 1996 aguntur,
1091 1932 1142 1980 id
1174 1932 1390 1987 faciunt3
1426 1947 1538 1979 cum

160 2010 213 2058 in
235 2025 324 2058 sua
346 2009 495 2073 ipsius
517 2025 571 2056 re
592 2009 924 2072 unusquisque
947 2007 1065 2056 satis
1088 2007 1301 2071 prudens
1325 2015 1412 2055 est.
1479 2008 1536 2054 In

159 2084 356 2148 publico
378 2092 542 2132 autem
562 2083 760 2146 negotio
783 2084 938 2146 magis
959 2083 1144 2146 proprii
1167 2083 1350 2146 ingenii
1373 2083 1535 2130 existi-

161 2159 364 2208 mationi
386 2159 584 2207 student
606 2175 752 2222 quam
775 2159 974 2222 negotio
995 2159 1206 2222 publico.

678 2428 893 2476 CAPUT
927 2428 1011 2475 VI.

161 2543 224 2577 DE
242 2543 492 2576 ancn’ns
508 2542 733 2575 m‘rssums
753 2543 909 2575 MOTUS
927 2540 1235 2582 VOLUNTARH,
1253 2538 1359 2576 QUAE
1381 2537 1533 2570 vomo

269 2610 514 2643 PASSIONES
536 2610 904 2642 APPELLANTUR:
940 2609 1001 2641 ΕΤ
1025 2608 1086 2640 DE
1111 2605 1425 2638 ORATIONIBUS

563 2676 734 2713 QUIBUS
758 2674 1122 2709 DECLARANTUR.

160 2761 285 2810 Duo
310 2768 424 2808 sunt
444 2769 667 2809 motuum
691 2761 740 2808 in
771 2761 1058 2808 animalibus
1080 2773 1260 2822 genera
1282 2756 1397 2819 ipsis
1418 2770 1530 2818 pro-

160 2835 283 2900 pria.
352 2836 573 2885 Quorum
618 2851 742 2884 unus
779 2845 854 2883 est
894 2834 1080 2891 vitalis,
1127 2833 1176 2879 in
1215 2830 1529 2895 generatione

161 2911 398 2974 inceptus,
434 2918 484 2959 et
523 2911 626 2959 sine
672 2909 1026 2973 interruptione
1063 2923 1150 2971 per
1188 2914 1341 2955 totam
1379 2904 1529 2952 vitam

1599 442 1701 475 cAP.
1717 442 1763 475 V.

1590 533 1634 561 Di·
1649 540 1757 562 rationo

1588 581 1617 604 et
1629 578 1759 606 mentia.
