1910 3236
704 255 773 288 DE
803 255 1042 288 nomme,
1496 242 1558 286 85

688 612 903 660 CAPUT
938 612 1054 660 XII.

692 729 752 760 DE
780 729 1050 762 RELIGIONE.

177 814 301 863 Com
327 829 484 877 neque
509 814 702 877 signum
725 830 886 876 neque
909 813 1095 861 fructus
1120 811 1369 875 religionis
1391 809 1486 857 nisi
1509 809 1560 856 in
1603 845 1706 877 CAP·
1723 845 1808 876 xu-

174 889 278 938 solo
300 889 496 937 homine
519 889 908 937 animadversum
932 889 1010 947 sit,
1027 905 1124 936 uon
1141 895 1215 936 est
1238 885 1559 935 dubitandum
1616 899 1804 947 *fij-d

175 965 292 1029 quin
312 965 561 1028 religionis
585 981 749 1012 semen
774 965 824 1012 in
847 964 1044 1012 homine
1068 964 1172 1012 solo
1197 963 1275 1022 sit,
1300 961 1560 1010 consistat·
1594 941 1798 979 mm

174 1040 345 1104 quein
368 1040 532 1103 aliqua
564 1040 814 1103 qualitate,
840 1051 925 1087 aut
963 1039 1134 1087 saltem
1172 1040 1223 1087 in
1257 1038 1420 1101 aliquo
1456 1038 1560 1101 ejus

173 1115 345 1179 gradu,
370 1115 554 1162 homini
577 1116 790 1179 propria.

255 1190 417 1238 Primo
465 1200 646 1249 autem,
687 1201 876 1238 naturae
919 1190 1146 1237 humanae
1193 1188 1444 1251 proprium
1486 1196 1563 1236 est

176 1282 347 1314 causas
366 1267 660 1329 investigare
675 1275 939 1314 eventuum
957 1281 1078 1328 quos
1092 1264 1276 1322 vident,
1292 1264 1374 1311 alii
1390 1263 1559 1326 magis,

176 1342 259 1390 alii
282 1342 458 1400 minus,
483 1341 568 1389 sed
593 1358 775 1400 omnes,
796 1348 1035 1404 quatenus
1053 1347 1273 1404 possunt,
1294 1355 1464 1387 causas
1487 1339 1560 1386 in-

176 1418 420 1480 vestigant
442 1417 653 1480 propriae
676 1417 888 1465 fortunae
913 1417 1013 1464 sive
1035 1417 1178 1464 bonae
1203 1415 1302 1462 sive
1326 1414 1480 1462 malae.

244 1492 484 1550 Secundo,
515 1493 736 1540 homines
769 1508 953 1548 omnes,
978 1491 1018 1538 si
1053 1491 1256 1554 alicujus
1285 1490 1357 1537 rei
1379 1486 1561 1553 princi-

174 1569 311 1632 pium
332 1568 562 1627 viderint,
582 1568 882 1616 concludunt
906 1567 1072 1615 statim
1097 1566 1303 1614 eandem
1326 1582 1429 1613 rem
1449 1582 1563 1613 cau-

174 1661 278 1693 sam
311 1644 552 1702 habuisse,
577 1660 686 1707 quae
718 1643 880 1691 effecit
914 1652 969 1691 ut
1000 1642 1238 1706 inciperet
1261 1657 1319 1690 eo
1342 1649 1561 1705 tempore

173 1721 339 1785 potius
362 1736 508 1784 quam
531 1720 643 1768 alio.

239 1796 421 1854 Tertio,
429 1796 686 1843 brutorum
701 1794 1024 1843 animantium
1038 1794 1247 1842 felicitas
1261 1794 1312 1841 in
1327 1793 1561 1841 fruitione

174 1872 398 1920 consistit
431 1871 737 1935 voluptatum
769 1870 1082 1929 sensualium,
1120 1879 1179 1918 ut
1216 1886 1326 1933 quae
1358 1878 1563 1933 propter

174 1946 457 1995 tarditatem
494 1946 677 2009 ingenii
708 1945 1168 2009 consequentiarum
1210 1944 1561 2008 dependentia-

174 2038 380 2086 rumque
403 2022 624 2070 ordinem
642 2037 743 2069 1100
759 2022 1049 2069 observant:
1083 2021 1231 2068 homo
1250 2028 1415 2068 autem
1451 2036 1561 2083 quae

174 2114 322 2147 eausa
338 2114 483 2161 quem
502 2098 728 2145 effectum
752 2097 982 2160 producit
1005 2096 1364 2154 animadvertit,
1385 2103 1434 2143 et
1451 2112 1561 2158 quae

173 2189 252 2222 res
297 2173 574 2232 antecessit,
622 2181 673 2221 et
721 2190 831 2237 quae
878 2181 1144 2221 consecuta
1189 2180 1278 2231 est,
1326 2172 1562 2219 memoria

172 2255 341 2303 tenet;
393 2249 540 2296 etiam
580 2247 776 2311 quando
818 2264 1074 2296 causarum
1115 2263 1340 2296 verarum
1381 2247 1560 2295 inscius

174 2332 265 2382 est,
290 2339 461 2372 causas
486 2324 735 2387 supponit,
761 2339 883 2387 quas
906 2323 1008 2387 ipse
1031 2324 1327 2387 imaginatur
1350 2322 1426 2369 vel
1450 2338 1561 2386 sug-

172 2406 352 2463 gerunt
370 2398 467 2456 alii,
486 2414 607 2462 quos
625 2398 783 2462 seipso
801 2399 1120 2462 sapientiores
1135 2415 1238 2451 esse
1256 2398 1536 2446 arbitratur.

240 2475 318 2522 Ab
350 2474 427 2522 his
457 2482 647 2522 naturae
681 2474 908 2523 humanae
938 2474 1321 2538 proprietatibus
1345 2473 1560 2520 nascitur

174 2550 407 2598 anxietas.
456 2550 638 2597 Rerum
657 2550 787 2598 enim
806 2550 1040 2609 omnium,
1062 2566 1172 2613 quae
1195 2550 1428 2597 hactenus
1446 2564 1562 2595 con-

174 2624 393 2688 tigerunt
410 2632 494 2672 aut
512 2633 683 2688 postea
700 2625 1004 2688 contingent,
1023 2641 1194 2672 causas
1212 2640 1316 2671 esse
1340 2623 1561 2671 homines

175 2708 311 2748 certo
358 2700 532 2758 sciunt,
574 2701 961 2764 conantibusque
1009 2700 1136 2748 mala
1183 2716 1291 2762 quae
1337 2706 1562 2746 metuunt

175 2791 358 2834 arcere,
390 2783 440 2823 et
470 2776 600 2824 bona
632 2792 742 2839 quae
772 2777 978 2839 cupiunt
1007 2790 1286 2839 procurare,
1328 2773 1562 2837 temporis

177 2849 330 2898 futuri
353 2849 730 2899 sollicitudinem
750 2858 1035 2913 perpetuam
1061 2850 1243 2897 evitare
1269 2848 1561 2912 impossibile
