1968 3236
480 282 766 319 APPEme
792 286 866 319 An
892 286 1233 321 anurmm.
1454 266 1552 330 ⁵67

164 407 268 441 rem
298 392 446 441 verbo
492 396 837 459 significatam,
869 415 1069 448 carnem
1108 400 1290 449 factam
1328 415 1434 449 esse
1464 417 1553 465 pu-

162 475 240 517 tas
263 467 283 515 ?
351 469 484 518 Quid
509 472 790 536 significant
813 474 897 522 illa
921 476 1073 523 verba
1095 475 1313 539 ejusdem
1344 476 1552 539 apostoli

166 543 343 608 (Apoc.
351 545 452 594 xiii.
473 551 550 606 8):
577 549 756 610 Agnus
775 550 966 597 occ-ism
985 568 1017 598 a
1017 552 1328 614 fundatione
1342 552 1510 601 mundi
1524 555 1553 600 ἓ

98 673 104 678 .
164 619 393 668 Potuitne
430 623 588 670 occidi
630 633 894 688 antequam
933 627 1304 675 incarnaretur?
1373 627 1550 675 Nonne

163 695 384 759 sequitur
410 696 541 755 inde,
570 707 675 746 tum
708 700 1099 749 incarnationem
1135 710 1242 750 tum
1278 703 1554 767 passionem

164 771 378 829 Domini,
425 789 534 836 quae
580 774 630 821 in
677 783 900 838 tempore
939 785 1094 834 erant,
1135 777 1284 826 fuisse
1325 787 1491 826 tamen
1523 794 1555 826 a

162 845 451 895 fundatione
471 849 667 897 mundi?
704 851 805 899 Qui
822 859 986 914 potest
1000 852 1093 900 hoc
1111 868 1215 900 esse
1233 854 1390 913 aliter,
1407 869 1554 918 quam

163 921 217 970 in
247 921 446 971 decreto
477 932 663 972 aeterno
697 926 889 973 Patris?
960 927 1106 976 Quod
1144 928 1410 987 decretum,
1436 929 1554 992 quid

164 997 300 1046 aliud
321 1006 409 1057 est,
433 1015 581 1063 quam
613 1016 691 1047 res
715 1001 947 1049 decreta?
1017 1003 1193 1050 Nonne
1211 1004 1383 1052 eodem
1406 1004 1552 1052 modo

164 1074 314 1122 etiam
339 1074 549 1138 Spiritus
574 1076 782 1124 Sanctus
806 1077 988 1124 dicitur
1014 1079 1153 1153 (Qc.
1171 1080 1301 1127 xxiv.
1317 1082 1423 1140 49),
1440 1096 1553 1143 pro·

165 1149 333 1198 missio
357 1151 552 1199 Patris?
609 1151 746 1217 Ego,
771 1152 891 1200 dicit
917 1152 1156 1212 Christus,
1180 1155 1370 1201 mittam
1394 1155 1444 1202 in
1466 1171 1553 1214 ,00⁸

156 1226 535 1289 promissionem
559 1226 739 1275 Patri-s·
763 1229 871 1276 mei.

234 1301 298 1350 A.
334 1301 507 1365 Capite
547 1303 919 1367 quadragesimo
957 1303 1188 1362 secundo,
1224 1303 1289 1351 ad
1324 1305 1554 1368 quaestio·

165 1392 295 1435 nem,
332 1380 362 1402 “
380 1378 514 1427 Quid
536 1378 577 1426 si
601 1379 710 1442 quis
731 1379 890 1427 fidelis
913 1395 944 1427 a
965 1379 1186 1443 principe
1210 1395 1297 1428 suo
1334 1381 1552 1444 legitimo

160 1452 394 1515 jubeatur
414 1469 595 1518 negare
619 1455 916 1511 Christum‚''
941 1455 1218 1518 respondet,
1237 1455 1424 1503 licitum
1447 1472 1553 1504 esse

166 1527 366 1576 obedire
386 1550 399 1584 ;
434 1530 656 1593 exemplo
676 1530 919 1578 Naamani
954 1530 1081 1594 Syri,
1102 1531 1181 1578 cui
1206 1530 1390 1579 dictum
1414 1539 1490 1579 oet
1524 1547 1555 1578 a

165 1604 422 1668 propheta,
447 1605 575 1653 vade
598 1606 649 1653 in
666 1622 815 1671 pace.
887 1606 1012 1655 Quae
1044 1606 1194 1653 verba
1215 1622 1314 1654 non
1341 1606 1459 1654 mihi
1481 1606 1552 1653 vi-

166 1678 347 1728 dentur
367 1681 639 1744 permissio,
663 1681 749 1730 sed
772 1681 983 1729 formula
1003 1681 1354 1729 valedictionis.

232 1755 301 1803 B.
337 1756 415 1804 Ita
448 1756 670 1815 fortasse,
702 1758 744 1805 si
780 1756 967 1821 aliquid
999 1756 1133 1805 aliud
1164 1757 1235 1804 illi
1267 1757 1345 1805 vel
1379 1773 1555 1821 appro-

166 1830 331 1879 bando
348 1831 426 1879 vel
442 1831 764 1896 improbando
786 1831 1148 1895 respondisset:
1185 1840 1236 1880 at
1255 1833 1306 1879 in
1328 1832 1422 1880 hoc
1446 1833 1554 1880 loco

166 1905 312 1955 aliter
332 1922 479 1970 qnam
502 1923 592 1971 pro
613 1908 934 1971 permissione
970 1907 1177 1971 intelligi
1214 1923 1311 1955 non
1335 1915 1552 1971 possunt.

169 1981 276 2030 Scis
297 1982 567 2045 permultos
589 1983 742 2031 fuisse
761 1982 1080 2039 Christianos,
1103 1982 1248 2046 paulo
1271 1991 1387 2030 ante
1410 1998 1554 2046 syno-

168 2055 286 2105 dum
309 2057 564 2116 Nicenam,
588 2059 742 2107 bonos
779 2058 994 2122 quidem,
1015 2058 1100 2106 sed
1123 2074 1222 2106 non
1245 2058 1553 2115 fortissimos,

169 2132 270 2196 qui,
291 2142 454 2182 morte
476 2143 526 2182 et
549 2135 810 2183 tormentis
834 2134 1109 2191 ostentatis,
1133 2132 1247 2180 fidei
1264 2133 1553 2180 Christianae

167 2209 586 2258 renuntiaverunt.
657 2211 793 2260 Quas
826 2219 971 2274 putas
1007 2224 1177 2272 poenas
1212 2209 1261 2255 in
1303 2208 1424 2255 tales
1454 2216 1553 2256 sta-

166 2283 318 2332 tuisse
363 2284 602 2333 Nicenam
649 2286 781 2333 illam
828 2285 1068 2349 synodum
1112 2282 1386 2346 generalem
1407 2281 1424 2329 ?
1494 2282 1551 2329 In

168 2359 438 2408 canonibus
458 2360 587 2409 illius
611 2361 787 2424 synodi
811 2360 1027 2408 decimus
1049 2374 1207 2407 nonus
1232 2366 1321 2414 est,
1336 2373 1434 2421 quo
1451 2365 1551 2405 sta-

166 2435 325 2483 tuitur
346 2451 446 2494 eos,
469 2437 558 2500 qui
591 2437 726 2484 citra
750 2442 995 2484 tormenta
1019 2441 1069 2483 et
1089 2432 1369 2498 periculum
1394 2432 1553 2497 idfa-

169 2517 356 2570 cer-ent,
379 2511 539 2560 redire
562 2511 740 2559 debere
763 2510 827 2559 ad
851 2510 1240 2558 catechumenos.
1282 2507 1350 2554 At
1373 2506 1434 2554 de
1456 2506 1551 2555 illis

169 2586 256 2649 qui
276 2595 516 2650 negarent
537 2587 780 2634 intentata
801 2593 973 2643 morte,
997 2582 1116 2631 nihil
1135 2581 1382 2630 statuitur.
1435 2581 1551 2630 Non

165 2668 333 2710 tamen
355 2677 483 2726 nego
521 2661 639 2723 quin
675 2662 725 2708 in
761 2659 983 2723 apostolo
1007 2658 1083 2704 vel
1118 2658 1168 2704 in
1192 2655 1444 2719 discipulo,
1467 2655 1551 2719 qui

169 2736 443 2786 doctrinam
466 2736 648 2785 Christi
670 2735 939 2800 praedicare
956 2735 1084 2782 inter
1107 2731 1290 2779 Christi
1312 2732 1478 2779 hostes
1500 2731 1552 2779 in

167 2826 220 2860 se
244 2820 514 2876 receperat,
537 2819 794 2875 peccatum
810 2809 862 2858 id
883 2818 1043 2863 esset;
1079 2815 1129 2855 et
1155 2807 1205 2855 in
1231 2807 1376 2855 Petro
1408 2821 1548 2871 mag-

1607 421 1665 455 cA
1671 423 1711 456 P.
1728 422 1798 456 111.

1602 518 1647 547 De
1659 519 1778 556 quibm-

1603 562 1670 590 dam
1684 562 1777 599 objec-

1600 605 1733 655 ϋσιιιᾝω.
1741 613 1807 634 οσο-
