1910 3236
698 224 768 257 nn
796 223 1039 258 nummi.
1464 215 1554 259 119

243 335 316 384 Ex
335 336 427 384 hac
449 336 556 400 lege
580 337 798 400 sequitur
817 338 1020 397 decima,
1038 344 1091 386 ut
1115 337 1165 385 in
1183 352 1318 403 pace
1341 337 1554 385 ineunda
1604 358 1707 390 eff,
1723 357 1802 389 xv.

179 427 315 460 nemo
338 413 592 460 reservari
614 412 712 460 sibi
726 421 912 478 poscat
923 415 1015 476 jus
1038 413 1260 478 aliquod,
1292 412 1430 477 quod
1456 412 1556 460 cui-
1610 411 1801 489 M

179 503 326 552 quam
341 494 629 535 coeterorum
644 495 947 536 reservatum
967 488 1106 536 nolit.
1143 488 1267 536 Cum
1289 488 1419 536 enim
1442 487 1557 535 vitae
1611 501 1723 526 nature
1737 496 1811 524 dii»

181 564 524 612 conservanda:
549 580 709 622 eausa,
736 565 862 612 sicut
887 565 1065 628 deponi
1080 565 1195 628 jura
1222 564 1445 628 quaedam
1468 579 1556 611 na-

181 639 374 698 turalia,
419 640 488 687 ita
532 640 731 688 retineri
778 640 1002 703 quaedam
1050 641 1380 688 necessarium
1414 646 1558 698 esset,

181 729 355 778 nempe
396 716 476 778 jus
515 715 702 778 proprii
741 715 958 778 corporis
998 715 1217 774 curandi,
1253 715 1382 779 igne,
1416 730 1559 778 aqua,

181 804 294 838 aere
314 789 524 848 fruendi,
549 791 833 852 caeterisque
869 790 971 838 sine
1006 790 1183 853 quibus
1216 790 1364 838 homo
1398 791 1562 838 vivere

181 881 282 914 non
325 873 518 929 potest;
565 866 605 912 si
640 866 742 928 jam
783 865 892 929 plus
938 866 1148 914 retinere
1184 866 1308 930 juris
1347 865 1564 928 postulat

181 941 370 1005 aliquis,
395 957 541 1004 quam
576 941 683 989 aliis
717 942 926 989 libenter
956 957 1240 990 concessum
1263 941 1423 1000 vellet,
1446 940 1565 989 facit

183 1017 265 1066 ille
289 1025 460 1065 contra
482 1017 640 1079 legem
653 1017 1027 1080 praecedentem.
1098 1018 1257 1081 Hujus
1275 1017 1396 1080 legis
1413 1017 1563 1065 viola-

182 1093 367 1142 tionem
382 1092 539 1140 Graeci
554 1093 812 1150 πλεονεξίαν,
821 1091 981 1140 Latini
997 1092 1349 1156 arrogantiam
1365 1091 1550 1140 dicunt.

252 1168 304 1217 Si
327 1169 378 1215 in
401 1168 734 1215 controversia
758 1169 882 1230 juris
906 1167 1146 1215 sententia
1167 1167 1371 1231 alicujus
1395 1167 1566 1215 arbitri

183 1242 300 1292 fidei
332 1243 658 1307 permittatur,
692 1243 769 1291 lex
804 1252 991 1291 naturae
1022 1251 1097 1291 est
1131 1243 1402 1302 undecima,
1427 1250 1480 1291 ut
1515 1243 1566 1291 in

185 1326 444 1384 utramque
458 1325 662 1383 partem
685 1334 855 1383 aequus
876 1318 961 1366 sit.
1012 1318 1139 1366 Nam
1153 1319 1335 1382 absque
1355 1335 1413 1367 eo
1436 1319 1567 1367 finiri

185 1394 295 1442 litoe
316 1409 415 1442 non
437 1402 655 1457 possunt.
727 1394 826 1442 Qui
849 1409 968 1456 ergo
1004 1409 1172 1457 aequus
1206 1410 1307 1442 non
1342 1403 1450 1453 est„
1468 1394 1567 1442 liti-

185 1470 430 1534 gantibuS‚
454 1477 691 1533 quantum
724 1470 775 1517 in
799 1485 857 1517 eo
881 1478 972 1528 est,
997 1469 1201 1517 arbitria
1223 1477 1274 1517 et
1291 1469 1492 1533 judicia,
1517 1477 1569 1518 et

185 1562 276 1611 per
307 1561 609 1609 consequens
644 1561 815 1609 pacem
849 1545 1004 1608 ipsam
1026 1545 1174 1604 tollit,
1199 1553 1373 1593 contra
1405 1545 1565 1610 legem

185 1629 376 1670 naturae
398 1621 621 1685 primam.

253 1698 326 1745 Ex
350 1697 442 1745 hac
465 1697 572 1760 lege
595 1697 814 1760 sequitur
837 1697 1142 1757 duodecima,
1166 1714 1275 1761 quoe
1298 1697 1457 1745 dividi
1475 1713 1569 1746 non

179 1780 408 1838 possunt,
443 1789 610 1821 eorum
643 1789 780 1820 usum
814 1789 1101 1821 communem
1140 1789 1250 1821 esse
1263 1792 1283 1828 ;
1324 1774 1489 1838 idque,
1524 1773 1571 1820 si

171 1849 300 1912 fieri
313 1849 482 1914 possit
506 1855 556 1896 et
578 1849 838 1913 quantitas
862 1849 940 1896 rei
953 1849 1208 1913 patiatur,
1230 1849 1339 1897 sine
1361 1850 1570 1897 restric-

189 1923 322 1972 tione
341 1942 359 1979 ,·
394 1923 602 1987 alioqui,
626 1940 824 1972 numero
847 1925 1083 1972 utentium
1093 1925 1568 1989 proportionaliter.

188 1999 483 2048 Distributio
507 2000 637 2047 enim
660 1999 860 2062 aequalis
884 1999 1026 2047 aliter
1049 2015 1155 2048 esse
1172 2016 1273 2048 non
1296 2008 1475 2064 potest.

255 2075 382 2123 Sunt
405 2083 569 2123 autem
603 2074 826 2138 quaedam
849 2090 943 2134 res,
969 2091 1174 2138 quarum
1196 2091 1356 2139 neque
1396 2076 1571 2124 divisio

187 2166 347 2214 neque
368 2166 485 2198 usus
509 2151 779 2198 communis
801 2166 907 2198 esse
941 2158 1117 2214 potest.
1187 2151 1261 2199 De
1283 2152 1359 2199 his
1382 2152 1461 2199 lex
1485 2168 1571 2200 na-

187 2234 313 2275 turae
336 2226 508 2274 statuit
531 2225 723 2274 decima
742 2226 904 2285 tertia,
927 2234 984 2274 ut
1004 2227 1096 2289 jus
1130 2227 1395 2292 integrum,
1413 2227 1506 2286 vel,
1530 2227 1572 2275 si

186 2317 304 2350 usus
337 2302 553 2350 alternus
575 2302 751 2365 placet,
768 2302 1024 2367 possessio
1050 2303 1224 2367 prima
1247 2309 1383 2350 sorte
1406 2303 1572 2351 deter-

188 2378 415 2426 minetur.

256 2453 471 2502 Sortium
494 2452 592 2501 duo
626 2461 740 2501 sunt
771 2468 969 2516 genera,
1004 2452 1332 2501 arbitrarium
1354 2460 1404 2500 et
1426 2459 1571 2501 natu-

189 2527 317 2576 rale.
402 2528 743 2586 Arbitrarium,
785 2529 836 2576 in
877 2528 1011 2591 quod
1042 2528 1354 2577 consentiunt
1388 2536 1569 2591 partes.

190 2602 427 2652 Naturale
449 2612 539 2663 est,
562 2611 648 2652 aut
679 2604 1082 2668 primogenitura,
1118 2611 1203 2651 aut
1236 2602 1394 2666 prima
1426 2618 1572 2651 occu-

189 2678 340 2742 patio,

258 2754 427 2817 ltaque
461 2769 670 2818 quarum
704 2770 867 2802 rerum
899 2771 1054 2819 neque
1089 2752 1266 2801 divisio
1305 2759 1383 2800 est
1418 2769 1573 2817 neque

192 2843 308 2876 usus
342 2828 615 2887 commitis,
638 2846 711 2876 eae
745 2845 828 2877 res
859 2828 940 2877 vel
951 2829 1111 2893 primi
1144 2827 1451 2892 occupantis,
1492 2828 1573 2877 vel
