1968 3236
134 417 220 450 CAP
225 418 393 450 .xxxl11

171 473 358 495 b—-f-—ae

136 519 182 547 De
189 528 320 552 numero,
330 528 377 546 an-

137 562 277 599 tiquitate,
290 571 386 599 scopo,

137 604 351 638 authoritate,et
361 606 402 633 in-

138 649 310 686 terpretibus
319 648 402 676 libro-

138 700 203 719 rum
217 700 372 719 sacrorum.

411 274 507 326 272
731 286 801 320 nn
824 285 1077 320 civrrATE
1106 284 1458 319 cnms‘rlANA.

412 404 691 460 potuerunt.
760 397 831 444 Ea
848 397 949 443 sola
964 396 1158 459 scripsit
1182 396 1360 454 Moses,
1381 412 1489 459 quae
1505 411 1534 443 a
1553 395 1789 459 scriptore

416 472 732 521 Pentateuchi
753 472 998 534 scripsisse
1015 471 1207 528 dicitur,
1218 487 1391 534 nempe
1407 471 1635 519 volumen
1652 472 1790 535 legis,

417 564 523 611 quae
546 548 751 595 habetur
775 547 824 593 in
859 546 1236 594 Deuteronomio
1269 563 1298 593 a
1332 546 1492 609 capite
1531 544 1790 595 undecimo

418 639 568 686 usque
592 622 652 669 ad
676 622 820 668 finem
849 621 1018 684 capitis
1053 621 1293 668 vicessimi
1331 622 1537 685 septimi,
1563 630 1612 670 et
1645 638 1791 686 quam

418 700 469 747 in
504 699 637 746 aditu
660 706 803 746 terrae
841 698 1114 745 Chananeae
1142 697 1382 760 lapidibus
1419 697 1618 745 inscribi
1647 698 1792 760 jussit

419 774 562 822 Deus.
632 773 870 820 Volumen
892 773 985 820 hoc
1010 772 1203 835 scripsit
1226 772 1327 835 ipse
1357 773 1537 830 Moses,
1566 773 1792 821 tradidit-

418 865 511 912 que
549 848 877 896 sacerdotibus
913 848 1277 910 senioribusque
1313 847 1519 906 Israelis,
1563 848 1792 897 Israelitis

419 925 640 972 omnibus
664 924 714 970 in
739 925 881 972 Festo
905 924 1347 971 Tabernaculorum
1368 923 1575 986 septimo
1600 940 1793 987 quoque

418 1017 546 1047 anno
583 1000 899 1047 recitandum.
972 1000 1135 1062 Atque
1174 999 1280 1046 haec
1315 999 1392 1046 lex
1428 1015 1486 1046 ea
1520 1007 1609 1058 est,
1647 1016 1794 1063 quam

419 1077 563 1134 DeuS,
588 1093 617 1123 a
640 1076 970 1123 sacerdotibus
995 1084 1044 1123 et
1081 1075 1260 1123 Levitis
1283 1075 1646 1138 transcriptam,
1669 1092 1699 1123 a
1721 1091 1796 1123 re-

418 1153 559 1215 gibus
581 1152 748 1215 populi
772 1151 1027 1199 Israelitici
1045 1151 1197 1199 futuri
1212 1151 1469 1214 legendam
1494 1167 1596 1199 esse
1614 1152 1776 1214 jussit.

487 1228 633 1276 Quod
656 1228 777 1274 liber
795 1229 824 1275 J
828 1244 956 1275 osuae
979 1227 1125 1290 longo
1142 1235 1359 1290 tempore
1380 1227 1588 1290 scriptus
1607 1228 1669 1275 sit
1685 1234 1796 1291 post

419 1310 626 1350 mortem
650 1304 767 1366 ejus,
793 1319 850 1350 ex
874 1303 997 1350 libro
1032 1303 1137 1366 ipso
1163 1303 1325 1365 colligi
1350 1310 1525 1366 potest.
1597 1303 1720 1351 Cum
1743 1304 1795 1352 in

420 1379 579 1426 medio
604 1378 739 1426 alveo
758 1379 785 1426 J
790 1378 984 1426 ordanis
1009 1378 1238 1426 erexisset
1261 1379 1289 1426 J
1293 1394 1425 1436 osua,
1450 1379 1500 1425 in
1515 1395 1798 1427 monumen-

419 1462 521 1502 tum
538 1455 769 1502 transitus
779 1455 1114 1512 Hebraeorum,
1136 1453 1392 1501 duodicem
1415 1454 1624 1517 lapides;
1644 1455 1796 1519 scrip-

419 1537 497 1577 tor
519 1530 628 1577 libri
654 1529 712 1576 de
736 1530 829 1577 illis
855 1530 973 1577 dicit
992 1530 1040 1591 (J
1045 1546 1112 1577 os.
1139 1530 1201 1577 iv.
1227 1532 1306 1591 9):
1344 1536 1394 1577 et
1418 1529 1486 1576 ibi
1508 1537 1621 1578 sunt
1645 1547 1798 1595 usque

422 1605 471 1653 in
487 1611 783 1668 praesentem
808 1606 950 1653 diem.
1003 1605 1236 1653 Similiter
1265 1606 1312 1666 (J
1317 1621 1385 1653 OS.
1409 1622 1453 1653 v.
1479 1605 1550 1666 9),
1570 1621 1680 1653 cum
1695 1606 1799 1654 dix-

421 1680 536 1727 isset
561 1681 690 1728 Deus
726 1680 789 1728 ad
821 1682 1036 1736 Josuam,
1055 1680 1226 1729 Hodie
1251 1680 1438 1728 abstuli
1479 1680 1798 1745 opprobrium

423 1755 646 1820 AEgyptz‘
681 1773 712 1802 a
748 1756 881 1803 vobis
900 1775 917 1803 .·
970 1756 1089 1804 dicit
1135 1756 1342 1820 scriptor
1368 1777 1379 1811 ;
1450 1756 1494 1801 V
1490 1762 1684 1804 ovatum
1720 1763 1797 1804 est

423 1848 589 1879 nomen
628 1831 725 1879 loci
765 1832 902 1879 illius
946 1831 1189 1897 Galgala,
1229 1849 1382 1895 usque
1418 1831 1468 1879 in
1496 1838 1799 1896 proesentem

424 1906 566 1954 diem.
637 1907 758 1955 Haec
783 1916 833 1955 et
851 1908 945 1956 alia
968 1915 1256 1971 argumenta
1280 1908 1455 1956 similia
1474 1924 1532 1955 ex
1552 1908 1657 1956 aliis
1682 1908 1799 1956 locis

423 1980 534 2028 libri
547 1982 723 2040 Josuae,
738 1990 792 2030 ut
806 1983 906 2030 Jos.
923 1983 1022 2030 viii.
1043 1990 1104 2031 29
1124 2003 1134 2031 z
1155 1983 1254 2030 xiii.
1284 1990 1341 2031 13
1361 2003 1371 2030 :
1392 1983 1487 2030 xiv.
1515 1989 1568 2030 14
1590 2002 1600 2030 :
1621 1999 1698 2031 XV.
1717 1989 1799 2042 63,

426 2056 689 2104 ostendunt
722 2058 899 2105 librum
933 2058 1094 2107 Josuae
1119 2060 1352 2123 scriptum
1378 2075 1481 2107 esse
1505 2059 1621 2107 satis
1653 2059 1800 2123 longo

424 2138 642 2195 tempore
665 2142 774 2195 post
797 2134 922 2182 illius
946 2144 1168 2183 mortem.

491 2207 563 2255 De
591 2208 712 2256 libro
735 2209 978 2268 Judicum,
1004 2228 1063 2259 ex
1098 2228 1203 2275 cap.
1230 2211 1360 2258 xviii.
1387 2216 1466 2270 30,
1490 2210 1800 2259 manifestum

425 2288 511 2339 est,
533 2282 661 2345 quod
678 2291 789 2345 post
814 2285 1143 2348 captivitatem
1169 2286 1335 2333 decem
1355 2286 1569 2333 tribuum
1593 2286 1802 2348 scriptus

426 2356 519 2404 sit:
555 2358 638 2404 ubi
664 2358 856 2417 dicitur,
887 2361 1161 2409 posuerunt
1179 2361 1276 2408 sibi
1300 2361 1548 2426 sculptile,
1575 2368 1624 2409 et
1647 2361 1802 2409 Jona—

426 2431 545 2479 than
574 2433 787 2494 (tc-filios
812 2435 917 2496 eju-s·
941 2437 1231 2484 sacerdote-s·
1256 2437 1305 2484 in
1331 2436 1466 2484 tribu
1492 2436 1625 2495 Dan,
1650 2453 1804 2502 usque

426 2507 498 2554 acl
519 2507 646 2555 diem
665 2509 978 2572 captivitatis
1002 2528 1118 2559 sace.

493 2582 637 2630 Liber
674 2583 806 2631 Ruth
842 2585 1051 2648 scriptus
1076 2594 1163 2643 est,
1188 2595 1244 2634 ut
1267 2587 1459 2635 videtur
1483 2602 1540 2635 ex
1567 2604 1673 2652 cap.
1698 2588 1728 2636 i.
1762 2594 1802 2648 1,

427 2665 534 2719 post
558 2658 734 2705 librum
753 2659 782 2706 J
786 2659 997 2707 udicum.

496 2733 642 2781 Quod
681 2733 790 2781 libri
829 2735 1064 2783 Samuelis
1099 2745 1211 2798 post
1246 2750 1453 2786 mortem
1484 2738 1612 2787 illius
1635 2738 1805 2802 scripti

429 2806 625 2866 fuerint,
667 2809 933 2857 ostendunt
969 2811 1062 2858 loci
1101 2820 1385 2874 sequentes:
1440 2819 1460 2862 l
1515 2814 1644 2862 Sam.
1668 2830 1714 2873 v,
1740 2818 1803 2862 52

431 2882 509 2929 vii.
557 2889 629 2940 13,
676 2889 759 2931 15:
810 2885 1041 2943 xxvii,6:
1078 2894 1128 2934 et
1172 2895 1410 2949 praeterea
1440 2905 1552 2937 xxx.
1588 2895 1668 2948 25,
1709 2889 1804 2948 ubi,
