1968 3236
467 240 539 273 on
566 240 825 274 mvn-Are
852 234 1211 273 cnms‘nANA.
1439 228 1534 271 419

144 357 304 400 tatum
326 354 545 401 omnium
578 354 912 402 institutiones
945 353 1127 401 frustra
1148 358 1327 408 essent,
1352 357 1401 397 et
1424 366 1535 414 pro·
1568 371 1671 404 eff,
1686 371 1800 403 xm.

145 426 261 475 inde
282 444 378 492 pax
402 437 451 476 et
470 430 662 492 justitia
686 438 948 486 cessarent,
985 437 1159 476 contra
1192 427 1326 490 leges
1364 440 1533 473 omnes

1589 426 1780 447 -2-7—-1

1585 466 1631 494 De
1643 470 1784 502 potestate

145 509 253 551 tum
286 503 524 551 humanas
560 514 664 552 tum
700 504 903 551 divinas.
976 503 1110 551 Nihil
1147 518 1265 565 ergo
1289 517 1350 548 ex
1373 500 1534 548 citatis
1582 509 1788 538 memmim-

144 577 281 637 loeis,
304 595 462 643 neque
488 596 548 627 ex
572 581 682 627 ullis
706 580 961 643 scripturae
984 579 1107 636 aliis,
1132 577 1329 642 probari
1353 583 1533 641 potest,

143 654 434 717 pontificum
455 656 788 703 Romanorum
809 655 1023 712 decreta,
1045 662 1186 702 extra
1209 652 1426 700 dominia
1448 668 1536 700 sua

145 730 450 793 temporalia,
475 747 581 778 esse
606 731 752 793 leges.

211 804 472 853 Conclusio
497 807 600 868 ejus
623 807 812 862 ultima,
851 822 1043 868 nempe,
1069 805 1387 852 Servatorem
1425 809 1534 851 nos*-

144 886 276 928 trnm
285 880 693 942 jurisdictionem
718 881 1115 928 ecclesiasticam
1147 880 1328 927 nenu'm'
1347 880 1538 927 commi-

143 955 275 1003 sisse
288 955 586 1013 immediate,
595 963 942 1020 prceterqnam
954 956 1123 1020 Papoe,
1138 955 1201 1003 ad
1216 955 1535 1018 quaestionem

145 1030 207 1078 de
229 1040 514 1094 supremam
545 1031 878 1079 ecclesiastico
921 1032 1051 1078 inter
1090 1031 1269 1094 Papam
1310 1038 1359 1078 et
1396 1046 1535 1093 reges

145 1105 449 1154 Christianos
485 1123 584 1154 non
622 1107 852 1170 pertinet,
877 1106 1196 1175 setktantum
1220 1106 1281 1153 ad
1307 1106 1534 1168 quaestio-

145 1197 259 1229 nem
303 1182 433 1231 inter
480 1183 657 1245 Papam
701 1192 749 1229 et
789 1182 1045 1245 episcopos
1090 1190 1310 1230 caeteros.
1403 1181 1534 1229 Dicit

145 1265 326 1312 antem,
368 1258 543 1321 primo,
587 1257 981 1320 jurisdictionem
1028 1258 1366 1320 episcoporum
1413 1272 1533 1314 esse,

144 1332 315 1381 saltem
351 1333 709 1391 universaliter,
735 1333 798 1380 cle
827 1334 952 1395 jure
990 1333 1176 1391 (livino,
1214 1332 1265 1379 id
1299 1342 1390 1389 est,
1423 1333 1534 1395 jure

145 1408 367 1457 derivato
391 1425 422 1457 a
444 1410 548 1457 Deo
571 1409 694 1472 ipso.
744 1408 824 1456 Ad
849 1408 982 1472 quod
1005 1408 1314 1472 probandum
1333 1407 1535 1456 adducit

147 1484 198 1532 S.
236 1484 456 1542 Paulum,
494 1484 738 1532 dicentem
789 1485 989 1548 (Ephes.
1023 1484 1083 1531 iv.
1123 1487 1233 1544 ll):
1271 1484 1328 1531 Is
1374 1484 1535 1548 igitur

146 1559 290 1608 dedit
322 1559 455 1608 alio-5
485 1559 680 1624 quidem
716 1560 990 1624 apostolos,
1014 1559 1146 1607 alios
1171 1575 1286 1607 vero
1312 1560 1535 1624 prophe-

146 1641 246 1694 ταδ’,
270 1634 401 1683 alios
421 1642 586 1682 autem
601 1635 957 1700 evangelistas,
974 1635 1105 1682 alios
1119 1642 1283 1682 autem
1296 1642 1536 1699 pastores

145 1717 198 1759 et
220 1710 449 1759 doctores
463 1728 484 1766 ,·
507 1711 752 1774 infertqne
771 1710 902 1768 inde,
926 1711 1181 1774 episcopos
1204 1726 1373 1758 omnes
1391 1710 1536 1772 juris-

146 1786 385 1835 dictiones
419 1802 529 1834 snas
569 1787 750 1835 habere
781 1803 811 1834 a
842 1787 954 1849 jure
990 1786 1113 1840 Dei;
1149 1786 1299 1849 idque
1322 1802 1422 1833 non
1448 1783 1534 1832 imss

146 1862 377 1920 mediate,
401 1862 488 1910 sed
512 1878 616 1926 per
638 1862 998 1910 derivationem
1020 1879 1050 1910 a
1076 1864 1188 1926 jure
1213 1862 1379 1910 divino
1403 1861 1536 1924 quod

147 1938 296 1986 habet
313 1938 457 2001 Papa.
529 1938 773 1986 Concesso
791 1947 958 1986 autem
982 1939 1093 1996 hoc,
1107 1938 1388 2002 jurisdictio
1407 1953 1536 2000 quae-

147 2028 262 2061 nam
284 2013 395 2071 alia,
420 2014 511 2062 etsi
534 2030 668 2062 mere
692 2014 862 2072 civilis,
886 2014 1106 2078 legitima
1129 2014 1297 2062 existit
1333 2014 1384 2061 in
1419 2013 1537 2060 civi-

148 2095 251 2136 tate
274 2088 564 2148 Christiana,
590 2106 700 2153 quae
724 2106 823 2138 uon
847 2091 910 2138 sit
934 2090 1083 2138 etiam
1106 2090 1168 2137 de
1179 2091 1302 2152 jure
1320 2089 1487 2136 (lirino
1506 2091 1535 2135 ,9

151 2165 351 2213 Habent
373 2167 504 2214 enim
538 2175 837 2230 potestatem
872 2183 1009 2214 suam
1046 2166 1236 2214 civilem
1274 2163 1536 2212 Christiani

150 2255 306 2303 rega,
341 2256 442 2288 non
477 2241 637 2289 minus
680 2242 962 2290 immediate
997 2258 1027 2290 a
1063 2242 1183 2298 Deo,
1225 2255 1369 2302 quam
1407 2239 1537 2301 Papa

146 2315 539 2378 jurisdictionem
563 2332 700 2364 suam
725 2318 1105 2366 ecclesiasticam
1130 2317 1192 2364 ab
1228 2315 1399 2363 eodem
1434 2315 1538 2362 Deo

151 2391 332 2439 habere
364 2392 638 2455 profitetur.
724 2393 895 2457 Itaque
930 2394 996 2451 id,
1032 2392 1166 2456 quod
1199 2390 1407 2438 ministri
1450 2404 1540 2452 per

152 2467 504 2514 authoritatem
537 2468 643 2530 ejus
677 2468 881 2527 faciunt,
916 2461 1018 2517 non
1042 2469 1202 2515 minus
1226 2468 1350 2528 jure
1372 2464 1537 2512 divino

154 2541 437 2589 immediato
458 2541 662 2601 faciunt,
687 2559 832 2606 quam
857 2545 992 2607 qnod
1026 2544 1214 2591 faciunt
1237 2557 1324 2605 per
1343 2540 1539 2587 ordina-

154 2616 338 2664 tionem
373 2616 596 2679 papalem
629 2617 845 2682 episcopi
879 2619 1061 2667 caeteri.
1153 2618 1374 2664 Potestas
1409 2615 1539 2662 enim

155 2691 375 2755 legitima
396 2692 557 2739 omnis
573 2707 604 2739 a
627 2691 732 2740 Deo
754 2701 830 2741 est
851 2714 863 2747 ;
899 2693 950 2742 in
975 2708 1203 2757 supremo
1228 2690 1424 2754 quidem
1449 2689 1542 2736 im·

156 2775 376 2829 perante,
411 2766 716 2822 immediate3
769 2768 820 2815 in
855 2769 950 2816 illis
985 2777 1151 2815 autem
1193 2766 1276 2828 qui
1316 2764 1542 2827 jurisdic-

157 2842 342 2890 tionem
365 2858 502 2890 suam
533 2858 563 2890 a
597 2858 712 2906 rege
745 2851 1035 2907 agnoscunt,
1061 2842 1288 2890 mediate.
1357 2839 1543 2888 Conce-

1254 2930 1286 2963 Ε
1308 2930 1340 2963 Ε
1363 2932 1383 2962 2
1425 2944 1430 2948 -
