1968 3236
144 355 248 389 CAP.
266 357 366 391 xxl.

160 492 187 520 ci
191 493 276 522 dddd

408 215 499 258 160
910 223 982 255 DE
1010 222 1285 256 clvl'rATn.

402 336 533 383 enim
558 335 712 382 motui
747 334 1023 397 subjectum
1054 350 1153 381 non
1189 341 1279 391 est,
1304 349 1404 381 non
1429 340 1504 381 est
1528 332 1793 381 obnoxium

403 411 767 475 impedimento.
820 409 1026 458 Quoties
1043 425 1160 471 ergo
1186 409 1372 468 dicunt,
1398 409 1606 472 exempli
1630 423 1791 464 causa,

403 487 486 534 via
502 486 664 534 libera
685 496 773 543 est,
796 501 894 532 non
913 484 1218 547 significatur
1236 484 1436 532 libertas
1454 484 1564 542 υἱώ,
1585 483 1670 531 sed
1687 482 1793 530 via-

403 562 545 609 toris,
618 562 758 619 Item,
784 560 981 623 quando
1018 560 1224 608 dicimus
1261 561 1437 608 donum
1472 560 1679 607 liberum
1703 566 1792 614 est,

403 655 503 685 non
538 638 607 685 rei
638 638 772 685 datoe
797 636 883 684 sed
908 636 1106 684 datoris
1142 634 1423 686 libertatem
1459 635 1791 698 intelligimus.

404 714 565 761 Etiam
586 713 781 776 quando
801 713 908 775 quis
933 712 1093 759 libere
1112 711 1249 776 loqui
1274 712 1468 770 dicitur,
1494 728 1592 759 non
1611 726 1794 758 sermo-

403 789 497 842 nis,
524 789 611 836 sed
646 787 892 852 loquentis
927 787 1125 834 libertas
1161 795 1251 835 est.
1323 787 1557 834 Liberum
1582 786 1793 849 denique

402 864 684 920 arbitrium,
708 879 809 910 non
828 862 1096 910 voluntatis
1120 862 1318 910 libertas
1353 861 1439 909 sed
1468 861 1678 909 volentis
1701 867 1792 908 est.

470 940 643 987 Metus
669 951 718 986 et
743 938 956 985 libertas
980 937 1123 985 simul
1148 938 1414 986 consistere
1438 937 1491 984 in
1514 937 1686 984 eadem
1709 952 1791 984 ac-

405 1015 537 1063 tione
584 1022 802 1078 possunt,
837 1020 893 1060 ut
929 1013 1124 1075 quando
1171 1013 1346 1076 aliquis
1382 1021 1518 1060 metu
1550 1012 1795 1075 naufragii

402 1092 532 1138 bona
566 1107 654 1138 sua
686 1090 737 1136 in
770 1104 903 1136 mare
939 1088 1165 1151 projicit3
1202 1105 1317 1136 nam
1352 1088 1561 1135 libenter
1583 1087 1636 1135 id
1657 1087 1792 1146 facit,

403 1167 677 1231 potuitque,
720 1166 760 1213 si
799 1165 1051 1223 noluisset,
1090 1181 1190 1212 non
1231 1164 1392 1212 facere
1414 1185 1426 1219 ;
1474 1163 1633 1211 libere
1673 1178 1792 1225 ergo

402 1243 534 1290 fecit.
613 1242 693 1289 Sic
725 1241 804 1288 ille
837 1241 920 1303 qui
954 1247 1090 1287 metu
1125 1239 1333 1287 carceris
1374 1239 1595 1286 debitum
1632 1238 1791 1294 solvit,

401 1318 560 1366 libere
594 1317 751 1375 solvit,
790 1317 903 1379 quia
938 1315 1146 1362 liberum
1170 1315 1238 1362 illi
1263 1322 1369 1362 erat
1391 1315 1469 1362 vel
1505 1314 1692 1362 solvere
1715 1314 1793 1362 vel

403 1410 502 1441 non
543 1393 745 1441 solvere.
840 1391 1076 1439 Similiter
1116 1391 1332 1439 actiones
1379 1391 1559 1438 civium
1607 1405 1792 1448 omnes,

404 1485 524 1531 quas
547 1477 681 1515 metu
704 1468 868 1531 legum
892 1466 1096 1524 faciunt,
1122 1467 1162 1514 si
1186 1483 1286 1514 non
1320 1466 1482 1514 facere
1506 1473 1792 1528 potuerunt,

402 1544 569 1592 liberae
593 1551 747 1591 erant.

470 1619 632 1667 Etiam
678 1618 893 1666 libertas
931 1625 980 1665 et
1017 1618 1293 1666 necessitas
1341 1617 1607 1666 consistere
1649 1616 1793 1664 simul

403 1701 623 1758 possunt.
693 1694 823 1741 Nam
846 1710 974 1756 aqua
995 1710 1083 1757 per
1117 1693 1331 1741 fluminis
1366 1693 1558 1740 alveum
1594 1700 1699 1741 tum
1734 1693 1793 1740 li-

403 1770 519 1816 bere
543 1777 649 1816 tum
671 1769 962 1816 necessitate
987 1775 1176 1816 naturae
1199 1783 1368 1816 versus
1397 1767 1605 1815 declivia
1627 1783 1792 1815 move-

403 1851 499 1892 tur.
571 1845 695 1891 Item
713 1843 930 1891 actiones
950 1859 1118 1891 omnes
1131 1843 1435 1902 voluntariae,
1463 1859 1573 1906 quae
1597 1859 1684 1891 sua
1706 1859 1793 1891 na-

405 1927 517 1967 tura
532 1919 706 1966 liberoe
723 1927 854 1976 sunt,
864 1918 979 1982 quia
993 1925 1157 1966 tamen
1173 1934 1343 1966 causas
1356 1919 1618 1974 habent,et
1631 1934 1792 1966 causae

402 1994 499 2043 illae
523 1995 641 2043 alias
665 2010 851 2053 causas,
871 2001 921 2041 et
940 1994 1010 2041 sic
1028 2001 1267 2057 perpetuo
1282 2010 1435 2056 usque
1454 1994 1517 2041 ad
1537 2008 1792 2042 causarum

401 2071 621 2118 omnium
642 2086 839 2118 causam
870 2069 1094 2132 primam,
1120 2085 1296 2132 nempe
1322 2069 1537 2117 divinam
1569 2069 1792 2118 volunta-

401 2145 814 2204 tem‚necessariae
829 2153 966 2199 sunt;
982 2145 1104 2192 adeo
1119 2152 1174 2192 ut
1191 2144 1302 2202 illis,
1318 2145 1400 2208 qui
1416 2161 1672 2193 causarum
1686 2162 1791 2195 om-

401 2221 537 2269 nium
550 2221 904 2269 connexionem
915 2219 1149 2277 viderent,
1158 2219 1406 2267 actionum
1415 2221 1634 2268 omnium
1642 2221 1791 2270 etiam

400 2296 786 2345 voluntariarum
811 2295 1075 2343 necessitas
1100 2294 1354 2342 manifeste
1379 2304 1523 2343 esset.
1560 2296 1692 2344 Deus
1715 2313 1792 2345 er-

402 2388 482 2436 go,
508 2371 591 2435 qui
615 2370 749 2419 videt
773 2378 822 2418 et
847 2363 1063 2433 disponit
1087 2369 1266 2428 omnia,
1291 2371 1634 2419 necessitatem
1658 2372 1793 2422 videt

400 2448 620 2496 omnium
655 2447 903 2495 actionum
935 2462 965 2493 a
997 2462 1086 2493 sua
1109 2445 1260 2509 ipsius
1294 2446 1547 2494 voluntate
1571 2448 1793 2511 proficis·
1866 2508 1869 2511 ι

403 2523 636 2571 centium.
695 2522 934 2570 Homines
958 2521 1103 2580 enim,
1129 2537 1406 2584 quanquam
1430 2521 1586 2570 multa
1608 2522 1794 2572 faciant

402 2607 576 2647 contra
589 2599 721 2662 leges
740 2598 947 2656 divinas,
972 2597 1023 2644 id
1038 2605 1128 2655 est,
1149 2597 1304 2644 multa
1318 2613 1525 2660 quorum
1542 2598 1675 2646 Deus
1691 2615 1792 2647 non

399 2683 477 2723 est
491 2675 685 2734 author,
693 2674 878 2722 nullam
897 2681 1061 2722 tamen
1075 2673 1691 2736 passionem,voluntatem,
1705 2682 1794 2723 aut

399 2751 674 2814 appetitum
707 2750 904 2808 habent,
938 2750 1076 2813 cujus
1101 2764 1248 2797 causa
1268 2749 1427 2812 prima
1450 2756 1500 2797 et
1522 2749 1669 2813 plena
1690 2765 1791 2798 non

398 2826 466 2874 sit
482 2842 513 2874 a
524 2826 775 2875 voluntate
782 2825 890 2875 Dei.
917 2824 1026 2873 Nisi
1044 2824 1175 2873 enim
1188 2824 1413 2873 voluntas
1422 2824 1513 2872 Dei
1530 2825 1793 2875 necessita-
