1968 3236
78 358 181 390 CAP.
198 359 334 391 XVIII.

115 413 304 435 *qd

81 452 124 479 De
133 452 200 488 jure
212 451 262 480 ha-

77 495 207 523 bentium
221 499 312 532 potvs.

78 542 167 566 tatem
181 547 282 566 summa
293 549 323 567 m

76 582 107 608 in
122 581 237 610 civitate
250 591 302 619 per

76 625 295 654 institutionem.

370 221 457 268 136
873 232 943 264 DE
972 232 1246 265 clvrrA‘rE.

361 341 660 404 regulatione
684 342 908 390 consistit
931 343 1171 406 regulatio
1210 342 1403 399 civium,
1424 341 1554 389 unde
1591 340 1746 387 oritur

360 433 454 479 pax
478 426 528 464 et
552 418 830 465 concordia.
892 419 1186 481 Quanquam
1210 426 1372 465 autem
1411 417 1746 464 doctrinarum

363 493 538 540 veritas
563 494 664 540 sola
684 510 857 556 scopus
873 495 950 552 sit,
968 495 1079 557 paci
1094 501 1273 549 tamen,
1289 494 1328 541 si
1343 509 1469 541 verae
1493 501 1622 549 sunt,
1647 507 1746 538 non

361 577 647 632 repugnant.
718 570 968 617 Doctrinae
1010 570 1139 617 enim
1181 570 1290 633 paci
1325 569 1583 617 contrariae
1618 583 1745 615 verae

360 660 461 691 esse
487 661 584 692 non
607 653 826 708 possunt,
852 646 945 693 nisi
969 646 1115 693 etiam
1139 663 1233 708 pax
1258 654 1308 693 et
1331 644 1594 693 concordia
1628 659 1743 691 con-

359 720 520 767 trariae
545 720 770 767 dicantur
793 721 980 784 legibus
1005 722 1322 768 naturalibus.
1394 721 1449 767 In
1466 720 1745 768 civitatibus

359 796 571 859 quidem,
591 804 838 844 rectorum
857 796 1209 859 doctorumque
1230 795 1529 859 negligentia
1552 804 1638 842 aut
1655 795 1746 842 im-

357 871 546 934 peritia,
589 888 778 919 errores
822 888 1083 935 progressu
1129 871 1363 934 temporis
1409 870 1746 917 universaliter

357 964 444 1010 pro
486 947 614 994 veris
657 948 824 1010 recipi,
850 955 900 995 et
939 948 1166 994 veritates
1214 946 1468 1010 displicere
1507 954 1713 1008 possunt
1733 966 1744 1000 ;

357 1023 576 1070 veritatis
618 1030 783 1070 tamen
819 1039 959 1070 novae
1004 1031 1251 1085 utcunque
1293 1021 1454 1069 subita
1488 1021 1744 1084 apparitio,

357 1100 447 1147 etsi
462 1099 675 1162 sopitum
689 1099 871 1146 bellum
886 1099 1148 1162 aliquando
1164 1098 1377 1145 excitare
1392 1096 1560 1160 possit,
1574 1112 1746 1159 pacem

355 1185 518 1223 tamen
559 1191 809 1238 nunquam
850 1175 1014 1222 violat.
1088 1175 1185 1223 Qui
1221 1175 1352 1221 enim
1392 1173 1514 1220 adeo
1548 1172 1747 1220 remisse

356 1259 604 1314 regnatur,
640 1259 695 1298 ut
743 1251 985 1314 opinionis
1020 1267 1160 1298 novae
1194 1249 1566 1298 introducendae
1600 1264 1748 1296 causa

356 1343 528 1390 capere
553 1343 689 1374 arma
712 1327 905 1386 audeat,
932 1327 1078 1374 etiam
1097 1335 1216 1374 tunc
1239 1326 1455 1374 animum
1478 1324 1746 1373 rebellandi

356 1403 540 1450 habuit.
613 1402 760 1451 Quod
797 1411 964 1450 autem
1005 1419 1103 1450 non
1144 1417 1401 1465 aggressus
1448 1401 1526 1458 sit,
1549 1417 1579 1448 a
1611 1409 1745 1448 metu

361 1486 450 1536 est,
475 1478 683 1525 viventis
707 1494 881 1541 nempe
907 1479 1043 1541 quasi
1068 1478 1118 1525 in
1142 1478 1399 1541 procinctu
1426 1476 1597 1540 praelii.
1667 1476 1747 1524 Ad

358 1570 598 1602 summam
623 1570 739 1617 ergo
763 1562 1055 1617 potestatem
1071 1555 1251 1601 attinet
1265 1554 1548 1616 opinionum
1563 1560 1614 1599 et
1632 1552 1746 1600 doc-

357 1630 593 1678 trinarum
627 1631 845 1677 omnium
875 1630 1130 1693 judicatio,
1155 1638 1210 1677 ut
1246 1646 1355 1692 quae
1391 1627 1745 1676 discordiarum

355 1706 563 1769 bellique
581 1706 734 1753 civilis
759 1707 1022 1769 saepissime
1047 1722 1193 1753 causa
1218 1712 1266 1752 et
1290 1705 1428 1767 origo
1449 1719 1554 1751 esse
1568 1703 1742 1751 solent.

421 1782 624 1838 Octavo,
649 1782 866 1845 ejusdem
891 1797 1091 1829 summae
1115 1781 1371 1844 potestatis
1385 1780 1466 1842 jus
1489 1788 1578 1838 est,
1599 1795 1742 1842 regu-

354 1858 424 1904 las
447 1858 781 1920 praescribere,
807 1857 997 1920 quibus,
1023 1856 1139 1919 quid
1163 1857 1226 1903 sit
1250 1872 1388 1902 suum
1413 1855 1744 1918 unusquisque

355 1933 477 1980 sciat
502 1940 552 1980 et
574 1933 766 1980 fruatur
790 1933 892 1980 sine
916 1933 1138 1980 molestia
1161 1949 1190 1979 a
1206 1931 1514 1985 concivibus;
1551 1940 1602 1978 et
1625 1931 1744 1994 quid

354 2025 498 2072 agere
523 2008 656 2056 licite
678 2008 848 2071 possit,
869 2016 919 2055 et
944 2008 1064 2070 quid
1088 2007 1217 2055 licite
1243 2023 1340 2054 non
1364 2006 1546 2069 possit;
1583 2007 1634 2054 id
1652 2015 1741 2065 est,

355 2084 547 2147 regulas
561 2084 875 2147 praescribere
891 2083 1021 2131 circa
1037 2099 1198 2130 rerum
1214 2082 1577 2145 proprietatem.
1615 2082 1742 2130 Nam

355 2169 469 2208 ante
493 2177 731 2208 summam
755 2167 1049 2223 potestatem
1074 2159 1392 2206 constitutam
1411 2158 1491 2220 jus
1510 2165 1616 2205 erat
1639 2174 1743 2206 om-

354 2236 496 2283 nibus
519 2236 570 2283 in
590 2235 768 2293 omnia,
790 2234 922 2298 quod
942 2242 1046 2282 erat
1065 2250 1209 2281 causa
1224 2233 1353 2280 belli.
1391 2233 1592 2296 Regulae
1607 2250 1741 2297 ergo,

355 2312 530 2375 quibus
556 2310 855 2358 definiuntur
878 2326 1029 2357 meum
1054 2318 1102 2357 et
1128 2315 1272 2366 tuum,
1298 2318 1347 2356 et
1382 2309 1431 2356 in
1467 2309 1742 2358 actionibus

357 2388 541 2447 bonum,
567 2388 760 2446 malum,
786 2387 991 2444 licitum,
1015 2386 1260 2444 illicitum,
1287 2403 1316 2433 a
1353 2387 1526 2448 quibus
1562 2387 1743 2450 depen-

356 2465 442 2512 det
476 2480 572 2527 pax
608 2464 802 2521 civmm,
828 2463 889 2510 ab
924 2462 1135 2510 habente
1177 2469 1467 2524 potestatem
1503 2478 1743 2511 summam

355 2539 727 2603 praescribendae
752 2546 879 2587 sunt.
949 2539 1200 2586 Vocantur
1231 2546 1394 2585 autem
1429 2539 1610 2602 regulae
1646 2539 1743 2588 illae

357 2615 498 2679 leges
540 2615 727 2674 civileS,
767 2615 866 2662 sive
903 2614 1115 2663 civitatis
1152 2614 1279 2661 illius
1315 2614 1462 2678 legeS,
1505 2616 1642 2679 cujus
1673 2616 1742 2663 ci-

356 2690 495 2738 vibus
531 2690 935 2754 praescribuntur3
975 2705 1253 2752 quanquam
1290 2705 1469 2737 nomen
1499 2690 1620 2739 illud
1659 2690 1743 2739 lex

356 2765 520 2813 civilis
557 2766 880 2828 restringatur
919 2764 1063 2813 hodie
1098 2764 1159 2812 ad
1201 2764 1575 2827 significandum
1607 2766 1742 2830 leges

360 2842 601 2890 Romanas
632 2842 873 2905 antiquas,
900 2841 1014 2904 quia
1038 2840 1248 2888 civitatis
1275 2840 1524 2900 Romanae,
1541 2850 1742 2906 propter
