1968 3236
248 356 350 388 CAP.
372 355 483 389 LXII.

276 410 464 432 -f--a

269 451 313 478 De
326 455 464 488 potestate

267 494 467 523 ecclesiastica.

516 214 607 257 384
835 222 904 254 DE
932 219 1188 254 CIVITATE
1216 218 1572 252 CHRISTIANA.

515 335 747 397 majorem
772 348 870 380 non
894 332 1106 378 habuere
1131 346 1276 392 quam
1307 331 1411 393 ipse
1448 330 1690 391 Christus,
1719 346 1895 395 nempe

517 409 752 457 invitandi
775 407 993 455 homines
1018 406 1081 453 ad
1105 421 1309 468 regnum
1334 405 1442 463 Dei,
1469 405 1599 468 quod
1624 421 1723 454 non
1755 421 1892 470 prce-

516 502 643 543 sens,
682 483 766 531 sed
809 482 1027 530 futurum
1075 497 1177 528 esse
1223 480 1614 542 praedicaverunt
1647 481 1772 543 ipsi;
1808 482 1891 544 qui

514 567 675 608 autem
698 574 902 621 regnum
921 573 1020 604 non
1044 556 1227 603 habent
1243 571 1472 618 praesens,
1492 556 1624 619 leges
1646 555 1775 604 ferre
1792 572 1891 604 non

512 640 725 698 possunt.
795 633 1036 680 Praeterea
1076 631 1115 678 si
1153 629 1471 678 conciliorum
1506 639 1624 678 tunc
1658 631 1892 694 temporis

513 717 620 758 acta
643 710 844 757 fuissent
866 708 1014 771 leges,
1041 706 1367 754 obedientiam
1391 706 1485 754 illis
1522 722 1702 770 negare
1719 722 1891 770 pecca-

511 794 616 834 tum
661 785 848 832 fuisset.
917 784 1012 830 Eos
1047 791 1227 840 autem,
1270 782 1354 844 qui
1400 781 1675 830 doctrinam
1711 781 1892 830 Christi

511 861 724 923 recipere
747 859 1023 916 noluerunt,
1048 874 1105 905 eo
1130 857 1324 904 nomine
1355 858 1630 920 peccavisse
1652 873 1892 921 nusquam

510 936 729 999 legimus,
756 934 842 982 sed
870 934 963 981 hoc
987 941 1195 991 tantum,
1229 932 1279 979 in
1303 933 1517 996 peccatis
1549 933 1648 981 suis
1672 941 1892 982 mortuos

511 1012 672 1069 fuisse,
709 1010 760 1057 id
791 1017 878 1068 est,
902 1015 1104 1072 peccata
1135 1023 1304 1055 eorum
1338 1015 1511 1056 contra
1543 1008 1691 1072 leges,
1716 1009 1892 1072 quibus

513 1086 709 1134 obedire
750 1085 1038 1140 debuerunt,
1073 1083 1272 1130 remissa
1302 1099 1404 1131 non
1437 1083 1602 1142 fuisse,
1645 1083 1893 1142 nimirum,

511 1170 712 1225 peccata
735 1177 901 1209 eorum
937 1167 1110 1208 contra
1132 1159 1264 1221 leges
1286 1165 1475 1207 naturae
1500 1166 1549 1207 et
1572 1165 1744 1207 contra
1760 1158 1892 1223 leges

513 1237 674 1285 civiles
698 1253 796 1284 suae
820 1236 1054 1299 cujusque
1079 1233 1288 1282 civitatis
1312 1240 1503 1281 retenta
1526 1233 1690 1282 fuisse.
1761 1233 1892 1282 Con-

511 1319 607 1360 stat
631 1329 747 1376 ergo
772 1327 937 1369 onera,
959 1309 1135 1373 quaein
1158 1309 1325 1356 fideles
1350 1309 1637 1372 imposuisse
1662 1308 1893 1357 dicuntur

510 1388 733 1451 apostoli,
759 1403 857 1435 non
903 1386 1050 1433 fuisse
1096 1386 1245 1448 leges,
1287 1384 1373 1432 sed
1414 1385 1523 1444 illis,
1563 1385 1647 1449 qui
1684 1385 1891 1433 salutem

511 1464 853 1527 quaesiverunt,
877 1461 1149 1525 propositas
1174 1460 1491 1519 conditiones,
1518 1476 1638 1524 quas
1671 1460 1892 1524 accipere

510 1540 585 1588 vel
609 1539 807 1602 rejicere
831 1554 917 1586 suo
943 1538 1145 1601 quisque
1178 1537 1411 1600 periculo,
1439 1537 1542 1584 sine
1569 1545 1771 1600 peccato
1802 1553 1890 1585 no-

510 1631 587 1673 vo,
606 1615 780 1677 potuit,
798 1630 1074 1678 quanquam
1099 1629 1198 1660 non
1221 1613 1324 1660 sine
1348 1613 1566 1676 periculo
1585 1612 1890 1672 exclusionis,

511 1697 708 1752 propter
754 1697 955 1753 peccata
1000 1705 1167 1737 eorum
1211 1689 1476 1751 praeterita,
1512 1704 1539 1736 e
1585 1703 1735 1751 regno
1782 1687 1891 1736 Dei.

513 1764 682 1827 Itaque
721 1765 779 1813 de
818 1765 1093 1812 infidelibus
1130 1765 1247 1812 dicit
1281 1765 1490 1812 Sanctus
1516 1764 1764 1812 ,Iohannes
1799 1763 1889 1825 (iii.

512 1840 729 1900 36),non
762 1840 893 1903 quod
921 1841 993 1887 ira
1028 1840 1118 1888 Dei
1148 1840 1309 1887 veniet
1341 1855 1486 1903 super
1515 1855 1613 1897 eos,
1639 1838 1727 1887 sed
1759 1838 1888 1902 quod

510 1915 591 1963 ira
626 1916 726 1963 Dei
748 1923 909 1963 manet
940 1932 1092 1980 super
1116 1932 1198 1963 eos
1215 1934 1233 1970 ;
1268 1932 1358 1963 nec
1397 1915 1527 1975 (Joh.
1552 1914 1620 1962 iii.
1652 1914 1731 1976 18)
1758 1913 1891 1977 quod

511 1990 886 2050 damnabuntur,
912 1992 997 2039 sed
1016 1991 1147 2055 quod
1166 1993 1268 2055 jam
1293 1990 1600 2039 condemnati
1618 1996 1748 2038 Sunt.
1791 1989 1891 2037 Ne—

510 2082 603 2129 que
626 2066 831 2130 intelligi
855 2074 1016 2130 potest
1040 2067 1153 2115 fidei
1176 2067 1391 2115 fructum
1430 2082 1534 2114 esse
1562 2071 1890 2131 peccatorum

508 2141 848 2201 remissionem,
874 2143 966 2190 nisi
990 2143 1131 2190 simul
1155 2143 1455 2207 intelligatur
1474 2142 1703 2190 damnum
1729 2141 1790 2189 ab
1815 2140 1889 2188 in-

508 2216 740 2265 fidelitate
764 2234 868 2266 esse
884 2226 1204 2283 peecatorum
1227 2219 1567 2267 retentionem.

576 2292 820 2341 Quorsum
859 2301 1036 2352 autem,
1074 2301 1259 2356 quaeret
1286 2294 1414 2342 forte
1459 2293 1647 2356 aliquis,
1682 2291 1889 2355 apostoli

508 2366 684 2430 aliique
729 2368 946 2417 ecclesiae
992 2377 1211 2432 pastores
1258 2377 1611 2427 convenerunt,
1658 2366 1891 2416 determi-

508 2442 655 2489 nandi
691 2459 835 2491 causa
869 2460 978 2506 quae
1014 2444 1236 2492 doctrina
1270 2454 1375 2493 tum
1409 2444 1525 2493 fidei
1558 2451 1663 2492 tum
1697 2458 1887 2490 morum

510 2516 779 2577 doceretur,
815 2519 854 2566 si
891 2518 1087 2567 decreta
1127 2535 1293 2567 eorum
1340 2522 1599 2568 observare
1639 2525 1888 2567 teneretur

509 2607 650 2641 nemo
677 2592 692 2639 ?
786 2593 865 2641 Ad
912 2594 1043 2657 quod
1088 2596 1370 2658 responderi
1414 2604 1594 2659 potest,
1641 2592 1888 2658 apostolos

510 2668 911 2731 presbyterosque
936 2677 1198 2731 praesentes
1222 2670 1271 2717 in
1297 2671 1518 2730 concilio,
1544 2687 1602 2718 eo
1626 2670 1731 2733 ipso
1756 2667 1889 2732 quod

511 2751 772 2803 praesentes
796 2759 899 2791 esse
919 2743 1188 2804 voluerunt,
1210 2745 1483 2794 doctrinam
1502 2746 1650 2803 illam,
1666 2760 1775 2809 quae
1799 2742 1888 2791 do-

512 2816 608 2863 ceri
644 2817 1008 2879 decernebatur,
1039 2819 1213 2869 docere
1250 2822 1488 2885 obligatos
1523 2821 1686 2881 fuisse,
1718 2827 1888 2884 quate-
