1968 3236
507 248 578 282 ms:
605 248 861 283 clvi‘rA‘rE
889 247 1241 282 CHRISTIANA.
1446 233 1558 286 .277

189 365 405 423 tempore
439 359 728 423 scriptioniS‚
763 375 824 406 an
859 359 980 407 liber
1013 359 1183 423 aliquis
1227 357 1278 405 in
1323 370 1557 404 canonem
1576 378 1838 412 mann„

190 435 341 499 recipi
372 444 628 492 mereatur,
655 434 970 497 judicandum
994 443 1079 482 est.
1148 434 1299 481 Erant
1321 439 1482 479 autem
1506 430 1555 478 in
1575 475 1603 503 D
1619 434 1802 455 ”w

1604 484 1620 503 e
1633 484 1761 508 numero,
1773 483 1822 503 an-

189 510 362 559 Judaea
383 510 535 558 sancti
558 510 647 557 viri
669 510 696 557 J
702 509 842 566 udaei,
868 510 948 572 qui
973 509 1185 572 linguam
1208 508 1425 556 Graecam
1447 521 1557 570 per·
1575 519 1715 568 tiquitnfe.
1729 526 1824 567 κομι),

189 585 316 634 fecte
339 586 622 634 calluerunt.
692 585 787 632 Sed
811 586 918 632 libri
943 601 1039 632 nou
1065 601 1094 631 a
1115 583 1376 647 scriptoris,
1391 582 1476 630 sed
1498 582 1558 629 ab
1575 562 1844 642 Zffi‘ssss'ffiss

190 660 419 709 Ecclesiae
464 661 756 708 authoritate
802 660 1065 723 recipiendi
1110 668 1237 706 sunt.
1307 658 1561 706 Librorum
1576 655 1811 677 ‘mmmm‘

191 743 351 784 autem
371 751 616 783 sacrorum
635 735 918 783 authoritati
943 751 1040 782 non
1065 750 1234 797 pamm
1256 733 1408 792 addit,
1433 733 1563 796 quod

191 810 281 859 etsi
304 811 503 859 diversis
526 811 821 874 temporibus
843 827 872 857 a
890 810 1087 857 diversis
1101 809 1374 857 hominibus
1397 807 1564 871 scripti

192 886 306 945 sint,
332 886 501 934 eodem
527 895 688 934 tamen
714 885 887 948 spiritu
923 901 1089 933 omnes
1120 884 1415 947 scripserint,
1440 892 1490 931 et
1512 883 1564 931 in

195 977 348 1010 unum
367 969 417 1009 et
435 961 640 1009 eundem
659 977 857 1023 scopum
872 959 1207 1023 conspirarint,
1223 975 1395 1023 nempe
1414 959 1565 1022 expli-

194 1037 434 1085 cntionem
461 1038 584 1100 juris
608 1036 745 1099 regni
769 1036 992 1094 coelestis,
1017 1035 1067 1082 in
1090 1034 1197 1080 Deo
1224 1033 1394 1092 Patre,
1418 1033 1565 1092 Filio,

193 1120 244 1160 et
261 1111 459 1177 Spiritu
476 1111 673 1159 Sancto,
711 1111 836 1159 Nam
854 1111 974 1158 liber
980 1109 1216 1234 fficnesios
1233 1110 1566 1173 genealogiam

193 1187 359 1251 populi
401 1188 488 1235 Dei
528 1187 727 1235 deducit
767 1202 796 1233 a
828 1187 976 1234 creati
1011 1202 1070 1234 ne
1107 1203 1258 1251 usque
1289 1186 1352 1234 ad
1382 1186 1566 1234 exitum

194 1278 359 1311 eorum
385 1263 433 1310 in
458 1262 738 1326 AEgyptum.
808 1261 998 1324 Reliqui
1029 1271 1236 1323 quatuor
1268 1261 1379 1310 libri
1413 1261 1566 1308 Mosis

194 1338 439 1401 explicant
457 1338 593 1400 regni
618 1337 824 1384 coelestis
848 1336 1196 1386 institutionem
1219 1346 1269 1385 et
1292 1337 1438 1400 leges.
1486 1336 1566 1383 Li-

193 1413 271 1462 bri
292 1413 470 1467 Josuae‚
492 1412 733 1469 Judicum,
764 1411 907 1468 Ruth,
931 1420 978 1458 et
1004 1411 1252 1470 Samuelis,
1277 1411 1443 1475 populi
1476 1411 1566 1459 Dei

193 1496 331 1554 gesta
358 1495 555 1536 narrant
586 1503 734 1550 usque
768 1486 831 1534 ad
864 1502 1027 1549 regem
1064 1487 1193 1546 Saul,
1219 1504 1314 1551 quo
1349 1494 1567 1549 tempore

194 1580 398 1628 regnum
435 1563 525 1611 Dei
562 1571 854 1620 recusantes,
890 1578 1053 1625 regem
1092 1563 1457 1626 postulaverunt
1503 1560 1566 1609 ad

194 1654 378 1687 morem
400 1639 618 1702 gentium
642 1638 922 1686 vicinarum.
971 1638 1173 1702 Reliqua
1191 1638 1394 1686 historia
1416 1638 1560 1685 Vete-

194 1714 262 1762 ris
287 1714 585 1762 Testamenti
617 1713 812 1761 Davidis
841 1714 1018 1761 lineam
1048 1730 1135 1777 per
1158 1731 1295 1778 reges
1317 1713 1460 1762 Judae
1484 1713 1566 1760 de·

195 1789 378 1847 scribit,
402 1805 553 1852 usque
576 1789 638 1836 ad
661 1788 1022 1852 captivitatem;
1072 1805 1131 1837 ex
1162 1806 1258 1852 qua
1292 1789 1421 1837 linea
1451 1789 1566 1836 oriri

198 1863 365 1913 debuit
387 1866 525 1928 regni
542 1865 749 1912 coelestis
767 1865 1034 1923 restitutor,
1052 1865 1277 1913 Servator
1292 1873 1454 1913 noster
1476 1865 1567 1913 Dei

197 1939 352 1988 filius:
378 1940 513 2003 cujus
532 1939 763 1987 adventus
780 1939 829 1986 in
848 1939 981 1987 libris
998 1941 1345 2004 Prophetarum
1364 1940 1567 2004 praedic-

198 2022 279 2062 tus
301 2022 388 2063 est.
459 2015 617 2078 Hujus
641 2015 788 2062 vitam
812 2023 861 2062 et
883 2015 1014 2063 facta
1036 2017 1331 2079 scripserunt
1352 2017 1569 2079 Evange-

198 2089 336 2138 listae.
372 2090 633 2148 Postremo,
650 2091 991 2154 Apostolorum
1017 2092 1142 2139 Acta
1164 2100 1213 2139 et
1230 2091 1459 2155 Epistolae
1483 2090 1568 2138 ad-

199 2177 399 2212 ventum
428 2164 672 2213 declarant
701 2166 908 2228 Spiritus
939 2166 1121 2225 Sancti,
1145 2175 1196 2214 et
1222 2168 1282 2214 ab
1314 2183 1371 2214 eo
1407 2166 1571 2214 datam

201 2239 416 2288 ecclesiae
450 2240 791 2289 authoritatem
827 2249 876 2289 et
897 2242 1120 2305 gratiam,
1144 2251 1199 2290 ut
1226 2241 1570 2305 praedicatione

202 2329 290 2362 sua
310 2313 529 2362 homines
552 2314 614 2362 ad
637 2315 838 2363 salutem
863 2315 913 2363 in
938 2315 1129 2364 Christo
1154 2316 1429 2364 invitarent.

270 2388 487 2438 Quaestio
509 2389 652 2437 hodie
676 2390 950 2454 disputatur
983 2392 1110 2439 inter
1144 2391 1427 2439 Christianae
1461 2389 1572 2438 reli-

202 2463 359 2527 gionis
382 2474 552 2522 sectaS,
576 2465 704 2513 unde
733 2466 944 2515 habeant
977 2467 1239 2531 Scripturae
1270 2467 1430 2515 Sacrae
1464 2480 1571 2512 eam

204 2554 348 2602 qnam
371 2538 552 2586 habent
573 2539 947 2596 authoritatem;
991 2558 1100 2605 quae
1131 2541 1333 2605 quaestio
1366 2539 1572 2603 proponi

204 2613 326 2661 solet
348 2613 446 2661 sic:
470 2613 555 2676 qui
578 2614 753 2662 scimus
776 2615 1071 2681 Scripturas
1093 2632 1202 2664 esse
1219 2615 1409 2664 verbum
1427 2614 1527 2662 Dei
1542 2617 1571 2663 2

205 2687 629 2751 difficultatemque
651 2688 798 2738 habet
814 2691 1151 2739 tantummodo
1170 2707 1198 2738 a
1212 2689 1457 2754 quaereudi
1475 2705 1574 2737 mo-

206 2762 286 2811 do.
354 2762 480 2810 Nam
503 2763 633 2827 quod
656 2764 784 2813 Deus
806 2765 908 2829 ipse
933 2766 1195 2830 Scripturae
1218 2766 1379 2814 Sacrae
1400 2765 1575 2813 author

206 2837 284 2896 sit,
329 2846 599 2901 agnoscunt
632 2854 812 2898 omnes,
857 2849 906 2889 et
939 2840 1158 2889 credunt.
1227 2839 1373 2890 Quod
1411 2847 1575 2889 autem
