1910 3236
160 417 263 450 (JAP.
280 419 362 452 ΧΠ.

150 509 195 538 De
208 511 353 549 religione.

418 275 480 318 92
939 285 1009 317 DE
1038 283 1279 318 HOMINE.

418 412 696 460 quanquam
720 396 846 454 libri,
864 396 946 458 qui
971 411 1028 443 eo
1054 396 1249 443 nomine
1273 411 1404 443 nunc
1425 403 1608 454 extant,
1631 394 1800 443 viden-

415 479 497 519 tur
522 472 919 535 subsequentium
955 479 1231 534 temporum
1258 472 1546 534 figmentum
1571 487 1690 530 esse,
1709 485 1799 534 pro

413 548 655 595 vaticiniis
679 547 830 595 habiti
856 554 970 594 sunt
990 568 1001 602 ;
1038 547 1114 594 vel
1138 563 1198 594 ex
1220 547 1474 595 hominum
1497 553 1660 595 mente
1685 562 1798 609 cap-

411 631 574 671 torum
607 623 804 682 deliriis,
830 623 912 686 qui
943 622 1197 670 dicebatur
1229 623 1604 671 enthusiasmus.
1675 622 1798 669 Haec

411 698 575 746 omnia
589 699 890 746 theomantia
905 698 1002 745 dici
1019 705 1237 761 possunt.
1274 698 1478 754 Deinde,
1493 698 1660 745 futura
1671 712 1798 760 prae-

410 774 639 821 dicebant
676 790 736 821 ex
769 773 1043 837 aspectibus
1080 773 1344 832 stellarum,
1370 789 1479 837 quae
1508 772 1799 835 horoscopia

410 857 515 896 erat
535 869 547 904 3
597 848 674 895 vel
716 865 774 896 ex
822 864 909 896 suo
956 849 1188 911 cujusque
1231 855 1367 896 metu
1407 847 1484 896 vel
1524 863 1625 911 spe,
1664 847 1798 910 quod

407 924 701 988 praesagium
739 931 789 972 et
829 923 1188 972 thumomantia
1220 923 1587 987 appellabatur;
1623 922 1701 970 vel
1737 938 1798 970 ex

406 999 807 1062 praedictionibus
839 1016 1081 1063 sagarum,
1114 1015 1259 1062 quam
1296 1006 1496 1062 propter
1527 999 1645 1046 ficta
1684 1014 1797 1045 cum

406 1076 613 1123 mortuis
650 1075 887 1138 coloquia‚
912 1075 1297 1123 necromantiam
1334 1074 1593 1129 dicebant;
1629 1073 1708 1121 vel
1733 1089 1791 1121 ex

403 1151 571 1198 volatu
595 1158 680 1198 aut
693 1159 838 1214 pastu
857 1151 1033 1209 avium,
1054 1150 1187 1213 quod
1203 1157 1307 1197 erat
1324 1149 1581 1212 augurium
1599 1170 1611 1204 ;
1637 1148 1711 1196 vel
1733 1164 1793 1196 ex

405 1226 687 1274 animalium
728 1243 964 1274 caesorum
1006 1226 1144 1282 extis,
1182 1243 1291 1289 quae
1331 1224 1610 1288 aruspicina
1649 1232 1755 1272 erat
1777 1245 1789 1280 ;

405 1302 554 1349 etiam
569 1318 628 1350 ex
647 1303 862 1366 quolibet
882 1303 1088 1360 somnio,
1105 1319 1163 1349 ex
1181 1302 1499 1350 crocitatione
1520 1316 1791 1360 corvorum,

405 1392 464 1424 ex
487 1377 797 1426 lineamentis
820 1378 984 1425 vultus
1010 1385 1060 1424 et
1083 1394 1332 1436 manuum,
1354 1393 1413 1424 ex
1437 1376 1651 1439 qualibet
1673 1391 1792 1424 voce

403 1451 621 1512 fortuita,
638 1469 698 1501 ex
718 1453 935 1516 quolibet
952 1453 1147 1500 insolito
1167 1453 1435 1501 accidente.
1485 1451 1624 1499 Adeo
1646 1451 1791 1499 facile

404 1535 492 1586 est,
517 1529 654 1591 cujus
692 1528 1016 1591 ignorantiam
1054 1529 1268 1576 molliter
1298 1535 1509 1575 tractare
1547 1526 1789 1586 didiceris,

405 1619 697 1667 quocunque
720 1604 838 1652 velis
869 1603 1061 1651 ducere.

470 1679 770 1727 Fundatores
785 1696 901 1742 ergo
917 1679 1168 1727 civitatum
1184 1687 1234 1726 et
1250 1678 1553 1742 legislatores
1567 1676 1789 1740 gentium

400 1754 561 1816 primi,
581 1755 755 1817 quibus
778 1754 1012 1818 populum
1031 1754 1081 1801 in
1101 1753 1378 1802 obedientia
1397 1753 1647 1801 continere
1672 1769 1789 1801 con-

401 1829 560 1877 silium
580 1839 700 1889 erat,
721 1831 888 1878 sedulo
911 1829 1246 1893 providerunt,
1265 1830 1440 1892 primo,
1465 1836 1520 1876 ut
1542 1836 1790 1892 praecepta

399 1905 648 1968 religionis
682 1922 782 1954 non
807 1906 868 1953 ab
893 1905 1109 1968 ipsorum
1140 1905 1354 1967 ingenio,
1381 1904 1468 1952 sed
1495 1904 1557 1952 ab
1582 1904 1788 1967 alicujus

400 1980 478 2028 dei
492 1981 568 2028 vel
583 1981 818 2029 daemonis
834 1981 1095 2028 dictamine
1108 1980 1316 2043 populus
1332 1980 1552 2043 profecta
1564 1995 1666 2027 esse
1682 1995 1787 2027 cre-

400 2055 640 2113 deret,vel
660 2057 841 2120 seipsos
856 2056 1069 2103 melioris
1084 2062 1272 2103 naturae
1286 2055 1507 2103 homines
1522 2070 1624 2102 esse
1641 2071 1787 2118 quam

399 2138 616 2191 caeteros,
643 2148 700 2180 eo
732 2134 829 2179 fine
859 2139 914 2179 ut
947 2131 1078 2195 leges
1104 2146 1214 2179 suas
1238 2131 1466 2178 libentius
1490 2130 1784 2194 acciperent.

399 2207 480 2255 Sic
500 2207 663 2255 Numa
687 2207 951 2270 Pompilius
966 2206 1214 2270 religionis
1231 2207 1465 2254 Romanae
1484 2206 1784 2255 ceremonias

396 2283 624 2346 nymphae
647 2283 853 2346 Egeriae,
879 2282 1185 2330 Mahometes
1203 2282 1490 2345 religionem
1513 2297 1651 2329 suam
1675 2282 1785 2346 Spi-

396 2357 514 2405 ritui
524 2359 703 2406 Sancto
719 2357 972 2421 apparenti
988 2357 1038 2404 in
1058 2356 1215 2404 forma
1233 2357 1487 2415 columbae,
1507 2357 1781 2421 imputavit.

398 2433 478 2481 Sic
505 2433 721 2482 Peruviae
756 2449 840 2481 rex
872 2432 1057 2496 primus
1092 2448 1142 2479 se
1167 2439 1216 2479 et
1239 2448 1442 2479 uxorem
1468 2448 1605 2479 suam
1629 2448 1659 2480 a
1682 2432 1783 2480 sole

395 2509 588 2572 genitos
603 2525 707 2557 esse
720 2507 980 2572 jactitavit.
1038 2507 1278 2565 Secundo,
1298 2516 1352 2554 ut
1376 2507 1647 2566 crederent,
1673 2523 1782 2571 quae

395 2585 585 2647 legibus
609 2585 761 2632 vetita
793 2591 948 2641 erant,
974 2582 1143 2630 eadem
1179 2582 1342 2630 omnia
1365 2582 1456 2630 diis
1492 2583 1590 2630 suis
1614 2582 1782 2646 displi-

396 2660 553 2707 citura
571 2675 691 2707 esse.
740 2658 942 2716 ›Tertio,
957 2665 1012 2706 ut
1030 2657 1316 2705 ceremoniis
1340 2658 1431 2705 rite
1456 2666 1780 2721 accurateque

395 2736 605 2798 peractis
639 2735 823 2799 placari
854 2734 985 2791 deos,
1010 2733 1247 2796 neglectis
1279 2733 1459 2782 irritari
1494 2733 1776 2790 crederent;

394 2811 612 2875 adeoque
635 2811 872 2859 bellorum
898 2825 1036 2858 casus
1061 2809 1305 2867 adversos,
1324 2819 1502 2872 pestes,
1527 2817 1778 2858 terraemo-

394 2895 488 2946 tus,
505 2887 917 2950 singulariumque
941 2884 1241 2933 calamitates
1266 2885 1419 2933 cultui
1444 2885 1668 2949 neglecto
1692 2892 1777 2933 aut

1900 2794 1910 2943 ι-ημ-ι-..μηι
1907 2772 1910 2774 ,
