1968 3236
489 231 588 275 380
813 239 883 271 DE
911 234 1166 271 civrrA‘rE
1194 233 1551 268 cums'nANA.

226 374 460 407 mann,
492 350 619 415 apud
666 366 716 397 se
761 349 938 396 habere
979 346 1276 410 jubebantur
1325 346 1492 408 (Deut.
1521 344 1635 392 xvii.
1674 348 1750 402 18,
1787 342 1872 406 19)

247 430 435 451 κ-Ὑῂκ

240 470 286 498 De
299 473 438 507 potestate

492 443 630 490 reges
649 424 865 473 Israelis:
890 424 996 470 haec
1021 422 1231 485 denique
1255 429 1345 480 est,
1370 437 1478 484 quae
1502 428 1763 484 postquam
1787 418 1874 466 diu

242 513 440 542 ecclesiastiea
491 502 682 566 perdita
721 500 905 557 fuisset,
941 506 1135 561 reperta
1179 497 1378 545 tandem
1423 497 1475 544 in
1520 495 1702 560 templo
1749 501 1873 553 erat,

491 584 725 640 regnante
759 575 910 632 Josia,
936 575 1072 636 cujus
1108 573 1406 621 authoritate
1435 573 1485 634 (2
1511 572 1632 635 Reg.
1656 570 1791 618 xxiii.
1817 570 1868 632 3)

489 669 577 716 pro
601 653 706 714 lege
731 650 822 698 Dei
846 649 1006 697 denuo
1029 655 1228 711 recepta
1251 655 1340 695 est.
1412 647 1509 695 Sed
1526 654 1631 694 tum
1654 646 1820 694 Moses
1843 661 1875 694 a

490 745 585 790 quo
610 727 790 789 scripta
813 732 901 783 est,
927 732 974 772 et
998 725 1026 772 J
1031 724 1156 772 osias
1179 739 1209 770 a
1232 739 1328 786 quo
1352 729 1642 786 recuperata
1663 729 1754 778 est,
1770 738 1876 770 am-

487 804 551 851 bo
577 818 814 850 summam
836 801 1051 847 habuere
1074 805 1368 862 potestatem
1398 797 1606 845 civilem.
1690 797 1874 845 Hacte-

489 895 579 926 nus
604 894 720 940 ergo
742 878 819 940 jus
843 876 1108 939 scripturas
1133 873 1469 932 canonizandi,
1489 888 1638 936 penes
1661 888 1744 921 eos
1767 880 1875 921 erat

491 954 571 1017 qui
591 968 827 1000 summam
851 957 1143 1014 potestatem
1168 949 1358 996 civilem
1382 948 1673 995 habuerunt.

556 1029 739 1076 Praeter
757 1028 903 1085 hunc,
923 1026 1111 1073 nullum
1131 1024 1280 1072 alium
1297 1024 1511 1071 habuere
1533 1023 1712 1071 librum
1734 1021 1873 1086 legis,

489 1112 602 1152 ante
625 1103 836 1151 reditum
859 1102 1026 1165 populi
1050 1117 1076 1149 e
1101 1100 1402 1164 captivitate.
1445 1099 1702 1163 Prophetae
1726 1097 1873 1154 euim,

486 1181 654 1243 paucis
679 1178 910 1241 exceptis,
936 1178 986 1224 in
1010 1176 1292 1240 captivitate
1316 1175 1422 1238 ipsa
1443 1175 1701 1230 vixerunt3
1727 1173 1874 1222 adeo-

488 1271 582 1316 que
610 1255 780 1317 procul
815 1254 983 1301 aberat
1006 1261 1062 1300 ut
1085 1251 1356 1315 prophetiae
1380 1267 1546 1298 eorum
1571 1266 1662 1313 pro
1684 1249 1874 1313 legibus

487 1331 796 1388 haberentur,
821 1337 878 1377 ut
901 1329 1048 1376 etiam
1071 1328 1164 1391 ipsi
1186 1334 1494 1385 vexarentur,
1520 1333 1571 1374 et
1593 1325 1656 1373 ad
1691 1324 1874 1389 suppli-

490 1406 632 1464 cium,
656 1406 834 1469 partim
869 1421 898 1452 a
930 1404 1064 1451 falsis
1098 1403 1348 1466 prophetis
1382 1401 1563 1466 partim
1596 1418 1626 1449 a
1659 1400 1873 1464 regibus,

491 1488 838 1544 quaererentur.
907 1480 1069 1527 Etiam
1101 1479 1224 1526 liber
1247 1478 1390 1542 Legis
1413 1478 1511 1536 hic,
1537 1477 1622 1540 qui
1645 1484 1873 1539 receptus

490 1558 702 1621 prolege
727 1557 817 1604 Dei
842 1564 891 1604 et
915 1557 1230 1604 confirmatus
1249 1555 1410 1602 fuerat
1425 1570 1454 1601 a
1471 1552 1619 1611 Josia,
1643 1567 1743 1599 una
1760 1567 1874 1599 cum

492 1632 762 1679 divinorum
784 1648 984 1694 operum
1003 1631 1208 1678 historia
1229 1635 1350 1688 tota,
1373 1636 1594 1691 tempore
1618 1626 1873 1690 captivita-

491 1708 554 1754 tis
594 1723 703 1754 cum
751 1714 1003 1770 caperetur
1047 1705 1335 1763 Jerusalem,
1374 1703 1592 1767 perditus
1632 1708 1737 1750 erat
1758 1721 1769 1757 ;
1815 1709 1873 1750 ut

494 1790 683 1830 constat
698 1783 742 1842 (4
769 1782 907 1830 Esdr.
928 1783 1023 1830 xiv.
1049 1782 1136 1844 21)
1162 1800 1172 1828 ε
1210 1781 1319 1828 Leae
1345 1786 1430 1827 tua
1455 1795 1578 1827 arsa
1601 1784 1678 1826 est
1692 1797 1711 1834 ‚·
1735 1794 1872 1826 nemo

494 1865 583 1916 est,
610 1859 694 1921 qui
729 1858 982 1922 cognoscit
1005 1874 1162 1922 opera
1186 1873 1293 1921 quoe
1298 1855 1502 1918 fecisti,
1527 1870 1686 1918 neque
1715 1869 1873 1918 opera

494 1949 603 1996 qnoe
623 1933 858 1994 fac-turus
882 1950 949 1980 es.
1019 1934 1148 1981 Ante
1168 1932 1516 1996 captivitatem,
1535 1948 1565 1979 a
1584 1938 1804 1994 tempore
1821 1930 1872 1978 in

495 2024 590 2071 quo
606 2008 727 2056 liber
742 2009 883 2071 Legis
908 2009 1110 2057 amissus
1135 2016 1223 2068 est,
1244 2008 1397 2072 (quod
1419 2015 1612 2071 tempus
1634 2007 1686 2054 in
1710 2005 1875 2069 Scrip-

491 2083 613 2131 turis
646 2083 805 2131 Sacris
837 2100 934 2131 non
965 2084 1199 2146 signatur,
1225 2083 1311 2131 sed
1342 2082 1538 2131 videtur
1571 2081 1719 2130 fuisse
1748 2087 1874 2129 tem-

492 2175 608 2222 pore
629 2159 943 2217 Rehoboami‚
960 2160 1152 2222 quando
1174 2159 1379 2208 Shishac
1398 2174 1483 2206 rex
1515 2157 1718 2221 AEgypti
1752 2163 1874 2204 tem-

492 2234 625 2297 plum
661 2234 914 2297 spoliavit),
950 2250 1102 2297 usque
1139 2235 1203 2283 ad
1240 2243 1433 2298 tempus
1469 2233 1633 2292 Josiae,
1675 2230 1872 2296 quando

494 2317 806 2372 recuperatus
846 2315 965 2366 erat,
999 2309 1183 2357 nullum
1219 2310 1432 2358 habuere
1465 2307 1626 2357 Judaei
1669 2307 1873 2356 verbum

492 2384 583 2431 Dei
621 2384 871 2447 scriptum,
897 2383 980 2431 sed
1009 2400 1094 2431 suo
1127 2385 1330 2433 arbitrio
1364 2389 1692 2448 regnaverimt
1713 2397 1870 2446 reges,

492 2460 567 2507 vel
592 2459 792 2507 consilio
817 2474 984 2506 eorum
1009 2475 1129 2520 quos
1153 2460 1365 2507 habuere
1389 2475 1478 2523 pro
1501 2457 1770 2523 prophetis.

561 2534 814 2597 Scriptura
840 2549 957 2596 ergo
988 2533 1179 2582 Veteris
1201 2535 1517 2593 Testamenti,
1543 2549 1689 2597 quam
1722 2533 1872 2582 habe-

494 2626 598 2657 mus
616 2609 777 2668 hodie,
802 2608 1035 2656 canonica
1047 2610 1075 2656 J
1080 2609 1230 2658 udaeis
1249 2627 1347 2658 non
1366 2619 1487 2669 erat,
1501 2625 1660 2674 neque
1676 2609 1772 2668 lex,
1787 2624 1873 2656 an-

493 2694 686 2747 tequam
724 2692 1039 2732 renovassent
1075 2693 1271 2747 pactum
1297 2686 1386 2733 sub
1415 2685 1584 2744 Esdra,
1612 2692 1872 2749 postquam

494 2777 523 2807 a
554 2759 837 2823 captivitate
868 2758 1125 2806 rediissent
1158 2759 1207 2807 in
1234 2760 1486 2816 Judaeam;
1523 2761 1583 2809 ab
1616 2775 1674 2808 eo
1705 2766 1871 2808 autem

494 2843 727 2898 tempore,
763 2850 851 2898 pro
887 2833 992 2897 lege
1026 2833 1306 2883 Judaeorum
1341 2851 1532 2899 semper
1563 2835 1732 2884 habita
1765 2841 1871 2891 est;
