1968 3236
148 401 292 433 XXXVI
300 402 332 434 ll
340 425 348 435 .

153 457 339 478 *qd

114 502 158 529 De
169 502 378 536 significatione

115 555 202 582 quam
223 545 330 573 habent
347 547 376 573 in

116 589 272 625 scripturis
283 589 379 616 Sacris·

117 632 267 666 vocabula,
278 636 332 660 etc.

398 261 495 303 328
719 270 788 302 DE
817 267 1071 303 clviTATE
1100 267 1457 302 CHRISTIANA.

394 380 678 444 perditionis
702 380 1057 443 appellativum.
1075 379 1236 427 Etiam
1251 379 1420 443 (Apoc.
1436 397 1514 428 xx.
1537 379 1641 441 14):
1662 377 1788 443 Ipse

397 457 621 515 infernus
662 462 710 502 et
750 471 879 501 mors
926 454 1065 500 missi
1106 461 1218 501 sunt
1259 456 1310 502 in
1357 461 1588 519 stagnum
1636 453 1784 517 ipsis,

402 532 521 579 Hoee
545 537 620 578 est
645 547 774 576 mors
798 529 1030 576 secunda.
1103 529 1239 577 Adeo
1271 537 1327 577 ut
1351 531 1557 578 sensisse
1590 529 1787 577 videtur

395 606 703 668 Evangelista
726 605 898 667 impios
923 620 1092 651 omnes
1111 604 1297 668 judicio
1317 605 1489 653 ultimo
1509 605 1785 663 damnatos,

397 690 445 729 et
469 682 518 728 in
543 681 650 727 lacu
674 680 798 742 ignis
824 679 983 727 denuo
1009 680 1269 727 morituros
1293 695 1414 739 esse,
1439 688 1488 728 et
1522 687 1785 744 propterea

395 762 593 803 mortem
616 755 742 802 hano
766 754 1028 802 secundam
1054 755 1382 818 appellavisse.

464 832 667 889 Quarto,
692 847 720 877 a
742 831 888 894 plaga
910 831 1216 894 AEgyptiaea,
1243 830 1570 890 tenebrarum,
1591 830 1653 878 de
1676 831 1785 894 qui-

395 909 483 955 bus
501 907 713 954 tenebris
732 907 912 954 dicitur
936 907 1110 967 (Exod.
1128 923 1172 954 x.
1198 907 1283 968 23)
1309 925 1320 953 :
1347 905 1502 953 Nemo
1522 906 1649 954 vidit
1653 906 1785 969 fra-

397 991 520 1031 trem
543 1000 679 1030 Suum
718 982 876 1029 tribus
911 982 1098 1039 diebus,
1123 999 1212 1030 nec
1241 981 1386 1029 movit
1413 998 1468 1028 se
1499 981 1561 1029 de
1589 981 1697 1029 loeo
1732 981 1784 1029 in

395 1076 492 1123 quo
513 1065 653 1112 erat;
678 1057 949 1122 ubicunque
974 1065 1136 1105 autem
1154 1056 1573 1119 habitabantfilii
1597 1056 1784 1116 Israel,

397 1134 482 1181 lua:
503 1141 615 1181 erat
635 1152 654 1188 ;
691 1134 824 1181 locus
848 1134 1166 1197 reproborum
1191 1149 1220 1180 a
1241 1132 1424 1180 Judaeis
1449 1131 1786 1196 appellabatur

397 1210 612 1257 tenebra>
637 1210 930 1268 exteriores,
956 1211 1110 1263 σκότος
1133 1209 1347 1270 ἑξωτερόν.

464 1286 731 1343 Postremo,
758 1285 989 1347 quoniam
1012 1286 1147 1333 locus
1171 1283 1364 1347 quidam
1393 1290 1498 1331 erat
1527 1298 1680 1346 prope
1701 1282 1786 1330 Je-

396 1360 620 1418 rusalem,
641 1360 722 1422 qui
747 1361 1083 1423 appellabatur
1125 1359 1284 1406 Vallis
1309 1358 1540 1421 filiorum
1563 1358 1784 1416 Hinnon,

397 1437 447 1482 in
471 1437 606 1498 cujus
628 1444 781 1499 parte,
807 1436 940 1484 dicta
961 1436 1169 1499 Tophet,
1189 1435 1580 1482 sacrificaverant
1612 1433 1787 1481 Israel-

399 1511 479 1559 itae
519 1511 649 1558 idolo
687 1512 920 1566 Moloch3
957 1511 1041 1559 ubi
1080 1511 1228 1558 etiam
1259 1510 1391 1557 Deus
1421 1509 1586 1557 hostes
1617 1525 1786 1557 eorum

398 1587 688 1649 perdiderat,
713 1594 762 1635 et
807 1588 891 1634 ubi
924 1587 1081 1635 Josias
1111 1585 1388 1634 sacerdotes
1420 1585 1619 1632 Moloch
1642 1600 1789 1648 super

399 1663 613 1725 ipsorum
659 1663 830 1710 altaria
876 1664 1208 1711 combusserat
1257 1665 1334 1723 (ut
1374 1661 1554 1724 legitur
1593 1667 1622 1708 2
1662 1661 1785 1724 Reg.

400 1738 554 1798 xxiii.)
580 1756 590 1784 ι
627 1739 761 1785 locus
797 1739 877 1786 ille
915 1755 945 1786 a
973 1738 1158 1786 Judaeis
1181 1753 1271 1801 pro
1293 1737 1402 1784 loco
1426 1735 1511 1783 ubi
1534 1735 1786 1783 cruciandi

400 1820 537 1860 erant
562 1814 650 1860 Dei
674 1814 853 1873 hosteS‚
871 1815 1142 1878 appellatus
1166 1821 1239 1861 est
1263 1812 1498 1859 Gelzenna
1517 1830 1535 1866 ;
1573 1819 1623 1859 et
1639 1827 1786 1875 prop-

399 1897 475 1936 ter
498 1889 635 1951 ignes
671 1889 767 1936 illic
794 1898 1029 1953 perpetuo
1058 1890 1299 1948 ardentes,
1328 1887 1558 1935 nimirum
1580 1886 1786 1935 tollendi

400 1980 545 2011 causa
567 1964 771 2011 fetorem
795 1974 1086 2029 perpetuum
1120 1981 1283 2013 rerum
1318 1963 1625 2027 putridamm
1658 1962 1787 2011 istuc

398 2040 738 2101 projectarum,
766 2041 899 2105 igni-s·
914 2049 1208 2107 perpetuus.

469 2114 712 2162 Quoniam
750 2124 912 2164 autem
936 2134 1079 2165 nemo
1102 2116 1248 2165 hodie
1273 2122 1346 2163 est
1369 2115 1452 2178 qui
1475 2114 1544 2162 ita
1568 2113 1788 2177 Scriptu-

400 2205 477 2236 ras
516 2190 877 2254 interpretatur,
904 2193 1041 2255 quasi
1078 2191 1273 2256 reprobi
1311 2191 1360 2238 in
1401 2199 1639 2238 aeternum
1677 2205 1788 2237 cru-

402 2265 559 2312 ciandi
586 2275 747 2314 essent
766 2267 816 2314 in
834 2268 970 2316 Valle
991 2269 1216 2323 Hinnon;
1242 2275 1327 2315 aut
1345 2266 1483 2330 quasi
1507 2266 1596 2313 sub
1619 2281 1786 2329 aquas,

401 2348 486 2387 aut
509 2340 557 2387 in
572 2342 775 2389 Tartaro
801 2342 1119 2398 detrudendi;
1145 2350 1229 2391 aut
1249 2342 1384 2406 quasi
1408 2340 1589 2389 moturi
1613 2356 1664 2388 se
1687 2356 1786 2388 non

401 2425 562 2462 essent
594 2432 693 2478 prae
730 2418 975 2472 tenebris;
1001 2419 1235 2481 sequitur,
1255 2425 1312 2464 ut
1334 2425 1469 2480 puto,
1494 2415 1785 2474 necessario,

402 2506 510 2551 quae
552 2491 781 2539 dicuntur
819 2493 869 2539 in
906 2493 1169 2556 Scripturis
1206 2493 1266 2541 de
1300 2493 1408 2541 loco
1449 2492 1786 2555 reproborum,

402 2563 532 2612 dicta
554 2581 656 2612 esse
681 2567 1012 2630 metaphorice
1030 2589 1042 2622 ;
1079 2584 1135 2615 ac
1155 2567 1377 2630 proinde,
1397 2582 1593 2615 sensum
1613 2566 1797 2615 verbo-

401 2654 509 2686 rum
543 2640 673 2687 circa
695 2641 855 2688 locum
879 2642 1013 2689 illum
1039 2651 1089 2690 et
1127 2642 1370 2691 eruciatus
1407 2642 1516 2691 illos
1547 2641 1788 2707 proprio·

402 2729 502 2759 rem
528 2715 842 2776 quaerendum
871 2732 990 2764 esse.

471 2789 615 2836 Quod
650 2791 825 2838 attinet
860 2791 922 2838 ad
957 2800 1182 2850 tortores,
1220 2800 1444 2840 naturam
1480 2799 1529 2840 et
1569 2791 1789 2856 proprie-

406 2870 530 2910 tates
550 2876 717 2911 eorum
737 2866 931 2929 proprie
950 2866 1154 2915 traditas
1179 2867 1413 2915 habemus
1436 2867 1486 2916 in
1509 2866 1791 2916 nominibus
