1910 3236
0 44 28 296 ἶ
680 238 749 271 ne
777 236 1018 270 nomme,
1447 223 1538 274 107

154 434 299 474 esset.
351 426 409 473 In
433 427 678 490 emptione
696 443 814 489 ergo
834 435 883 474 et
901 425 1181 473 venditione
1204 424 1408 487 aliisque
1423 438 1540 470 con-
1559 422 1808 497 Dem-

19 565 22 573 ’
154 501 406 559 tractibus,
430 502 686 565 promissio
710 510 902 549 tantum
920 502 1050 549 valet
1065 509 1301 564 quantum
1327 506 1540 563 pactum.
1559 504 1810 576 3:231?ti

0 574 22 616 ³²
223 576 323 626 Qui
363 577 413 625 in
454 586 710 625 contractu
747 578 881 641 prior
922 585 1140 641 praestat,
1177 575 1542 640 praestationem
1560 570 1766 620 ωῃιηωὶω

155 651 354 700 alterius
376 653 493 701 facit
518 653 747 701 debitam.
809 654 889 700 Sic
914 654 963 700 in
988 652 1268 710 certamine,
1293 650 1370 698 vel
1394 666 1544 714 quan-

156 726 222 776 do
243 729 570 792 projiciuntur
611 730 797 776 nummi
821 729 1120 792 praeripienti
1153 726 1383 783 habendi,
1419 741 1544 789 prae-

154 803 307 852 mium
340 804 461 852 illud
497 805 671 853 victori
701 806 778 852 vel
811 804 1110 868 praeripienti
1147 804 1256 866 jure
1292 801 1545 866 proprium

156 886 246 927 est.
318 879 446 927 Nam
471 881 521 927 in
557 881 661 943 ipsa
693 880 973 927 certaminis
998 879 1266 927 indictione
1284 879 1365 942 Jus
1388 884 1546 924 trans-

155 953 329 1002 fertur.

224 1029 423 1085 Verum,
448 1030 488 1077 si
509 1039 793 1079 contractus
816 1032 919 1088 fiat,
939 1046 1036 1092 quo
1061 1038 1234 1077 neuter
1258 1028 1547 1076 contrahen-

155 1105 281 1153 tium
299 1105 465 1153 statim
484 1115 716 1168 praestare
732 1106 994 1169 obligatur,
1015 1104 1100 1152 sed
1124 1104 1187 1151 ad
1205 1104 1334 1151 diem
1358 1110 1544 1150 certum

156 1180 393 1239 futurum,
417 1188 615 1244 pactum
653 1181 773 1229 illud
796 1182 846 1228 in
882 1195 1017 1227 mera
1039 1179 1318 1227 conditione
1341 1187 1546 1235 naturae,

157 1256 209 1304 id
232 1264 307 1304 est
342 1256 394 1303 in
430 1256 574 1314 bello,
612 1257 652 1303 si
688 1271 991 1319 quaecunque
1016 1254 1311 1302 interveniat
1335 1254 1546 1316 suspicio

158 1331 220 1380 de
242 1332 536 1396 praestand0‚
562 1332 827 1380 invalidum
851 1339 926 1379 est
947 1350 958 1378 z
995 1331 1046 1378 in
1069 1330 1267 1378 civitate
1291 1345 1389 1377 non
1413 1330 1544 1377 item.

159 1407 288 1455 Nam
313 1407 396 1470 qui
420 1407 554 1470 prior
590 1416 806 1470 praestat,
830 1407 882 1454 in
905 1422 1022 1454 casu
1044 1405 1207 1469 priore
1231 1405 1451 1452 incertus
1470 1413 1547 1453 est

0 299 30 572 ὑ
154 350 302 415 cepit.
371 351 566 415 Alioqui
603 351 659 408 is,
698 351 781 414 qui
818 350 1056 414 promisit,
1091 347 1398 412 praestiturus
1437 362 1539 394 non
1583 367 1689 400 eff,
1709 366 1807 399 xw,

157 1498 221 1531 an
242 1483 551 1547 praestiturus
575 1483 639 1531 sit
661 1483 784 1531 alter
802 1504 814 1538 ;
850 1483 901 1530 in
925 1482 1121 1530 civitate
1136 1489 1300 1529 certus
1318 1488 1407 1538 est,
1433 1481 1548 1544 quia

157 1566 232 1606 est
254 1558 338 1621 qui
362 1567 522 1622 cogat.
559 1559 729 1622 Itaque
748 1559 840 1606 nisi
857 1558 1081 1622 potentia
1094 1557 1366 1605 communis
1384 1557 1548 1621 aliqua

156 1633 221 1682 sit
259 1635 498 1692 coerciva,
536 1635 577 1682 is
614 1635 697 1698 qui
733 1635 868 1698 prior
911 1642 1115 1698 praestat
1159 1633 1370 1696 seipsum
1415 1633 1545 1681 hosti

155 1708 338 1773 prodit,
361 1718 542 1773 praeter
559 1711 639 1773 jus
662 1710 885 1758 naturale
909 1726 960 1757 se
985 1718 1035 1757 et
1057 1725 1145 1757 sua
1168 1708 1477 1756 defendendi.

223 1785 523 1848 Suspicionis
559 1793 740 1844 autem,
770 1802 878 1849 quae
910 1793 1108 1848 pactum
1131 1784 1398 1832 invalidum
1433 1785 1544 1832 red-

156 1860 272 1909 dere
294 1861 464 1924 possit,
490 1877 638 1909 causa
660 1861 807 1910 debet
841 1877 946 1909 esse
977 1861 1160 1924 aliquid
1183 1861 1315 1924 quod
1344 1868 1544 1924 pactum

155 1936 392 2000 sequitur,
418 1937 707 2000 signumque
732 1937 796 1985 sit
826 1936 1091 1984 voluntatis
1124 1952 1225 1984 non
1247 1936 1542 2000 praestandi;

157 2010 339 2075 alioqui
377 2020 575 2075 paetum
614 2012 808 2060 irritum
841 2011 1003 2059 facere
1027 2028 1126 2059 non
1147 2019 1326 2075 potest.
1398 2011 1545 2060 Quod

157 2087 291 2136 enim
313 2087 549 2151 impedire
564 2104 663 2136 non
682 2089 842 2151 potuit
861 2089 979 2151 quin
997 2087 1293 2151 promiseris,
1308 2087 1544 2150 impedire

157 2178 258 2211 non
280 2162 425 2211 debet
448 2163 566 2226 quin
589 2163 878 2227 promissum
896 2170 1113 2226 praestes.

226 2238 326 2288 Qui
344 2239 426 2302 jus
453 2239 652 2303 aliquod
674 2239 921 2297 transfert,
946 2239 1094 2287 etiam
1116 2254 1258 2287 usum
1281 2238 1367 2295 rei,
1393 2253 1546 2300 quan-

157 2322 264 2363 tum
285 2314 336 2362 in
360 2330 413 2363 se
436 2324 526 2373 est,
550 2331 650 2363 una
672 2315 920 2363 transfert.
965 2315 1035 2363 Ut
1058 2315 1142 2378 qui
1165 2330 1338 2378 agrum
1360 2312 1544 2371 vendit,

161 2389 365 2439 herbam
389 2398 440 2439 et
463 2391 788 2455 quodcunque
811 2407 930 2455 agro
969 2391 1242 2438 innascitur
1266 2389 1341 2436 vel
1373 2387 1546 2436 inaedi-

158 2466 334 2514 fleatur
369 2466 513 2515 simul
551 2467 750 2522 vendit;
786 2474 837 2514 et
873 2466 957 2530 qui
991 2466 1326 2514 molendinum
1362 2464 1544 2522 vendit,

158 2556 352 2605 aquam,
376 2557 474 2605 qua
495 2542 744 2605 agebatur,
768 2550 990 2590 avertere
1019 2558 1119 2589 11011
1144 2541 1305 2589 debet.
1375 2540 1438 2587 Et
1461 2539 1546 2602 qui

159 2615 361 2679 regendi
384 2632 622 2664 summam
655 2625 949 2681 potestatem
967 2617 1111 2665 alicui
1131 2615 1446 2672 transferunt,
1471 2614 1546 2662 in-

161 2690 448 2755 telliguntur
469 2691 618 2740 iidem
647 2693 729 2756 jus
753 2691 942 2740 dedisse
966 2691 1193 2755 exigendi
1214 2690 1446 2753 pecunias
1480 2689 1545 2738 ad

161 2766 339 2815 milites
361 2766 576 2825 alendOS,
590 2774 641 2816 et
663 2767 861 2816 creandi
885 2768 1201 2831 magistratus
1223 2773 1275 2813 et
1297 2765 1545 2813 ministros

161 2841 399 2905 publicos·
