1910 3236
342 245 406 288 28
867 252 937 284 DE
966 250 1211 284 HOM1NE.

95 391 198 423 fflp,
217 392 280 424 1v‚
342 366 448 414 fieri
473 365 632 413 solent
655 364 876 412 homines
900 361 1159 424 insigniter
1178 362 1439 425 sapientes,
1455 377 1631 425 neque,
1646 361 1739 409 nisi

95 447 286 515 m
344 442 424 490 cui
446 441 572 489 forte
597 441 766 488 morbo
784 438 862 486 vel
885 454 1039 501 prava
1062 438 1415 486 constitutione
1440 453 1738 501 organorum

287 509 291 514 ’
342 518 533 565 animus
556 517 699 565 laesus
724 516 803 574 sit,
828 514 1086 577 insigniter
1110 514 1266 562 stulti.
1335 514 1587 562 Vocabula
1608 514 1739 561 enim

343 593 634 656 sapientium
659 591 856 655 quidem
881 590 1058 638 calculi
1082 598 1198 639 sunt
1217 590 1392 654 quibus
1417 597 1736 654 computant;

343 669 603 717 stultorum
635 675 800 714 autem
822 665 1029 724 nummi,
1055 666 1282 714 aestimati
1306 666 1626 729 impressione
1649 665 1739 713 ali-

343 746 481 808 cujus
499 744 694 791 nomine
713 742 909 802 celebri,
927 749 987 790 ut
1000 742 1286 791 Aristotelis
1298 742 1375 790 vel
1396 741 1646 790 Ciceronis
1660 741 1739 789 vel

341 820 617 884 Aquinatis,
642 819 824 867 aliusve
851 818 1067 866 doctoris
1092 820 1427 882 cujuscunque
1448 818 1669 866 humani.

406 896 509 943 Res
532 894 785 943 nominata
810 901 900 953 est,
927 910 1232 958 quaecunque
1258 894 1467 958 cogitari
1484 895 1562 942 vel
1584 894 1636 942 in
1660 910 1739 942 ra-

340 971 656 1020 tiocinatione
691 969 993 1018 considerari
1026 977 1208 1033 potest,
1234 969 1335 1018 sive
1359 969 1502 1018 alteri
1524 969 1640 1018 addi
1674 970 1738 1020 ad

341 1047 696 1096 conficiendam
714 1062 969 1105 summam,
986 1046 1064 1094 vel
1082 1046 1225 1094 alteri
1243 1045 1504 1094 substrahi.
1575 1046 1739 1094 Latini

340 1123 563 1171 rationes
607 1129 788 1170 vocant
833 1121 1022 1170 libellos
1067 1121 1291 1186 pecuniae
1331 1129 1645 1185 computatae,
1688 1130 1738 1170 et

340 1200 756 1264 computationem
786 1200 943 1264 ipsam
965 1200 1416 1259 ratiocinationem,
1442 1207 1490 1248 et
1513 1199 1581 1258 id,
1606 1199 1739 1264 quod

339 1293 429 1325 nos
444 1277 495 1324 in
513 1276 785 1324 rationibus
801 1276 1103 1340 appellamus
1120 1276 1252 1334 item,
1267 1275 1338 1324 illi
1355 1292 1526 1324 nomen
1541 1284 1736 1324 vocant.

339 1353 503 1416 Atque
545 1351 660 1399 inde
694 1368 789 1399 vox
824 1352 961 1399 ratio
998 1359 1202 1399 extensa
1236 1359 1311 1399 est
1345 1351 1409 1399 ad
1447 1351 1738 1400 facultatem

340 1427 657 1491 computandi
689 1427 740 1474 in
774 1427 919 1475 rebus
955 1426 1162 1474 caeteris.
1233 1426 1417 1475 Graecis
1446 1427 1738 1475 vocabulum

338 1520 492 1550 unum
528 1503 666 1567 λόγος
701 1502 947 1566 significat
989 1510 1039 1549 et
1075 1517 1353 1550 sermonem
1388 1509 1438 1550 et
1472 1502 1737 1558 rationem3

339 1595 438 1627 non
463 1594 537 1636 eo,
559 1578 691 1641 quod
713 1584 946 1642 putarent
968 1578 1159 1625 nullum
1183 1593 1290 1626 esse
1321 1594 1597 1626 sermonem
1630 1578 1736 1626 sine

336 1655 542 1713 ratione,
563 1654 650 1702 sed
668 1654 853 1702 nullam
867 1653 1109 1702 rationem
1127 1653 1231 1701 sine
1256 1669 1498 1702 sermone.
1551 1653 1735 1702 Actum

337 1738 502 1778 autem
524 1729 850 1778 ratiocinandi
874 1730 1106 1778 dixerunt
1129 1729 1481 1796 syllogismum,
1507 1745 1617 1793 quae
1643 1746 1735 1778 vox

337 1806 582 1870 significat
605 1805 970 1869 consequentiae
990 1804 1109 1853 dicti
1131 1805 1276 1852 unius
1292 1805 1359 1858 *ad
1382 1805 1592 1854 alterum
1616 1822 1734 1854 con-

330 1882 649 1946 junctionem.
721 1882 818 1930 Sed
854 1881 968 1946 quia
1004 1880 1189 1929 eaedem
1223 1897 1301 1930 res
1336 1882 1388 1929 in
1419 1882 1637 1930 rationes
1660 1882 1734 1930 in-

336 1957 560 2006 feruntur
582 1966 784 2022 propter
802 1958 996 2006 diversa
1012 1957 1303 2017 accidentia,
1323 1974 1494 2006 earum
1515 1958 1734 2018 nomina,

337 2034 401 2081 ad
436 2033 769 2082 diversitatem
804 2034 938 2082 illam
978 2033 1368 2098 significandam,
1405 2033 1734 2083 diversimodo

336 2110 514 2158 variari
538 2116 587 2157 et
610 2110 831 2173 torqueri
855 2110 1030 2158 solent.

403 2185 672 2233 Diversitas
717 2194 884 2234 autem
924 2186 1179 2234 nominum
1214 2185 1279 2234 ad
1314 2192 1526 2250 quatuor
1571 2186 1735 2250 capita

336 2260 584 2324 generalia
606 2260 776 2309 reduci
798 2268 979 2325 potest.

404 2336 581 2395 Primo,
605 2353 684 2385 res
717 2338 881 2401 aliqua
915 2338 967 2386 in
1002 2338 1217 2386 rationes
1251 2336 1445 2400 ingredi
1478 2343 1642 2401 potest
1676 2346 1734 2385 ut

337 2412 542 2460 materia
560 2412 660 2460 sive
685 2429 878 2476 corpus,
898 2415 987 2462 sub
1005 2413 1204 2462 nomine
1221 2412 1445 2472 viventis,
1461 2413 1731 2473 sensibilis,

335 2487 624 2546 rationalis,
649 2487 824 2546 calidi,
840 2489 1067 2555 frigidi,
1093 2489 1227 2548 moti,
1252 2488 1584 2553 quiescenti&
1620 2505 1732 2553 quae

336 2562 538 2610 nomina
561 2563 840 2627 significant
863 2565 1120 2613 materiam
1144 2565 1244 2613 sive
1269 2580 1462 2628 corpus.

405 2637 647 2694 Secundo,
684 2654 761 2686 res
796 2640 961 2703 aliqua
997 2641 1183 2689 intrare
1226 2640 1277 2688 in
1313 2640 1529 2688 rationes
1570 2647 1734 2704 potest

336 2720 534 2775 propter
548 2713 774 2762 accidens
789 2715 866 2763 vel
891 2716 1194 2778 qualitatem,
1211 2731 1357 2779 quam
1381 2715 1452 2763 illi
1476 2716 1548 2764 rei
1572 2716 1732 2764 inesse

338 2788 629 2850 cogitamus;
654 2796 710 2837 ut
728 2790 843 2853 quia
859 2798 1094 2850 movetur,
1113 2792 1192 2841 vel
1215 2792 1546 2856 quanti-tatem
1565 2792 1730 2851 habet,

338 2862 415 2909 vel
452 2863 566 2926 quia
601 2864 748 2924 calet,
787 2874 881 2914 etc.
951 2867 1077 2915 Tum
1112 2883 1229 2916 vero
1264 2884 1443 2916 nomen
1479 2867 1629 2932 ipsius
1660 2869 1731 2916 rei
