1968 3236
400 222 494 265 526
719 232 1004 265 APPENDIX
1032 231 1103 263 AD
1132 231 1469 265 ιΕνῑΑΤΗΑΝ.

178 364 279 396 cAp,
303 365 332 397 ι,
399 342 760 391 consideremus
783 343 931 390 verba
945 341 1265 400 Ecclesiastis,
1282 359 1390 406 quae
1414 351 1528 391 sunt
1552 344 1604 391 in
1623 344 1782 407 capite

149 416 343 496 m
397 418 559 477 tertio,
585 434 753 465 versus
788 419 949 464 finem.
1022 417 1077 464 In
1113 417 1282 464 Bibliis
1308 418 1598 481 Polyglossis
1621 420 1781 468 versio

150 502 271 533 niceno.
397 493 722 541 interlinearis
742 502 828 551 est,
849 492 978 539 Dixi
1002 508 1096 556 ego
1123 492 1172 539 in
1198 493 1348 540 corde
1371 509 1472 540 meo
1497 509 1649 557 super
1672 511 1782 542 ver-

400 569 506 616 bum
526 568 756 631 filiorum
780 568 945 615 Adam
971 567 1075 626 (acl
1102 567 1409 632 purgandos
1444 583 1527 615 eos
1550 569 1706 628 Deua,
1732 577 1783 618 et

399 645 472 692 ad
511 643 771 691 videndum
816 642 951 707 quod
992 642 1093 707 ipsi
1126 642 1316 690 animal
1353 643 1456 707 ipsi
1496 643 1623 704 sihi)
1661 645 1782 708 quia

399 726 596 766 eventus
624 718 853 781 filiorum
892 718 1073 777 Adam,
1107 725 1157 765 et
1203 725 1401 766 eventu-s*
1447 718 1695 778 animali-5⁸,
1732 727 1783 768 et

399 801 595 841 eventu-s·
619 810 740 841 unus
760 794 848 842 eis,
889 793 1030 841 Sicut
1053 793 1179 841 mori
1204 793 1355 853 istud,
1379 794 1454 841 sie
1478 794 1603 842 mori
1626 794 1780 844 illum.

397 870 471 917 Et
494 870 706 934 spiritus
738 886 859 917 unus
892 868 1123 917 omnibus,
1193 869 1267 916 Et
1290 869 1598 933 proestantia
1631 870 1783 918 homi-

395 945 472 992 nis
487 961 605 1010 proe
629 945 838 993 animali
861 945 1015 1004 nulla,
1035 945 1154 1010 quia
1179 945 1340 993 omnia
1363 945 1577 993 vanitas.
1631 945 1782 994 Omne

395 1022 579 1069 vadens
603 1022 676 1069 ad
697 1021 850 1069 locum
875 1038 1033 1069 unum.
1109 1020 1259 1068 Omne
1275 1021 1394 1084 fuit
1418 1038 1479 1068 ex
1494 1020 1709 1085 pulvere
1730 1027 1782 1069 et

395 1113 531 1144 omne
553 1104 807 1145 revertens
836 1098 909 1145 ad
935 1096 1208 1161 pulverem.
1283 1097 1406 1153 Quis
1429 1097 1591 1144 Sciens
1626 1097 1782 1162 spiri-

396 1178 474 1218 tus
499 1171 728 1234 filiorum
767 1172 1005 1220 hominum
1043 1172 1317 1220 ascenden-s*
1351 1172 1461 1236 ipse
1492 1189 1701 1232 sursum,
1731 1179 1782 1221 et

394 1247 609 1311 spiritus
637 1249 852 1311 jumenti
876 1248 1179 1296 descendens
1204 1247 1314 1312 ipse
1348 1247 1521 1295 subtus
1541 1254 1731 1295 terram
1749 1251 1778 1296 ,9

398 1323 494 1370 Ubi
517 1339 622 1386 pro,
649 1324 722 1371 acl
742 1323 1046 1388 purgandos
1070 1339 1169 1382 eoa,
1195 1323 1351 1370 versio
1375 1323 1687 1386 septuaginta
1708 1324 1780 1372 vi-

395 1415 560 1446 rorum
595 1400 742 1448 habet
778 1398 989 1464 ὃιακρινεὶ,
1028 1406 1078 1446 et
1113 1415 1203 1462 pro
1241 1415 1396 1464 super
1434 1398 1647 1458 verbum,
1686 1421 1780 1464 περι

395 1476 566 1528 λαλιας.
638 1475 816 1523 Sensus
851 1491 968 1537 ergo
992 1475 1253 1522 verborum
1285 1483 1375 1533 est,
1401 1474 1549 1522 “dixi
1585 1491 1677 1538 ego
1718 1475 1779 1523 de

394 1566 452 1597 eo
476 1550 604 1613 quod
630 1551 850 1599 homines
885 1550 1067 1608 dicant,
1093 1550 1251 1598 Deum
1282 1550 1527 1598 facturum
1553 1550 1780 1598 differen-

394 1626 511 1673 tiam
543 1625 846 1674 essentialem
882 1626 1011 1673 inter
1033 1625 1184 1672 vitam
1220 1625 1429 1673 hominis
1466 1634 1515 1673 et
1549 1625 1684 1673 bruti
1707 1627 1778 1675 vi-

393 1708 509 1760 tam,
535 1718 646 1749 cum
670 1710 868 1750 eventus
891 1701 1100 1749 hominis
1124 1709 1174 1748 et
1197 1701 1328 1748 bruti
1351 1701 1480 1748 idem
1515 1701 1592 1758 sit,
1620 1717 1778 1765 neque

394 1777 538 1824 homo
569 1794 655 1841 per
679 1779 939 1826 essentiam
963 1793 1101 1825 suam
1123 1777 1269 1824 bruto
1293 1783 1507 1839 praestet,
1533 1778 1778 1839 quomodo

392 1854 677 1915 probabitur
706 1854 918 1902 animam
951 1853 1163 1902 hominis
1197 1868 1524 1911 ascensuram,
1554 1860 1640 1900 aut
1673 1853 1778 1901 ani-

393 1945 522 1976 mam
557 1929 691 1978 bruti
728 1930 1071 1978 descensuram
1101 1928 1250 1976 esse.''
1322 1927 1419 1975 Sed
1454 1928 1585 1975 idem
1608 1929 1777 1976 Eccle-

393 2004 562 2052 siastes
591 2006 830 2068 judicium
866 2006 963 2054 diei
997 2004 1158 2052 ultimi
1194 2004 1245 2051 in
1280 2003 1451 2052 eodem
1485 2004 1610 2052 libro
1647 2020 1776 2069 saepe

392 2082 575 2129 asserit.
660 2082 899 2145 Magnum
949 2082 1044 2129 hoc
1096 2088 1440 2144 argumentum
1486 2088 1559 2128 est
1603 2089 1778 2129 contra

392 2171 679 2205 consensum
714 2158 866 2214 illum,
905 2173 1049 2220 quem
1090 2155 1211 2204 dicis
1253 2155 1471 2203 omnium
1506 2155 1774 2204 hominum.

392 2230 648 2290 Praeterea,
673 2248 734 2279 ne
772 2232 1047 2280 obstinatus
1079 2231 1169 2278 tibi
1192 2230 1373 2289 videar,
1399 2231 1775 2280 demonstratio-

390 2321 501 2354 nem
526 2323 585 2355 ex
610 2308 888 2365 Aristotele,
921 2315 1004 2355 aut
1030 2307 1228 2355 Platone
1263 2306 1441 2370 profer,
1470 2307 1544 2354 vel
1584 2323 1644 2355 ex
1677 2307 1774 2356 alio

391 2398 679 2446 quoeunque
714 2382 1020 2446 philosopho,
1045 2398 1141 2445 qua
1174 2382 1448 2430 naturalem
1471 2382 1647 2430 animae
1683 2383 1773 2431 im-

391 2459 738 2507 mortalitatem
774 2466 875 2506 tam
920 2466 1087 2521 aperte
1136 2457 1384 2506 concludit
1423 2473 1482 2505 ex
1521 2457 1773 2521 principiis

390 2534 707 2590 naturalibus,
731 2550 877 2597 quam
914 2541 1080 2596 aperte
1113 2550 1204 2596 ego
1229 2549 1288 2581 ex
1325 2534 1587 2597 Scripturis
1613 2534 1773 2583 Sacris

392 2608 718 2657 demonstravi
753 2609 967 2657 futuram
1000 2609 1165 2656 electis
1201 2609 1526 2657 aeternitatem
1549 2609 1662 2658 vitae
1684 2625 1773 2673 per

391 2683 636 2731 Christum
675 2685 978 2748 acquisitam,
1004 2685 1326 2747 acquiescam.
1398 2685 1588 2742 Anima,
1611 2684 1772 2749 inqui-

390 2767 492 2816 unt,
518 2760 718 2823 cogitat,
751 2760 988 2817 meminit,
1028 2759 1364 2807 ratiocinatur.
1436 2759 1584 2819 Quid,
1609 2760 1648 2808 si
1675 2760 1770 2810 hoc

388 2848 587 2895 negans,
630 2834 798 2882 dixero
840 2850 943 2882 esse
984 2834 1142 2897 ipsum
1178 2835 1356 2883 animal
1398 2835 1533 2898 quod
1568 2835 1768 2899 cogitat,
