1910 3236
725 236 795 269 nn
824 237 1063 270 nouum.
1521 227 1584 270 99

202 345 372 409 gloriae
409 363 554 394 causa
581 348 862 395 universum
893 356 1134 396 terrarum
1165 348 1334 395 orbem
1357 362 1584 410 superare
1620 370 1723 402 eff,
1742 369 1847 402 xm,

202 421 398 480 vellent,
417 422 510 470 nisi
529 422 626 480 alii,
642 423 822 486 alioqui
837 423 1042 471 modicis
1056 424 1274 472 contenti
1288 422 1480 479 finibus,
1497 439 1584 486 po-
1605 424 1827 498 nom

202 497 408 545 tentiam
423 513 559 545 suam
577 498 695 546 alios
715 498 989 547 invadendo
1004 507 1255 562 augerent,
1269 498 1355 547 sed
1372 505 1585 546 tantum-
1601 514 1715 550 seueri·
1728 513 1862 563 numqui,

203 572 350 621 modo
365 588 416 620 se
440 580 489 620 et
512 589 599 621 sua
619 574 879 622 defendere
894 583 1203 633 conarentur,
1219 574 1481 623 subsistere
1500 573 1584 621 diu
1600 561 1859 628 ᾍἛῖζζᾩζω

206 663 307 696 non
321 657 535 711 possent.
587 649 757 711 Itaque
773 649 975 697 dominii
990 650 1246 713 acquisitio
1259 665 1348 714 per
1364 649 1463 697 vim
1476 648 1584 696 uni-
1599 645 1750 681 ¹'‘¹”‘¹²⁶⁵
1762 643 1836 671 *¹¹⁸

203 723 396 787 cuique,
420 732 473 771 ut
497 723 560 771 ad
583 726 1002 773 conservationem
1027 726 1275 789 propriam
1297 724 1584 782 necessaria,

203 798 408 847 concedi
433 798 593 847 debet.

271 874 528 932 Praeterea,
554 876 604 923 in
629 878 982 939 congressibus,
1007 877 1090 925 ubi
1113 877 1336 941 potentia
1357 877 1491 925 nulla
1512 884 1588 925 est

204 964 314 1013 qnae
337 966 505 998 omnes
523 967 748 999 coercere
771 953 940 1014 possit,
956 952 1179 1016 voluptas
1195 952 1343 1011 nulla,
1362 952 1447 1000 sed
1472 967 1588 1000 con-

205 1033 284 1073 tra
297 1026 520 1073 molestia
536 1043 624 1089 per
641 1036 867 1075 naturam
884 1037 1025 1075 esset.
1098 1028 1440 1091 Unusquisque
1458 1028 1588 1075 enim

206 1101 331 1148 tanti
348 1117 379 1148 a
401 1102 592 1149 caeteris
609 1103 714 1150 fieri
729 1103 892 1161 vellet,
912 1104 1082 1166 quanti
1105 1103 1208 1167 ipse
1232 1119 1337 1151 sese
1360 1104 1588 1163 aestimat,

204 1184 257 1223 et
280 1175 344 1223 ad
367 1177 562 1240 signum
585 1194 729 1226 omne
761 1179 1080 1242 neglectionis
1104 1188 1325 1238 conatur,
1350 1188 1588 1243 quantum

205 1251 371 1310 audet,
395 1252 447 1300 id
478 1261 566 1309 ffit,
590 1255 673 1301 ubi
711 1255 843 1302 nulla
884 1263 1021 1303 extat
1056 1256 1277 1319 potentia
1300 1255 1587 1314 communis,

205 1335 444 1390 quantum
467 1329 531 1376 ad
549 1338 741 1378 mutuas
765 1330 923 1378 caedes
947 1330 1139 1388 sufficit,
1155 1330 1352 1383 ulcisci;
1388 1330 1587 1389 scilicet,

205 1411 263 1451 ut
298 1403 437 1451 alteri
474 1405 535 1451 ab
572 1404 738 1452 alteris
776 1406 1009 1468 majorem
1045 1406 1119 1452 sui
1154 1406 1528 1454 aestimationem
1560 1422 1590 1453 a

206 1480 541 1543 spectantibus
564 1480 786 1544 exemplo
809 1481 1011 1529 ultionis
1033 1489 1371 1545 extorqueant.

275 1554 448 1618 ltaque
465 1555 517 1602 in
535 1563 710 1603 natura
723 1556 937 1604 humana
954 1556 1256 1605 simultatum
1276 1557 1590 1604 inveniuntur

205 1638 307 1678 πω
328 1630 589 1694 praecipuae
613 1647 788 1690 causae,
809 1632 1107 1696 competitio,
1127 1632 1368 1696 defensio,
1380 1632 1555 1697 gloria
1572 1651 1590 1686 ;

206 1721 412 1770 quarum
435 1706 594 1770 prima
622 1707 686 1755 ad
709 1707 996 1766 dominium,
1021 1708 1237 1756 secunda
1262 1708 1326 1756 ad
1357 1708 1589 1756 securita-

205 1789 323 1840 tem,
342 1782 492 1830 tertia
506 1782 570 1830 ad
583 1783 764 1831 famam
777 1790 980 1846 spectat.
1039 1785 1083 1831 A
1096 1784 1255 1848 prima
1268 1792 1358 1843 est,
1373 1784 1506 1847 quod
1529 1785 1590 1832 de

205 1857 372 1912 lucr03
409 1874 439 1905 a
469 1858 696 1918 secunda,
731 1858 863 1922 quod
901 1859 960 1906 de
993 1859 1176 1915 salute3
1212 1876 1243 1907 a
1272 1860 1435 1918 tertia,
1459 1860 1590 1923 quod

207 1932 270 1982 de
290 1933 435 1997 nugis
465 1943 726 1998 pugnetur,
749 1935 995 1992 nimirum,
1021 1935 1082 1983 de
1104 1936 1270 1994 verbo,
1294 1935 1355 1984 de
1387 1935 1504 1994 risu,
1530 1935 1590 1983 de

206 2009 451 2075 opinione,
476 2010 537 2058 de
568 2011 702 2058 omni
738 2011 881 2074 signo
906 2011 1210 2075 parvipendii
1232 2011 1334 2060 sive
1356 2012 1589 2075 ipsorum,

207 2085 310 2134 sive
346 2094 683 2148 cognatorum,
721 2087 1006 2144 amicorum,
1040 2087 1227 2150 patriae,
1262 2087 1590 2151 professionis,

206 2160 286 2209 vel
307 2160 531 2209 nominis,

274 2235 591 2284 Manifestum
609 2236 758 2299 igitur
776 2244 865 2294 est,
884 2236 1118 2300 quamdiu
1135 2237 1271 2284 nulla
1283 2247 1357 2285 est
1370 2236 1592 2300 potentia

210 2311 446 2368 coerciva,
470 2311 659 2359 tamdiu
693 2311 1023 2360 conditionem
1059 2313 1314 2360 bominum
1351 2328 1459 2360 eam
1486 2327 1590 2359 esse

210 2401 358 2450 quam
380 2386 483 2435 dixi
504 2387 687 2435 bellum
702 2403 808 2435 esse
821 2388 1204 2451 uniuscujusque
1227 2396 1400 2436 contra
1416 2403 1590 2435 unum-

210 2476 467 2526 quemque.
503 2462 739 2510 Consistit
753 2463 884 2511 enim
898 2472 1074 2511 natura
1086 2463 1216 2520 belli,
1231 2479 1330 2511 non
1346 2464 1396 2510 in
1410 2478 1590 2526 pugna,

210 2537 299 2586 sed
319 2537 370 2586 in
388 2545 554 2586 tractu
576 2538 739 2602 aliquo
763 2539 1011 2603 temporis,
1027 2556 1124 2603 quo
1143 2539 1351 2587 durante
1366 2538 1591 2586 voluntas

210 2612 358 2662 armis
387 2612 669 2661 decertandi
701 2622 775 2662 est
804 2614 1077 2662 manifesta.
1147 2614 1319 2677 Itaque
1342 2613 1393 2661 in
1416 2621 1592 2661 natura

209 2686 343 2748 belli,
365 2688 492 2737 sicut
513 2689 565 2736 in
592 2696 767 2737 natura
799 2698 1159 2753 tempestatum,
1184 2687 1591 2737 considerandum

212 2771 288 2812 est
318 2771 525 2828 tempus.
593 2764 723 2813 Nam
743 2773 799 2813 ut
831 2781 958 2813 unus
987 2766 1144 2813 imber
1173 2780 1271 2812 non
1308 2763 1592 2811 denominat

212 2844 551 2902 tempestatem
581 2839 861 2894 humidam;
896 2841 966 2889 ita
989 2855 1150 2903 neque
1171 2855 1338 2903 pugna
1360 2838 1592 2902 quaelibet

1379 2928 1414 2961 Η
1439 2928 1461 2958 2
