1968 3236
229 390 330 421 s1<x1,-
347 389 454 421 XL'V·

244 444 432 464 *-·*r-·-‘

209 486 252 513 Dc
273 484 443 513 doemonolo-

205 538 253 564 ma
267 533 294 556 et
309 528 438 565 reliquiis

207 572 271 600 abis
285 571 456 607 religionum

207 615 399 643 ethnicarum.

486 245 581 287 484
819 253 888 286 DE
917 251 1104 285 REGNo
1131 250 1532 285 TENEBRARUM.

488 382 590 413 esse
624 381 782 428 posse.
852 364 1198 411 Phantasmata
1238 363 1367 410 enim
1403 378 1566 410 rerum
1606 361 1864 410 visibilium

487 443 695 504 figurata
718 447 832 487 sunt
849 460 860 494 ;
884 439 1042 501 figura
1059 445 1221 485 autem
1242 438 1488 501 quantitas
1509 444 1596 496 est,
1614 436 1865 499 undequa-

488 533 580 580 que
600 515 936 563 determinata.
1007 513 1178 576 Itaque
1202 513 1293 560 Dei
1316 514 1479 576 imago
1501 513 1603 560 fieri
1622 512 1756 560 nulla
1777 527 1863 576 po-

488 599 597 650 test,
624 590 703 653 qui
740 596 812 636 est
848 589 1094 642 infinitus;
1131 604 1286 651 neque
1312 589 1486 636 animae
1527 603 1684 651 neque
1725 587 1866 651 spiri-

488 676 641 725 tuum,
667 666 749 728 qui
773 672 887 712 sunt
911 663 1190 711 invisibiles.

555 743 722 804 Imago
745 749 909 787 tamen
945 755 1048 786 esse
1082 746 1244 802 potest
1284 739 1355 786 rei
1392 754 1640 802 nunquam
1664 739 1796 798 visae,
1837 755 1868 787 a

487 818 705 881 partibus
752 816 1049 863 diversarum
1091 823 1439 872 creaturarum,
1477 830 1597 877 quas
1642 814 1865 874 vidimus,

488 892 770 955 composita,
792 898 845 938 ut
865 891 1121 949 chimaerae,
1147 890 1381 948 centauri,
1407 897 1501 938 etc.

555 970 721 1031 Imago
739 975 917 1024 autem,
933 967 983 1013 in
1002 966 1210 1029 largiore
1229 965 1598 1028 significatione,
1614 965 1867 1013 materiam

488 1044 729 1107 significat
752 1042 1011 1090 formatam
1031 1043 1172 1104 juxta
1194 1041 1485 1104 phantasma
1507 1040 1583 1087 vel
1605 1040 1868 1104 imaginem

487 1120 639 1167 visam
659 1141 670 1175 ;
707 1126 946 1167 vocantur
969 1125 1131 1165 autem
1154 1117 1389 1180 imagines
1421 1116 1697 1179 aliquando,
1721 1116 1868 1165 etiam

489 1196 527 1243 si
551 1196 637 1253 rei,
663 1196 798 1258 cujus
823 1195 983 1257 imago
1010 1193 1202 1252 dicitur,
1229 1193 1396 1240 similis
1419 1209 1518 1239 non
1543 1193 1619 1240 sit.

554 1271 865 1319 Transfertur
885 1270 1033 1317 etiam
1056 1285 1166 1327 vox,
1193 1269 1374 1332 imagO,
1400 1268 1463 1315 ad
1498 1267 1765 1330 quamlibet
1798 1269 1869 1316 rei

490 1347 692 1395 diversae
715 1345 1210 1410 repraesentationem.
1283 1344 1394 1392 Quo
1430 1360 1588 1402 sensu,
1619 1360 1759 1407 reges
1783 1361 1870 1393 vo-

491 1423 590 1470 cari
613 1431 817 1486 possunt
840 1422 1076 1484 imagines
1101 1421 1191 1468 Dei
1213 1441 1224 1474 ;
1262 1429 1311 1468 et
1334 1420 1664 1483 magistratus,
1698 1420 1870 1484 imagi-

489 1515 575 1546 nes
603 1515 773 1563 regum
796 1519 807 1553 ;
852 1506 902 1545 et
927 1497 1147 1545 Christus
1171 1504 1375 1544 vocatur
1399 1496 1668 1543 character
1690 1495 1870 1558 hypos-

490 1583 649 1622 taseos
674 1575 779 1622 Dei.
850 1574 1022 1636 Neque
1045 1573 1315 1620 idololatrae
1340 1571 1518 1619 ethnici
1543 1571 1636 1634 ipsi
1653 1571 1704 1618 in
1727 1571 1870 1620 idolis

491 1652 588 1698 suis
611 1651 673 1698 ad
691 1650 1055 1698 similitudinem
1093 1664 1282 1711 semper
1321 1655 1655 1710 respexerunt,
1679 1646 1764 1694 sed
1788 1663 1870 1695 co-

490 1726 687 1773 luerunt
711 1742 810 1773 non
838 1731 890 1772 ut
914 1725 1103 1783 similia,
1130 1724 1214 1771 sed
1230 1730 1284 1770 ut
1307 1721 1720 1786 repraesentantia.

560 1802 749 1848 Idolum
769 1808 932 1848 autem
956 1800 1100 1848 latius
1124 1800 1283 1847 adhuc
1307 1799 1515 1846 sumitur
1537 1799 1588 1845 in
1610 1797 1871 1861 Scripturis

494 1877 669 1935 Sacris,
716 1876 778 1924 ad
824 1875 1197 1939 significandum
1238 1874 1386 1922 solem
1434 1874 1511 1921 vel
1553 1873 1757 1932 stellam,
1794 1873 1872 1922 vel

493 1952 759 2015 quamlibet
795 1952 939 1999 aliam
986 1958 1275 2008 creaturam,
1320 1948 1557 1997 visibilem
1597 1948 1674 1997 vel
1707 1949 1872 1997 invisi-

491 2028 653 2086 bilem,
678 2028 718 2075 si
743 2028 877 2075 cultu
901 2027 1064 2074 divino
1089 2026 1342 2074 coleretur.

558 2104 818 2151 Ostensum
841 2111 929 2161 est,
952 2102 1067 2166 quid
1088 2102 1150 2149 sit
1169 2099 1347 2158 cultu-9,
1365 2107 1414 2147 et
1440 2098 1557 2162 quid
1581 2098 1643 2146 sit
1667 2098 1833 2164 imago
1853 2117 1869 2154 ,-

490 2179 739 2226 videamus
758 2180 875 2242 jam,
902 2178 1018 2242 quid
1044 2177 1284 2240 significet
1306 2192 1399 2223 vox
1420 2174 1689 2238 composita
1713 2173 1872 2223 idolo-

492 2254 665 2311 latria,
690 2255 789 2302 sive
814 2254 1083 2319 imaginum
1108 2252 1282 2301 cultu&

559 2331 836 2394 Image'nem
874 2329 1092 2386 calinen-5,
1118 2328 1313 2392 quando
1350 2326 1620 2375 voluntarie
1662 2341 1721 2373 ea
1754 2324 1871 2373 diei-

492 2421 598 2452 mus
621 2405 698 2452 vel
720 2405 939 2462 facimus,
975 2420 1083 2467 quae
1117 2404 1256 2466 signa
1292 2410 1407 2450 sunt
1438 2401 1638 2450 honoris
1673 2400 1870 2458 interni,

493 2481 714 2528 attributi
753 2480 968 2528 materioe
1005 2479 1245 2543 imaginiS,
1288 2494 1395 2541 quae
1437 2486 1511 2525 est
1550 2477 1753 2540 lignum,
1787 2482 1873 2523 aut

492 2556 629 2619 lapiS,
658 2564 740 2604 aut
782 2555 1047 2610 metallum,
1087 2555 1240 2602 aliave
1279 2562 1504 2602 creatura
1525 2551 1759 2619 visibilis3
1794 2550 1872 2599 vel

492 2631 583 2694 ipsi
608 2632 823 2694 imagini,
839 2630 902 2678 ad
916 2631 1054 2694 cujus
1069 2629 1436 2677 similitudinem
1455 2628 1535 2676 vel
1554 2633 1872 2691 repraesenta-

492 2707 675 2754 tionem
695 2707 901 2755 materia
921 2706 1130 2754 formata
1154 2714 1274 2753 erat.

562 2782 739 2829 Coram
762 2781 958 2829 homine
981 2779 1201 2843 potentia
1219 2788 1268 2827 et
1286 2779 1582 2827 authoritate
1601 2776 1731 2825 civili
1746 2792 1871 2840 prae-

494 2855 613 2914 dito,
639 2856 714 2903 vel
734 2864 846 2903 ante
865 2855 1096 2903 thronum
1120 2855 1263 2918 regis,
1289 2854 1554 2902 consistere
1579 2852 1772 2900 detecto
1792 2868 1873 2901 ca-
1919 2866 1925 2872 ·
