1968 3236
519 250 589 284 nn
619 251 805 284 REGNo
831 251 1234 286 TENEBRARUM.
1470 241 1564 284 469

184 368 265 409 ma
286 360 451 408 existit
482 371 707 424 separata
737 378 766 410 a
797 378 1017 425 corpore,
1041 378 1199 426 neque
1222 377 1309 426 per
1326 362 1565 425 jejunium
1595 383 1699 416 eff,
1719 382 1847 417 xmv.

185 435 436 499 impetrari
458 436 719 500 quicquam
743 444 904 500 potest
921 437 1109 496 animis,
1130 453 1239 501 quae
1252 438 1355 501 jam
1377 445 1493 486 sunt
1515 437 1565 485 in

184 509 309 558 coelo
326 510 404 558 vel
421 511 471 558 in
491 511 681 560 inferno
703 534 715 567 ;
740 513 960 576 sequitur
983 513 1216 576 quasdam
1235 529 1340 561 esse
1362 514 1565 571 animas,

184 601 295 649 quae
317 601 476 649 neque
500 587 550 634 in
575 588 699 635 coelo
724 595 851 645 sunt,
876 604 1035 651 neque
1059 588 1109 635 in
1132 587 1354 642 inferum
1389 596 1440 636 et
1457 604 1567 652 pro·

183 659 314 720 inde,
339 660 517 710 debere
542 679 622 711 eas
647 678 750 711 esse
774 663 825 710 in
849 663 996 711 tertio
1020 663 1183 727 aliquo
1216 663 1343 722 loco,
1383 663 1435 712 id
1475 672 1564 723 oet,

183 737 235 785 in
259 739 560 802 purgatorio.
649 738 746 787 Sed
769 738 1048 802 negandum
1069 747 1161 797 est,
1194 739 1326 802 quod
1348 739 1566 798 assumit,

184 813 423 862 Davidem
446 815 556 863 ideo
575 816 837 879 jejunasse,
869 823 925 862 ut
960 814 1145 878 aliquid
1169 814 1316 863 Saulo
1338 822 1388 863 et
1415 815 1567 863 Jona-

182 889 334 939 thano
358 890 658 954 impetraret.
727 891 1043 939 Manifestum
1068 890 1198 938 enim
1233 898 1323 949 est,
1352 906 1566 938 ceremo-

185 965 293 1014 nias
314 966 521 1014 usitatas
545 966 809 1030 plangendi
834 975 884 1014 et
916 965 1170 1029 jejunandi
1194 966 1245 1013 in
1280 974 1436 1014 morte
1460 965 1566 1029 qui-

184 1040 296 1089 dem
334 1057 519 1099 eorum,
560 1058 770 1105 quorum
806 1042 908 1089 vita
952 1041 1295 1104 plangentibus
1335 1041 1569 1089 damnosa

184 1124 271 1166 aut
292 1117 476 1165 inutilis
517 1125 638 1176 erat,
675 1117 875 1165 honoris
912 1125 1104 1190 tanturm
1141 1132 1285 1164 causa
1314 1116 1566 1171 adhiberi;

184 1192 237 1240 in
259 1201 420 1240 morte
456 1201 622 1241 autem
662 1193 930 1240 amicomm
963 1199 1011 1240 et
1043 1193 1442 1250 necessariorum,
1465 1192 1568 1240 luc-

184 1275 290 1316 tum
315 1284 420 1317 esse
443 1284 544 1317 non
577 1269 811 1317 litaniam.
895 1269 1068 1332 Itaque
1102 1268 1262 1316 David
1295 1268 1495 1316 Saulum
1518 1274 1569 1315 et

182 1343 517 1392 Jonathanum
548 1344 736 1407 jejunio
769 1360 857 1392 suo
881 1343 1170 1391 honoravit:
1206 1344 1258 1391 in
1289 1343 1461 1391 morbo
1484 1359 1569 1391 au-

183 1430 285 1468 tem
308 1420 494 1483 proprii
516 1420 621 1478 filii,
634 1420 822 1484 jejunio
846 1427 895 1467 et
920 1419 1146 1483 precibus
1169 1427 1373 1467 conatus
1390 1426 1465 1466 est
1477 1418 1567 1466 im-

183 1504 377 1559 petrare
400 1511 431 1543 a
453 1495 558 1543 Deo
589 1503 645 1542 ut
682 1494 1071 1549 convalesceret3
1108 1493 1239 1557 quod
1273 1510 1385 1542 cum
1418 1494 1569 1557 impe·

184 1578 317 1619 trare
335 1586 434 1618 non
453 1571 628 1634 potuit,
648 1571 872 1634 jejunare
895 1569 1055 1617 desiit.

252 1646 312 1694 In
333 1646 527 1694 caeteris
551 1646 669 1694 locis
693 1662 804 1710 quae
827 1646 949 1693 citat
970 1645 1271 1693 Testamenti
1286 1645 1492 1704 Veteris,
1506 1661 1569 1693 ne

188 1721 327 1770 color
358 1721 557 1786 quidem
593 1721 897 1785 probationis
933 1721 1062 1769 ullus
1101 1729 1192 1768 est.
1279 1721 1569 1783 Ubicunque

186 1796 371 1846 dicitur
394 1797 735 1862 ignis‚furor,
758 1797 906 1856 ustio,
932 1797 1200 1862 purgatio,
1236 1797 1504 1855 mundatio,
1529 1797 1568 1844 si

184 1872 332 1921 modo
368 1873 565 1921 Patrum
597 1873 775 1936 aliquis
796 1873 947 1921 verba
968 1873 1052 1920 illa
1071 1872 1135 1920 ad
1157 1872 1432 1920 doctrinam
1454 1888 1569 1935 pur-

183 1948 361 2012 gatorii
384 1948 436 1996 in
458 1948 694 1996 concione
717 1948 995 2011 applicavit,
1029 1955 1236 1995 utuntur
1271 1947 1366 1995 illis
1403 1947 1567 1995 Ponti-

184 2023 285 2072 ficii
308 2031 364 2071 ut
385 2023 595 2072 totidem
618 2024 921 2087 argumentis
950 2039 1040 2086 pro
1062 2023 1363 2086 purgatorio.
1423 2022 1570 2070 Quod

185 2098 307 2147 dicit
329 2099 490 2147 David
516 2099 664 2160 (Psal.
678 2099 860 2147 xxxvii.
885 2101 930 2160 l)
952 2117 964 2146 ε
1000 2099 1225 2158 Domine,
1244 2115 1304 2146 ne
1323 2098 1371 2146 in
1376 2098 1570 2162 furore

187 2181 272 2222 tuo
307 2190 502 2239 arguas
542 2190 632 2232 me,
668 2191 827 2239 neque
858 2174 909 2222 in
945 2174 1026 2222 ira
1064 2181 1150 2222 tua
1182 2174 1439 2237 corripias
1462 2190 1536 2221 me
1551 2191 1569 2227 ,·

187 2249 307 2314 quid
323 2248 419 2298 hoc
441 2249 505 2297 ad
526 2249 884 2313 purgatorium,
911 2250 1006 2298 nisi
1030 2249 1331 2312 Augustinus
1353 2248 1569 2296 furorem

153 2315 163 2324 ’
186 2331 534 2388 comparasset,
548 2324 836 2388 praedicans,
851 2325 954 2388 igni
968 2325 1230 2382 Gehennae,
1253 2332 1303 2371 et
1327 2323 1449 2371 iram
1466 2323 1570 2387 igni

186 2398 495 2463 purgatorii?
564 2400 629 2447 Et
652 2400 771 2463 quid
792 2400 856 2448 ad
878 2401 1215 2464 purgatorium
1239 2400 1417 2447 attinet
1439 2398 1571 2462 quod

189 2473 369 2523 dicitur
389 2474 533 2534 (Psal.
556 2474 654 2522 lxv.
688 2478 791 2536 12):
834 2475 1172 2523 Transivimus
1203 2491 1301 2540 per
1334 2474 1499 2538 ignem
1521 2480 1571 2522 et

190 2566 402 2614 aquam:
437 2556 488 2597 et
510 2549 732 2597 eduxisti
748 2566 838 2598 nos
874 2551 925 2599 in
962 2550 1292 2615 refrigerium
1309 2553 1338 2598 9
1405 2549 1572 2597 Texti-

189 2624 281 2672 bus
302 2623 582 2687 hujusmodi
604 2632 814 2673 utuntur
846 2625 1074 2674 doctores
1098 2640 1197 2673 non
1220 2625 1377 2688 logice
1396 2625 1448 2672 in
1471 2640 1572 2673 ser-

190 2699 413 2747 monibus
435 2707 487 2748 et
509 2699 908 2763 expositionibus,
933 2701 1020 2749 sed
1042 2700 1300 2748 rhetorice.

257 2774 388 2822 Citat
411 2774 559 2823 etiam
581 2774 691 2823 loca
711 2775 876 2840 aliqua
908 2775 1213 2824 Testamenti
1255 2775 1383 2824 Novi
1423 2774 1565 2838 expli·

190 2858 306 2899 catu
330 2849 617 2908 difficiliora,
641 2858 698 2898 ut
721 2850 901 2900 Matth.
927 2851 1008 2899 xii.
1029 2857 1122 2900 3²:
1158 2851 1436 2915 quicunque
1461 2850 1552 2899 dix

1622 436 1811 460 *qr—³

1606 485 1651 514 De
1664 485 1790 513 tenebri-

1602 528 1802 566 spirimnlibm

1602 572 1639 600 ab
1653 573 1822 609 interpret·-

1602 616 1681 644 tione
1690 624 1749 643 non
1759 619 1839 643 recta

1602 659 1828 697 scripumrum.
