1968 3236
211 415 312 447 CAP.
330 414 379 447 Π.

202 511 246 540 De
261 511 374 540 hoeresi.

446 272 541 314 548
762 280 940 313 APPEN
951 280 1042 313 mx
1067 280 1139 312 An
1167 279 1507 313 LEVIATHAN.

510 392 573 439 B.
613 392 711 438 Lex
731 391 966 439 naturalis
991 398 1190 449 aeterna,
1217 390 1396 450 divina,
1422 398 1472 439 et
1496 391 1722 439 cordibus
1746 407 1824 439 so-

444 467 691 515 lummodo
716 468 950 530 inscripta
974 474 1062 513 est.
1133 466 1279 514 Pauci
1315 474 1478 514 autem
1501 474 1631 525 sunt,
1667 467 1749 530 qui
1773 467 1825 514 in

446 561 532 591 sua
568 544 782 606 ipsorum
817 542 965 590 corda
1000 542 1254 605 inspicere,
1281 550 1331 590 et
1363 559 1471 605 quae
1506 542 1603 589 illic
1644 542 1826 606 scripta

446 629 558 668 sunt
604 620 762 666 sciunt
802 619 979 682 legere.
1063 619 1236 680 Itaque
1283 635 1392 681 quae
1431 617 1669 676 facienda,
1716 634 1825 681 quae

444 694 675 757 fugienda
711 695 822 752 sint,
848 711 877 742 a
900 694 1087 757 legibus
1124 694 1317 757 scriptis
1355 694 1580 749 discunt;
1617 693 1825 741 faciunt-

444 786 537 833 que
557 778 606 816 et
629 769 837 832 fugiunt,
862 777 1009 832 prout
1031 769 1249 832 praevisis
1273 770 1428 832 poenis
1442 769 1687 816 videbitur
1710 769 1825 817 sibi-

442 853 542 892 met
579 845 694 907 ipsis
729 845 848 892 utile
873 845 950 892 vel
989 845 1291 893 damnosum.
1363 846 1605 893 Praeterea
1644 845 1684 893 si
1708 845 1826 908 quid

441 921 623 967 factum
647 921 710 967 sit
734 927 905 968 contra
927 920 1085 984 legem
1109 921 1398 979 naturalem,
1423 937 1523 969 non
1552 921 1604 968 id
1639 921 1825 968 crimen

441 996 603 1043 vocari
623 996 760 1054 solet,
787 995 873 1042 sed
895 1004 1169 1059 peccatum,
1195 996 1341 1059 idque
1364 996 1456 1044 sibi
1478 996 1826 1059 poenitentibus

442 1071 606 1119 statim
646 1071 1029 1118 condonandum
1054 1072 1350 1129 existimant,
1375 1071 1468 1119 nisi
1510 1087 1621 1119 cum
1663 1071 1825 1134 aliquo

443 1148 619 1195 damno
639 1147 850 1194 civitatis
874 1147 951 1193 vel
974 1147 1185 1210 proximi
1204 1148 1521 1210 conjunctum
1545 1146 1635 1194 sit:
1662 1162 1822 1210 neque

442 1231 559 1270 tunc
582 1222 785 1270 ulterius
816 1223 978 1286 puniri
1014 1239 1063 1270 se
1088 1238 1229 1286 posse
1254 1231 1446 1286 putant,
1480 1238 1624 1286 quam
1649 1229 1705 1270 ut
1734 1238 1825 1286 pro

443 1298 620 1346 damno
640 1299 773 1346 illato
798 1298 1127 1354 satisfaciant3
1163 1299 1398 1346 malitiam
1421 1307 1586 1346 autem
1609 1298 1700 1346 soli
1719 1298 1824 1346 Deo

442 1373 737 1436 puniendam
761 1373 983 1436 relinqui.
1043 1375 1172 1422 Nam
1197 1375 1238 1421 si
1261 1383 1491 1437 peccator
1513 1380 1824 1437 peccatorem

441 1450 612 1512 puniat
647 1449 836 1512 peccati
860 1450 1006 1497 solius
1031 1450 1244 1508 nomine,
1269 1459 1530 1513 postquam
1564 1449 1662 1513 legi
1685 1449 1826 1497 satis-

441 1526 624 1574 factum
651 1527 729 1584 sit,
757 1526 912 1574 simile
937 1534 1012 1574 est
1034 1527 1148 1574 belli
1172 1527 1341 1574 civilis.

508 1604 571 1649 A.
610 1602 758 1660 Quid,
783 1602 823 1649 si
862 1602 968 1664 quis
998 1602 1170 1650 atheus
1208 1602 1287 1660 sit,
1319 1618 1410 1649 nec
1434 1602 1497 1649 sit
1530 1602 1609 1649 lex
1643 1601 1826 1666 scripta

444 1694 552 1740 quae
578 1678 776 1725 modum
799 1694 959 1741 poenae
983 1678 1200 1737 definiat,
1224 1693 1389 1726 nonne
1413 1676 1677 1740 punietur?

506 1753 570 1800 B.
608 1753 842 1800 Punietur
863 1753 1101 1816 profecto,
1127 1761 1177 1800 et
1201 1752 1498 1816 gravissime.
1571 1751 1667 1800 Sed
1690 1751 1824 1815 prius

442 1829 760 1888 accusandus,
786 1829 1073 1887 audiendus,
1099 1835 1149 1876 et
1174 1828 1478 1876 damnandus
1507 1835 1597 1875 est.
1668 1827 1826 1875 Accu-

442 1904 536 1969 sari
573 1913 735 1952 autem
772 1912 953 1968 praeter
991 1905 1179 1952 dictum
1203 1912 1254 1951 et
1277 1903 1475 1962 factum,
1499 1903 1621 1950 nihil
1645 1909 1822 1966 potest.

444 1980 633 2029 Quibus
667 1988 830 2028 autem
853 1981 995 2028 factis
1027 1987 1260 2043 arguetur
1283 1978 1584 2026 atheismus?
1655 1978 1824 2027 Quod-

441 2072 553 2103 nam
574 2057 703 2104 enim
727 2057 911 2104 factum
936 2055 1166 2104 audivisti
1183 2071 1399 2118 unquam
1419 2063 1521 2102 tam
1536 2053 1825 2102 sceleratum

442 2140 525 2179 aut
562 2132 780 2195 impium,
819 2133 956 2195 cujus
992 2131 1146 2179 simile
1184 2146 1282 2178 non
1307 2130 1618 2178 commissum
1649 2128 1712 2177 sit
1735 2129 1824 2176 ali-

442 2207 634 2270 quando
668 2208 728 2254 ab
752 2207 861 2265 illis,
887 2207 971 2270 qui
994 2223 1094 2254 non
1120 2206 1265 2254 modo
1292 2222 1391 2253 non
1414 2212 1652 2269 putantur
1675 2203 1822 2263 athei,

441 2283 526 2330 sed
550 2283 696 2330 etiam
719 2283 1019 2346 professione
1044 2291 1186 2330 tenus
1211 2290 1326 2329 sunt
1345 2279 1639 2329 Christiani?
1708 2279 1823 2327 Non

442 2374 557 2421 ergo
582 2374 641 2405 ex
664 2358 806 2406 factis
824 2358 1075 2421 judicatur
1093 2358 1279 2405 atheus.
1317 2357 1460 2404 Dicto
1475 2356 1625 2419 igitur
1642 2355 1822 2418 aliquo,

442 2433 540 2480 sive
564 2434 754 2496 prolato
780 2434 879 2482 sive
905 2434 1107 2497 scripto,
1128 2449 1239 2481 reus
1271 2433 1391 2491 fieri,
1416 2447 1575 2495 neque
1597 2430 1696 2478 ullo
1728 2430 1823 2478 alio

443 2508 604 2567 modo,
629 2518 820 2573 potest;
860 2526 1051 2573 nempe,
1092 2510 1130 2557 si
1164 2509 1347 2557 directe
1384 2507 1636 2571 negaverit
1664 2506 1823 2554 Deum

445 2599 563 2631 esse.

513 2659 576 2706 A.
614 2659 790 2707 Nonne
832 2660 1005 2708 atheus
1043 2660 1234 2708 dicetur
1267 2660 1413 2708 etiam
1449 2659 1507 2718 is,
1532 2658 1615 2722 qui
1647 2657 1826 2705 dixerit

446 2734 751 2796 scripseritve
775 2735 840 2793 id,
866 2750 926 2782 ex
951 2750 1046 2797 quo
1082 2735 1240 2783 Deum
1274 2752 1374 2783 non
1409 2750 1514 2782 esse
1549 2732 1824 2782 necessario

446 2809 698 2871 sequitur?

512 2884 576 2931 B.
615 2885 691 2931 Ita
715 2900 845 2942 sane,
870 2884 910 2932 si
936 2885 1053 2947 ipse,
1073 2884 1267 2947 quando
1291 2884 1343 2932 id
1366 2884 1491 2932 dixit
1514 2884 1591 2931 vel
1615 2882 1824 2947 scripsit,

447 2958 804 3021 consequentiae
827 2958 938 3007 talis
961 2958 1300 3007 necessitatem
1325 2958 1461 3006 vidit.
1513 2958 1641 3006 Nam
1660 2958 1700 3006 si
1725 2956 1824 3004 dic-
