1968 3236
543 259 613 293 DE
641 259 896 293 cwrrA‘rE
922 260 1274 294 cnms‘rlANA.
1475 251 1583 302 -347

213 368 519 434 temporalis,
536 378 656 428 tum,
673 379 728 417 ut
746 378 919 418 vocant
943 370 1012 418 illi
1037 371 1119 432 qui
1143 378 1432 434 potestatem
1458 387 1585 419 sum·
1636 397 1737 430 eff,
1755 397 1830 430 χῃ,

212 461 341 493 mam
363 445 540 493 vellent
564 445 794 504 dividere,
819 446 1106 510 spiritualis
1127 445 1307 509 plena?
1365 446 1440 493 Ab
1476 446 1583 509 ipso
1622 452 1844 521 DTi

213 519 420 583 denique
444 520 582 568 initio
607 521 743 583 regni
764 522 852 569 Dei
870 537 1022 584 usque
1046 521 1108 568 ad
1132 521 1483 584 captivitatem,
1508 538 1584 570 su·
1623 502 1847 565 nestum

210 605 458 660 prematus
482 596 530 643 in
556 597 698 644 rebus
723 596 897 644 divinis
922 597 971 644 in
1006 596 1175 643 eadem
1211 612 1401 660 semper
1436 613 1583 645 manu
1619 578 1847 651 ζἰῗῐῗιῗίῑέἷῖἶέ.

211 678 332 727 erat,
347 671 397 718 in
422 681 637 734 quaerat
655 688 843 719 summa
864 680 1080 735 potestas
1112 672 1280 720 civilis.
1353 673 1584 720 Sacerdo-
1618 666 1848 746 gi‘ffiussuffi

211 746 335 795 tium
368 755 530 794 autem
565 756 676 810 post
713 748 919 795 electum
958 747 1156 795 Saulum
1193 749 1242 796 in
1279 763 1460 812 regem,
1485 764 1582 797 non

212 830 318 870 erat
340 822 679 885 magisteriale‚
704 822 789 870 sed
813 822 1141 870 ministeriale.

280 897 587 959 Quamquam
610 906 772 945 autem
795 905 1086 961 potestatem
1122 913 1359 946 summam
1395 899 1583 948 civilem

213 979 263 1020 et
284 972 659 1020 ecclesiasticam
682 973 915 1021 hactenus
939 989 1129 1036 semper
1152 975 1437 1036 conjunctas
1463 990 1583 1033 esse,

213 1047 375 1111 quoad
391 1048 486 1110 juS,
510 1048 820 1096 manifestum
844 1048 1046 1096 fecimus
1066 1068 1078 1103 ;
1114 1064 1213 1096 non
1238 1056 1400 1096 tamen
1426 1050 1585 1113 sequi-

212 1130 295 1170 tur
333 1138 489 1185 neque
527 1139 586 1170 ex
625 1123 875 1186 Scriptura
913 1123 1077 1187 Saqsa,
1119 1139 1275 1187 neque
1307 1140 1371 1172 ex
1393 1125 1585 1172 ratione

213 1197 437 1255 naturali,
474 1199 552 1261 jus
594 1197 714 1245 illud
748 1198 1039 1246 intellexisse
1072 1199 1320 1262 populum.
1402 1199 1587 1263 Vulgus

215 1271 346 1320 enim
364 1289 465 1321 non
487 1274 582 1322 nisi
604 1273 655 1321 in
680 1274 824 1322 rebus
848 1274 946 1322 suis
969 1275 1167 1337 privatis
1192 1276 1379 1324 ratione
1403 1277 1585 1332 utitur;

215 1363 306 1396 nec
341 1347 521 1396 diutius
556 1349 753 1397 obedire
777 1350 913 1407 solet,
940 1366 1083 1412 quam
1107 1359 1192 1398 aut
1214 1352 1461 1410 miracula,
1486 1360 1586 1408 aut,

216 1423 347 1486 quod
381 1423 613 1471 miraculo
647 1424 748 1472 fere
770 1441 857 1487 par
880 1433 968 1480 est,
1003 1426 1053 1473 in
1077 1427 1344 1475 rectoribus
1367 1428 1465 1475 suis
1487 1427 1586 1475 vim

216 1499 476 1562 egregiam,
501 1500 653 1547 autin
678 1500 821 1548 rebus
843 1501 993 1563 gestis
1016 1501 1294 1549 felicitatem
1321 1503 1588 1551 extraordi-

215 1573 401 1621 nariam
416 1574 670 1637 aspieiunt.
737 1575 895 1623 Judaei
919 1592 1052 1639 ergo,
1075 1585 1332 1640 postquam
1356 1578 1519 1626 Moses
1538 1587 1588 1626 et

214 1649 399 1697 Joshua
438 1649 616 1697 mortui
656 1658 833 1709 essent,
875 1667 1032 1715 neque
1070 1651 1251 1700 famam
1285 1668 1445 1716 neque
1475 1670 1586 1701 cum

216 1724 320 1774 Deo
354 1724 595 1788 colloquia
628 1726 935 1774 sacerdotum
976 1728 1142 1791 magni
1189 1728 1584 1784 aestimaverunt;

216 1800 302 1849 sed
324 1800 614 1864 quandoque
637 1802 872 1865 politiam,
891 1803 1179 1866 quandoque
1195 1804 1478 1867 religionem
1497 1805 1588 1852 cri-

215 1875 471 1934 minantes,
495 1877 764 1924 rectoribus
788 1877 886 1925 suis
921 1878 1247 1926 obedientiam
1269 1889 1584 1942 negaverunt.

216 1950 379 2014 Atque
405 1950 518 1999 inde
549 1953 718 2011 turbae,
756 1953 1034 2013 seditiones,
1059 1962 1110 2002 et
1144 1954 1444 2003 calamitates
1477 1971 1588 2018 pro-

215 2025 358 2074 fectae
380 2034 509 2085 sunt,
530 2043 638 2090 quae
663 2028 988 2076 Israelitarum
1006 2037 1202 2092 gentem
1226 2030 1424 2078 tandem
1456 2046 1588 2078 ever-

218 2107 398 2149 terunt.
466 2101 675 2150 Mortuis
710 2103 839 2151 enim
862 2104 1094 2152 Eleazaro
1119 2113 1170 2153 et
1190 2105 1390 2164 Joshua,
1413 2105 1586 2164 Judaei,

219 2178 303 2242 qui
340 2179 572 2227 miracula
605 2196 705 2229 non
740 2181 977 2240 viderant,
1007 2198 1165 2246 neque
1189 2198 1240 2230 se
1277 2182 1588 2230 sacerdotalis

218 2254 356 2317 regni
384 2262 529 2318 pacto
565 2256 802 2319 obligatos
826 2273 928 2305 esse
951 2258 1293 2321 intelligentes,
1333 2257 1587 2320 imperium

221 2328 486 2377 sacerdotis
505 2337 555 2378 et
575 2330 706 2395 leges
729 2332 969 2380 Mosaicas
1002 2333 1140 2396 parvi
1158 2332 1439 2396 pendentes,
1464 2332 1589 2380 feee-

220 2411 336 2451 runt
358 2405 684 2469 unusquisque
708 2407 838 2470 quod
862 2415 1050 2456 rectum
1065 2408 1321 2456 videbatur
1345 2407 1451 2465 sibi,
1470 2407 1587 2455 illis-

221 2494 315 2542 que
343 2478 662 2528 obediverunt
684 2498 805 2545 quos
827 2483 918 2547 ipsi
941 2483 1141 2532 idoneos
1165 2499 1270 2531 esse
1293 2491 1588 2546 putaverunt

221 2553 305 2616 qui
329 2569 395 2612 se,
430 2555 617 2617 quoties
651 2572 682 2604 a
716 2557 885 2606 vicinis
922 2560 1149 2623 gentibus
1184 2558 1586 2621 opprimerentur,

220 2627 499 2677 liberarent.
573 2629 743 2694 Itaque
776 2648 875 2680 non
909 2634 1114 2696 amplius
1148 2634 1304 2681 Deum
1339 2631 1589 2680 consulue-

221 2711 353 2761 runt,
383 2703 470 2751 sed
503 2704 661 2752 virum
695 2706 772 2754 vel
806 2707 1035 2756 seminam
1071 2708 1282 2770 aliquam
1316 2706 1588 2753 futurorum

220 2778 575 2842 praedictorem,
599 2790 649 2828 et
668 2781 782 2831 huic
798 2782 1124 2831 obedientiam
1143 2792 1193 2830 et
1212 2782 1444 2830 honorem
1467 2796 1589 2844 prae-

222 2855 463 2913 stiterunt,
487 2865 541 2904 ut
563 2857 813 2920 prophetae
835 2874 865 2906 a
887 2858 1005 2907 Deo.
1074 2858 1231 2907 Etiam
1267 2864 1449 2920 postea,
1473 2871 1583 2904 cum
