1968 3236
419 233 509 275 158
914 243 984 276 DE
1014 244 1289 279 οῙνῙΤΑΤΕ.

162 374 264 408 off,
282 376 363 409 xx,
411 355 742 403 obedientiam
778 355 897 402 mihi
932 355 1095 414 debes,
1119 357 1362 420 arrogasti
1392 358 1481 406 tibi
1505 364 1801 422 potestatem

167 430 356 502 m
413 430 473 478 de
508 431 783 479 actionibus
820 431 940 478 meis
976 431 1271 493 judicandi?
1350 433 1493 481 Unde
1528 434 1800 497 perspicue,

166 519 328 567 patempet
412 523 692 570 quanquam
727 506 1003 569 allegorice,
1062 507 1382 570 significatur,
1428 509 1559 557 facta
1610 526 1796 568 eorum,

167 560 322 598 damma
412 583 586 646 quibus
610 598 799 630 summa
822 589 895 630 est
913 589 1144 645 potestas,
1168 600 1199 631 a
1217 584 1424 632 subditis
1449 585 1548 633 suis
1571 601 1671 633 non
1696 601 1800 633 esse

411 657 814 722 reprehendenda
836 673 929 705 nec
953 657 1265 721 disputanda.

478 734 652 797 Itaque
693 733 966 792 manifeste,
1011 741 1247 796 quantum
1288 751 1380 799 ego
1422 735 1659 800 intelligo,
1700 752 1800 784 non

411 810 559 858 modo
596 826 657 858 ex
680 810 887 867 ratione,
924 808 1011 857 sed
1052 810 1199 857 etiam
1240 826 1300 858 ex
1338 811 1595 874 Scriptura
1631 811 1799 870 Sacra,

411 901 650 933 summam
682 891 993 949 potestatem,
1018 885 1119 933 sive
1144 902 1202 934 ea
1224 886 1276 933 in
1311 902 1410 934 uno
1432 887 1645 946 homine,
1669 894 1726 935 ut
1747 888 1800 935 in

410 961 722 1020 monarchiis,
748 961 850 1009 sive
874 961 926 1008 in
948 977 1047 1008 uno
1071 969 1220 1020 coetu,
1245 968 1303 1009 ut
1324 961 1376 1009 in
1400 961 1712 1011 democratiis
1749 971 1817 1011 et·

411 1037 745 1096 aristocratiis,
787 1037 1028 1084 collocata
1073 1037 1152 1096 sit,
1210 1045 1401 1085 tantam
1446 1054 1549 1086 esse
1594 1045 1800 1102 apparet

411 1118 645 1174 quantam
661 1112 824 1160 facere
839 1128 947 1159 eam
970 1118 1176 1174 possunt
1190 1111 1429 1160 homines.
1500 1113 1799 1176 Quanquam

409 1195 573 1236 autem
609 1188 670 1236 de
703 1194 946 1251 potestate
987 1187 1246 1236 indefinita
1290 1188 1447 1236 multa
1487 1188 1800 1238 incommoda

408 1263 632 1311 homines
656 1263 914 1326 imaginari
937 1263 1029 1311 sibi
1045 1271 1270 1327 possunt,
1294 1264 1607 1312 incommoda
1630 1272 1798 1312 tamen

409 1355 518 1403 quae
541 1346 835 1402 potestatem
858 1339 1119 1386 limitatam
1143 1339 1458 1397 comitantur,
1493 1355 1669 1403 nempe
1691 1340 1796 1388 bel-

406 1416 509 1463 lum
523 1415 905 1479 uniuscujusque
922 1423 1095 1463 contra
1108 1415 1324 1463 vicinum
1342 1431 1498 1475 suum,
1514 1416 1668 1464 multo
1684 1425 1799 1465 sunt

406 1493 609 1554 majora.
679 1491 908 1539 Conditio
938 1491 1193 1539 hominum
1230 1491 1281 1539 in
1316 1491 1411 1540 hac
1447 1492 1550 1540 vita
1586 1492 1690 1540 sine
1726 1493 1800 1541 in-

407 1567 677 1615 commodis
714 1583 966 1630 nunquam
1003 1567 1112 1615 erit.
1198 1567 1370 1630 Neque
1407 1575 1480 1616 est
1510 1568 1562 1615 in
1599 1568 1797 1616 civitate

408 1658 700 1706 quacunque
734 1642 1101 1690 incommodum
1136 1659 1385 1706 magnum,
1421 1642 1516 1690 nisi
1540 1643 1673 1706 quod
1694 1644 1797 1707 ple—

406 1734 612 1782 rumque
647 1735 677 1766 a
710 1718 891 1766 civium
925 1718 1142 1781 ipsorum
1177 1717 1487 1766 contumacia
1521 1725 1570 1765 et
1593 1734 1623 1766 a
1644 1718 1796 1767 viola-

406 1793 538 1842 tione
562 1801 818 1857 pactorum
841 1794 1052 1852 illorum,
1077 1794 1128 1842 in
1152 1794 1325 1857 quibus
1350 1793 1560 1842 essentia
1582 1794 1796 1843 civitatis

406 1871 644 1929 consistit,
670 1878 834 1918 ortum
857 1870 935 1918 sit.
1007 1870 1301 1932 Quicunque
1319 1876 1484 1917 autem
1499 1876 1797 1932 potestatem

393 1944 659 2005 summam,
677 1946 878 1994 nimiam
897 1961 1000 1993 esse
1018 1953 1212 2009 putans,
1233 1944 1505 1992 diminuere
1521 1945 1795 2004 conabitur,

405 2022 632 2086 subjiciet
655 2038 707 2070 se
730 2021 966 2085 potestati
990 2021 1163 2084 majori
1189 2036 1299 2084 quae
1323 2036 1563 2068 summam
1586 2021 1796 2070 limitare

403 2114 546 2162 posse
568 2096 828 2146 videbitur.

472 2173 693 2222 Maxima
737 2178 911 2221 contra
943 2178 1238 2234 potestatem
1271 2172 1545 2220 absolutam
1582 2173 1795 2236 objectio

405 2250 677 2298 desumitur
698 2248 760 2296 ab
785 2264 843 2296 eo
869 2246 1003 2311 quod
1024 2247 1132 2295 fieri
1156 2247 1296 2305 solet,
1333 2255 1383 2295 et
1420 2263 1590 2296 eorum
1613 2255 1688 2296 est
1711 2248 1796 2312 qui

404 2326 712 2388 interrogant
733 2323 818 2371 uhi
841 2330 892 2371 et
915 2323 1115 2387 quando
1138 2331 1355 2386 potestas
1383 2323 1607 2372 absoluta
1629 2340 1660 2372 a
1681 2324 1795 2372 sub-

406 2401 520 2449 ditis
543 2400 712 2464 agnita
729 2398 891 2447 fuerit.
942 2397 1042 2446 Sed
1063 2398 1277 2446 vicissim
1302 2414 1393 2462 ego
1409 2399 1517 2447 illos
1541 2400 1810 2463 interrogo'

404 2476 488 2525 ubi
512 2484 562 2525 et
585 2475 784 2541 quando
801 2475 955 2522 libera
976 2490 1007 2522 a
1029 2474 1269 2522 seditione
1294 2481 1345 2522 et
1367 2475 1495 2523 bello
1515 2475 1646 2523 civili
1669 2475 1795 2523 exti-

404 2553 467 2600 tit
491 2552 676 2610 civitas,
691 2550 776 2598 ubi
792 2556 1009 2614 potestas
1032 2549 1256 2598 absoluta
1278 2566 1378 2598 non
1396 2550 1561 2599 fuerit.
1598 2551 1657 2599 In
1674 2566 1795 2615 gen-

405 2628 536 2676 tibus
576 2627 671 2675 illis
707 2625 793 2674 ubi
833 2624 1055 2673 civitates
1096 2624 1181 2672 diu
1221 2624 1523 2674 duraverunt
1569 2642 1661 2674 nec
1699 2625 1794 2674 nisi

403 2704 532 2752 bello
556 2711 758 2751 externo
781 2700 1050 2765 perierunt,
1075 2699 1259 2748 subditi
1284 2701 1345 2749 de
1367 2702 1592 2765 potentia
1605 2717 1795 2750 summa

405 2796 606 2828 suorum
641 2778 918 2843 principum
957 2792 1209 2840 nunquam
1246 2776 1635 2840 disputaverunt.
1704 2777 1794 2825 Ar-

403 2863 691 2918 gumentum
716 2861 879 2903 autem
914 2868 944 2900 a
977 2851 1330 2901 consuetudine
1353 2853 1607 2902 hominum
1629 2867 1794 2915 sump—
