1910 3236
374 240 436 292 76
893 253 964 286 DE
994 253 1238 288 HOMINE.

129 387 233 420 off,
254 388 301 420 Χ,
370 366 504 422 baro,
528 366 837 414 honorabiles
861 373 991 425 sunt,
1017 374 1074 414 ut
1104 367 1188 430 qui
1218 366 1497 430 significant
1521 373 1759 429 quantum

84 441 353 523 Demi&
369 457 450 490 eos
470 442 680 490 aestimet
703 442 744 489 is
765 442 840 489 vel
864 442 949 501 illi,
973 442 1056 505 qui
1075 443 1287 490 civitatis
1313 459 1552 490 summam
1576 442 1760 490 habent

82 527 221 562 nitate‚et
234 528 351 557 honore·
367 524 675 580 potestatem.
745 518 896 565 Tituli
928 527 1094 566 autem
1125 519 1196 566 illi
1225 519 1424 566 fuerunt
1452 519 1567 566 olim
1591 519 1758 567 minis-

367 594 480 641 terii
509 594 705 656 publici,
732 601 782 641 et
806 594 1013 642 derivati
1044 595 1224 658 partim
1248 612 1277 642 a
1304 595 1552 654 Romanis,
1576 595 1758 657 partim

365 685 395 716 a
419 669 671 716 Germanis
696 676 746 716 et
769 669 934 716 Gallis.
1005 669 1174 717 Duces
1209 669 1339 717 enim
1368 678 1524 726 erant,
1549 670 1634 733 qui
1658 670 1758 717 Ro-

363 760 622 792 manorum
646 745 889 792 exercitus
914 745 1160 793 duxerunt
1181 765 1192 793 z
1234 746 1464 805 Comite-s‘,
1498 745 1582 809 qui
1605 745 1757 793 comi-

363 821 595 868 tabantur
614 820 762 868 duces
782 842 793 876 ;
831 821 1008 884 quibus
1033 821 1179 868 etiam
1203 821 1312 869 loca
1331 829 1477 885 capta
1496 829 1547 869 et
1564 827 1756 884 pacata,

363 913 392 943 a
409 896 726 944 redeuntibus
748 896 953 944 ducibus
973 897 1189 960 regenda
1213 905 1263 944 et
1286 896 1495 944 tutanda
1513 897 1756 960 relinque-

361 972 569 1019 bantur:
607 972 935 1020 Marchz‘ones
971 973 1175 1020 comites
1207 979 1363 1031 erant,
1402 972 1486 1036 qui
1519 973 1757 1036 regebant

362 1047 554 1111 imperii
578 1048 773 1096 limites.
843 1049 1008 1111 Atque
1034 1047 1166 1096 tituli
1186 1048 1302 1106 dux,
1323 1063 1497 1106 comes,
1516 1047 1754 1107 marchio,

362 1123 412 1170 in
435 1124 695 1187 imperium
715 1124 992 1172 Romanum
1016 1123 1285 1171 introducti
1305 1131 1418 1171 sunt
1441 1139 1471 1171 a
1494 1132 1755 1171 consuetu-

363 1199 477 1247 dine
507 1199 692 1247 militiae
717 1199 1018 1247 Germanicae
1043 1200 1174 1247 circa
1196 1207 1420 1262 tempora
1445 1198 1755 1247 Constantini

363 1275 550 1338 Magni.
597 1275 663 1323 At
689 1274 811 1322 baro
837 1275 1089 1323 Gallorum
1112 1275 1283 1323 titulus
1299 1275 1495 1323 videtur
1518 1290 1637 1334 esse,
1657 1275 1754 1338 sig-

360 1350 625 1413 nificatque
657 1366 890 1413 magnum
920 1351 1186 1410 hominem,
1210 1351 1288 1398 vel
1310 1358 1606 1414 magnatem,
1632 1367 1754 1414 quo-

360 1441 471 1473 rum
504 1426 555 1474 in
590 1426 800 1489 negotiis
834 1426 1021 1474 bellicis
1057 1443 1207 1490 opera
1240 1427 1451 1474 maxime
1487 1427 1755 1476 utebantur

361 1517 516 1564 reges.
587 1501 814 1549 Deducta
837 1508 1002 1549 autem
1025 1502 1223 1550 videtur
1257 1519 1353 1550 vox
1388 1518 1418 1549 a
1452 1503 1628 1550 Latina
1656 1502 1751 1562 vir,

360 1576 490 1624 unde
521 1577 677 1624 facilis
711 1583 784 1624 est
814 1577 978 1640 lapsus
1013 1577 1075 1624 ad
1108 1577 1211 1637 ber,
1237 1586 1287 1625 et
1319 1577 1427 1636 bar,
1453 1594 1562 1641 quae
1585 1578 1754 1641 lingua

362 1653 609 1701 Gallorum
642 1652 771 1700 idem
804 1653 1110 1715 significabat
1134 1653 1266 1717 quod
1294 1653 1467 1701 Latine
1490 1653 1568 1700 vir
1583 1672 1601 1707 ;
1637 1653 1752 1702 inde

359 1728 514 1776 facilis
534 1737 638 1776 erat
657 1728 890 1776 transitus
908 1729 971 1776 ad
992 1729 1108 1777 bero
1133 1736 1182 1777 et
1208 1729 1331 1776 baro
1347 1748 1366 1784 ;
1403 1739 1454 1777 et
1471 1729 1585 1777 inde
1603 1730 1752 1778 fiebat

362 1804 586 1852 Ciceroni
609 1821 703 1851 vox
728 1804 904 1851 Latina
929 1804 1151 1863 berones,
1179 1812 1227 1852 et
1258 1813 1430 1868 postea
1458 1805 1645 1853 Gallica
1668 1804 1752 1853 ba-

360 1897 522 1940 rones,
554 1889 604 1928 et
640 1880 910 1943 Hispanica
944 1896 1169 1928 varone&
1242 1881 1363 1928 Haec
1397 1889 1448 1929 et
1479 1881 1574 1929 alia
1596 1881 1752 1929 multa

360 1955 420 2003 de
449 1956 525 2003 his
555 1955 737 2018 scripta
764 1955 981 2002 invenies
1005 1971 1035 2003 a
1056 1956 1282 2003 Johanne
1316 1956 1524 2004 Seldeno
1548 1956 1599 2003 in
1623 1956 1749 2004 libro

359 2031 420 2079 de
443 2030 625 2079 Titulis
641 2030 881 2078 Honoris.
930 2030 1280 2093 Progrediente
1296 2038 1531 2094 tempore,
1550 2038 1751 2094 propter

358 2106 663 2170 quorundam
696 2106 952 2153 hominum
987 2106 1257 2169 potentiam
1291 2106 1343 2154 in
1375 2122 1528 2169 regno
1560 2106 1750 2170 Angliae

357 2182 636 2246 reipublicae
682 2181 1057 2239 incommodam,
1099 2181 1400 2229 cessantibus
1442 2190 1528 2230 aut
1574 2181 1749 2230 ablatis

357 2257 666 2305 titulatorum
684 2256 857 2303 horum
871 2256 1120 2319 potentiis,
1140 2256 1270 2304 tituli
1288 2256 1487 2304 tandem
1502 2257 1553 2304 in
1573 2256 1749 2305 divites

358 2333 435 2381 vel
457 2334 581 2381 bene
604 2334 806 2382 meritos
829 2334 893 2381 ad
916 2333 1100 2381 nullam
1132 2334 1277 2381 aliam
1302 2350 1405 2381 rem
1430 2335 1595 2383 collati
1618 2342 1748 2387 sunt,

357 2425 504 2472 quam
537 2409 601 2456 ad
641 2408 1013 2471 distinguendos
1052 2409 1230 2456 civium
1262 2410 1488 2466 ordines;
1530 2410 1747 2475 factique

356 2491 470 2532 sunt
506 2484 670 2543 duces,
702 2484 919 2542 comites,
951 2484 1272 2543 marchiones,
1304 2492 1353 2532 et
1382 2485 1590 2533 barones
1614 2486 1747 2535 loco-

355 2576 481 2617 rum,
500 2560 585 2608 ubi
605 2576 697 2608 nec
716 2560 975 2624 imperium
998 2560 1153 2607 ullum
1170 2576 1330 2623 neque
1350 2577 1494 2624 agros
1513 2562 1746 2612 habuere.

421 2635 648 2699 Dignitas
683 2635 829 2684 etiam
865 2635 1105 2699 accipitur
1144 2636 1404 2699 aliquando
1438 2654 1529 2700 pro
1565 2639 1746 2702 aptitu-

355 2710 496 2759 dine:
532 2720 590 2760 ut
622 2711 798 2775 dignus
828 2711 890 2759 sit
918 2711 959 2759 is
994 2711 1198 2775 imperio
1234 2713 1310 2760 vel
1346 2714 1636 2777 magistratu
1659 2714 1744 2779 qui

355 2786 559 2834 idoneus
599 2793 688 2846 est,
721 2786 771 2834 id
813 2794 903 2846 est,
936 2787 1020 2850 qui
1058 2787 1374 2850 qualitatibus
1406 2789 1500 2837 illis
1532 2790 1742 2839 maxime

351 2862 586 2924 praeditus
610 2870 699 2922 est,
718 2878 826 2927 quae
849 2862 914 2911 ad
938 2862 1195 2926 imperium
1220 2871 1270 2911 et
1292 2865 1632 2928 magistratum
1656 2865 1742 2914 ad-
