1910 3236
253 530 363 585 DE
403 530 768 585 CIVITATE
812 529 987 582 SIVE
1029 528 1488 583 REPUBLICA.

228 923 290 956 DE
315 922 477 966 CAUSA,
501 922 855 966 GENERATIONE,
877 923 936 954 ET
963 922 1269 954 DEFINITIONE
1295 922 1540 955 clvl'rA'rls.

197 998 361 1048 QUOD
399 999 636 1057 homines,
662 999 898 1047 libertatis
922 1007 971 1046 et
995 998 1197 1046 dominii
1234 1014 1320 1061 per
1351 1006 1576 1047 naturam
1606 1025 1708 1057 CM»,
1725 1025 1841 1057 xvn,

195 1081 453 1130 amatores,
469 1091 527 1122 ex
545 1075 845 1138 praescripto,
864 1082 920 1122 ut
942 1074 1000 1122 fit
1023 1074 1074 1120 in
1099 1081 1230 1121 statu
1254 1073 1399 1132 civili,
1415 1074 1576 1122 vivere
1594 1080 1818 1138 ἶς’-*ψ

1623 1119 1639 1137 Θ
1651 1119 1749 1143 causa,
1762 1119 1847 1147 gene·

195 1149 470 1207 voluerunt,
484 1150 593 1196 finis
612 1158 660 1197 et
679 1166 824 1197 causa
837 1149 931 1197 fuit
946 1165 1062 1196 cura
1079 1149 1458 1197 conservationis
1475 1165 1576 1199 suae
1592 1152 1845 1225 {iiix-:3222

195 1224 404 1287 vitaeque
423 1225 781 1283 commodioris,
798 1225 849 1272 id
866 1232 955 1283 est,
976 1231 1031 1272 ut
1055 1240 1081 1271 e
1105 1224 1382 1272 conditione
1401 1225 1577 1273 misera

195 1299 310 1348 belli
333 1300 549 1347 omnium
573 1308 744 1348 contra
767 1315 934 1347 omnes
964 1299 1179 1354 exirent;
1215 1316 1323 1362 quae
1358 1300 1575 1349 conditio

196 1375 411 1423 libertati
445 1375 670 1432 naturali,
694 1382 893 1438 propter
929 1374 1175 1438 passiones
1215 1375 1466 1438 humanas,
1490 1392 1575 1424 ne-

197 1449 404 1498 cessario
427 1457 545 1498 tunc
564 1450 796 1509 adhaeret,
818 1449 1013 1513 quando
1041 1450 1175 1498 nulla
1200 1458 1335 1499 extat
1357 1452 1579 1514 potentia

196 1524 398 1575 visibilis
421 1541 529 1588 quae
552 1526 799 1589 passiones
831 1525 937 1573 illas
966 1532 1152 1573 terrore
1177 1542 1433 1589 poenarum
1455 1534 1578 1574 tem—

196 1616 367 1665 perare
389 1603 557 1664 possit,
575 1601 804 1665 legesque
821 1601 1067 1649 naturales
1092 1609 1143 1649 et
1165 1609 1309 1665 pacta
1332 1603 1578 1651 observari

195 1675 359 1724 faciat.
428 1677 583 1740 Leges
618 1677 748 1724 enim
789 1685 992 1735 naturae,
1028 1683 1084 1724 ut
1114 1677 1322 1738 justitia,
1357 1678 1577 1741 aequitas,

195 1759 308 1811 etc„
332 1759 382 1800 et
404 1768 503 1800 uno
526 1752 890 1817 verb0‚facere
913 1752 1032 1800 aliis
1055 1753 1323 1817 quodfieri
1346 1753 1578 1802 vellemus

194 1826 350 1886 nobis,
374 1827 557 1891 absque
581 1835 716 1875 metu
745 1828 978 1891 potentiae
1002 1828 1250 1887 coactivae,
1273 1829 1577 1892 passionibus

194 1901 512 1959 naturalibus,
536 1902 700 1965 quales
723 1910 837 1950 sunt
860 1903 948 1962 ira,
973 1903 1214 1966 superbia,
1239 1904 1577 1969 cupiditasque

195 1977 369 2033 omnis,
393 1977 651 2025 contrariae
674 1985 801 2026 sunt.

263 2052 463 2100 Exitum
484 2060 648 2100 autem
672 2068 698 2099 e
723 2052 1002 2101 conditione
1028 2053 1143 2102 belli
1166 2055 1384 2103 omnium
1407 2063 1579 2104 contra

196 2142 366 2176 omnes
387 2127 519 2191 leges
543 2134 592 2176 et
610 2136 758 2191 pacta
778 2144 867 2192 per
890 2144 941 2176 se
968 2137 1203 2193 praestare
1236 2147 1335 2179 non
1357 2142 1576 2195 possunt.

197 2202 360 2251 Verba
390 2202 519 2250 enim
550 2211 680 2262 sunt,
706 2203 917 2266 dumque
940 2204 1090 2252 verba
1110 2213 1303 2254 tantum
1327 2214 1455 2263 sunt,
1478 2223 1578 2255 non

198 2281 448 2339 timentur,
475 2281 682 2345 ideoque
705 2281 769 2330 ad
803 2282 1117 2331 securitatem
1147 2284 1395 2332 hominum
1416 2300 1503 2348 per
1526 2301 1578 2333 se

198 2356 304 2404 sine
345 2356 493 2404 armis
526 2356 718 2405 inutilia
751 2365 878 2405 sunt.
949 2357 1122 2422 Itaque
1156 2359 1303 2423 leges,
1340 2375 1459 2423 quas
1495 2361 1578 2423 qui

199 2431 456 2480 observare
470 2432 577 2480 aliis
591 2432 959 2480 observantibus
974 2440 1177 2482 conatus
1193 2441 1281 2491 est,
1290 2435 1576 2493 observavit,

200 2506 390 2569 quoties
401 2508 636 2571 potentiae
660 2508 880 2572 cogentis
897 2516 1057 2557 metus
1071 2509 1210 2557 abest
1227 2526 1326 2558 non
1344 2510 1577 2573 obligant,

200 2596 360 2645 neque
382 2582 654 2646 impediunt
686 2584 804 2648 quin
840 2584 1149 2633 securitatem
1186 2600 1322 2632 suam
1345 2600 1375 2632 a
1396 2584 1579 2632 viribus

202 2664 254 2705 et
292 2657 478 2705 artibus
518 2658 728 2722 propriis
763 2666 930 2723 petere
968 2659 1231 2722 unicuique
1271 2659 1458 2706 licitum
1498 2659 1576 2707 sit.

203 2731 336 2780 Idem
355 2732 501 2780 etiam
516 2732 693 2781 docent
704 2733 921 2782 historiae
933 2733 1111 2782 veteris
1129 2733 1346 2791 Graeciae,
1363 2734 1447 2781 ubi
1466 2749 1577 2782 cum

202 2807 337 2857 nulla
376 2815 538 2857 essent
568 2816 750 2872 praeter
778 2817 984 2872 paterna
1017 2807 1235 2871 imperia,
1271 2807 1576 2859 latrocinium
