1910 3236
674 224 744 257 ms
773 224 1016 258 nomme.
1084 219 1089 225 ·
1464 212 1530 257 49

141 333 246 382 sive
289 332 629 381 inclinationes
671 351 769 383 non
810 346 924 384 sunt
970 335 1272 390 voluntates;
1319 336 1359 382 si
1402 336 1531 383 enim

142 415 323 466 essent,
347 424 517 457 omnes
551 409 769 456 actiones
800 411 941 458 simul
975 419 1139 458 essent
1170 418 1222 458 et
1244 409 1530 459 voluntariae

142 491 195 532 et
214 483 570 532 involuntariae.

211 558 529 607 Manifestum
565 559 680 607 hinc
719 570 793 608 est
829 561 1124 609 voluntarias
1171 561 1390 610 actiones
1424 577 1529 610 esse

140 650 242 683 non
267 635 414 683 modo
449 651 546 693 eas,
571 651 679 698 quae
702 636 943 699 incipiunt
982 638 1043 684 ab
1081 637 1302 700 appetitu
1325 637 1529 700 alicujus

142 710 231 770 rei,
250 710 338 759 sed
360 710 507 758 etiam
531 710 653 768 illas,
670 727 779 774 quae
798 712 1174 774 proficiscuntur
1196 713 1258 760 ab
1277 713 1528 761 aversione

141 785 220 835 vel
242 802 274 835 a
301 795 438 834 metu
470 794 732 834 eventuum
774 787 858 850 qui
893 795 1257 850 consequuntur
1290 788 1408 837 facti
1442 788 1529 836 ali-

141 863 283 926 cujus
306 862 633 911 omissionem.

210 938 450 987 Formulae
473 938 724 996 sermonis,
745 938 920 1001 quibus
937 938 1184 1002 passiones
1203 939 1529 997 declarantur,

141 1014 322 1078 partim
346 1014 530 1063 eaedem
563 1023 678 1062 sunt
702 1015 876 1077 quibus
900 1015 1019 1062 alias
1045 1015 1373 1078 significamus
1396 1017 1530 1079 cogi-

142 1090 366 1139 tationes.
449 1091 511 1138 Et
556 1090 715 1154 primo
753 1091 1026 1153 generatim
1068 1092 1315 1154 passiones
1362 1107 1530 1138 omnes

142 1165 350 1229 proferri
384 1174 592 1230 possunt
628 1165 934 1219 indicative,-
969 1174 1024 1214 ut
1055 1183 1180 1224 amo,
1206 1174 1386 1224 metuo,
1411 1183 1532 1230 gau-

144 1240 254 1301 deo,
278 1241 508 1301 delibero,
532 1241 659 1299 volo,
686 1248 779 1288 etc.
851 1242 977 1289 Sunt
1018 1250 1183 1289 autem
1216 1241 1391 1304 aliquae
1423 1258 1531 1305 quae

142 1332 255 1365 suas
285 1317 470 1366 habent
502 1317 799 1381 prolationes
828 1317 921 1364 sibi
940 1317 1194 1380 proprias3
1232 1333 1340 1380 quae
1364 1326 1531 1364 tamen

143 1393 490 1442 affirmationes
521 1409 621 1441 non
650 1402 780 1451 sunt,
801 1393 895 1441 nisi
914 1393 1110 1456 quando
1134 1393 1406 1440 inserviunt
1426 1392 1532 1451 illa-

142 1469 372 1518 tionibus.
442 1469 741 1518 Deliberatio
786 1469 1034 1532 profertur
1075 1468 1396 1531 subjunctive,
1444 1467 1531 1530 qui

142 1546 317 1595 modus
333 1547 560 1611 proprius
573 1555 648 1596 est
661 1548 1047 1611 suppositionum
1073 1564 1102 1595 a
1119 1547 1293 1610 quibus
1311 1546 1532 1594 ducimus

142 1623 517 1687 consequentias
538 1645 550 1679 ;
575 1632 646 1682 ut,
665 1624 712 1671 si
729 1624 952 1686 hoc-fiat,
977 1631 1091 1671 tune
1114 1629 1352 1687 sequetur
1372 1622 1503 1670 illud
1516 1640 1533 1675 ,-

143 1713 237 1747 nec
273 1698 438 1746 differt
477 1715 507 1746 a
543 1715 766 1747 sermone
804 1698 1146 1757 ratiocinandi,
1183 1699 1275 1746 nisi
1313 1697 1444 1761 quod
1484 1698 1534 1744 in

143 1766 518 1823 ratiocinatione
542 1775 821 1823 nominibus
852 1775 1038 1823 utimur
1063 1775 1415 1822 universalibus
1437 1795 1448 1828 ;
1485 1774 1535 1820 in

145 1848 513 1909 deliberatione,
537 1850 824 1914 plerumque
844 1850 1187 1914 singularibus.
1258 1850 1428 1898 Sermo
1453 1865 1537 1897 cu-

145 1925 364 1990 piditatis
381 1934 432 1974 et
450 1927 717 1975 aversionis
735 1935 812 1975 est
832 1926 1157 1992 imperativus
1174 1945 1191 1980 ;
1226 1934 1296 1984 ut,
1321 1925 1535 1989 hoc-fae,

146 2000 213 2050 ab
235 2001 327 2050 hoc
344 2002 541 2051 abstine
555 2021 574 2058 ;
610 2019 721 2067 quae
744 2004 894 2051 verba
916 2003 980 2051 ad
1002 2003 1137 2050 illum
1164 2002 1247 2066 qui
1270 2002 1334 2050 ad
1356 2001 1537 2049 facien-

147 2076 264 2126 dum
282 2078 361 2126 vel
382 2079 730 2127 abstinendum
745 2079 1004 2143 obligatur,
1026 2078 1311 2126 mandatum
1329 2077 1535 2131 dicitur3

145 2152 343 2217 alioqui,
360 2155 579 2217 precatio
598 2155 676 2203 vel
693 2154 965 2203 consilium.
1013 2154 1183 2202 Sermo
1197 2170 1335 2201 vanae
1352 2152 1536 2216 gloriae,

148 2227 267 2277 item
291 2228 642 2293 indignationis
660 2239 711 2278 et
726 2229 1075 2278 misericordiae
1090 2229 1391 2291 aliarumque
1416 2227 1538 2275 mul-

146 2311 309 2352 tarum
324 2304 835 2368 cupiditatum,sermo
850 2313 925 2353 est
942 2305 1209 2369 optativus.
1246 2302 1539 2366 Cupiditatis

149 2386 315 2428 autem
337 2380 671 2444 cognoscendi
696 2396 855 2428 sermo
878 2379 1136 2443 peculiaris
1160 2388 1234 2427 est
1258 2379 1541 2442 interroga-

150 2455 281 2503 tivas
294 2473 314 2510 ,·
347 2463 406 2504 nt
454 2455 591 2513 Quid
632 2464 709 2504 est
725 2460 754 2504 ἓ
827 2456 1037 2513 Quando
1078 2455 1179 2503 erit
1195 2458 1223 2503 ,9
1295 2452 1541 2510 Quomodo

130 2530 340 2596 sactum
362 2537 440 2579 eet
456 2534 485 2579 2
524 2530 662 2587 Quid
683 2532 757 2579 ita
777 2535 805 2579 ,2²
846 2531 1127 2579 Passionum
1153 2545 1399 2577 sermones
1422 2529 1543 2576 alios

150 2621 251 2656 non
295 2607 504 2671 reperio.
585 2608 866 2656 Jurationes
911 2607 1040 2655 enim
1078 2605 1541 2666 maledictionesque

151 2690 205 2731 et
226 2682 442 2731 convitia
466 2683 717 2746 passiones
741 2699 840 2731 non
877 2683 1156 2745 significant
1189 2690 1245 2727 ut
1267 2680 1430 2736 verba,
1459 2677 1545 2725 sed

152 2764 210 2806 ut
231 2757 447 2806 actiones
466 2758 593 2807 male
616 2766 821 2807 moratae
843 2758 1038 2822 linguae.

219 2833 460 2881 Formulae
506 2833 585 2882 hae
626 2833 1006 2897 significationes
1049 2831 1244 2895 quidem
1281 2837 1396 2879 sunt
1438 2845 1548 2893 pas-

286 2923 405 2956 von.
429 2922 512 2956 111.
1384 2918 1415 2952 Β.

1587 358 1692 391 CAP.
1708 357 1773 391 VI.

1584 412 1773 435 *qr—a

1550 455 1594 484 De
1606 455 1757 493 principii·

1547 499 1668 527 internis
1680 501 1777 526 motin

1548 541 1713 573 voluntarii.
1727 545 1782 569 ote.
