1910 3236
72 352 174 383 CAP.
191 353 293 385 XIII.

89 407 278 428 b—-f——ae

50 448 94 476 De
108 449 272 476 conditione

47 492 160 526 generis
173 492 304 526 humani,

47 539 189 572 quantum
203 536 306 564 attinet

341 211 429 253 100
854 226 923 259 DE
952 226 1192 259 HOMINE-

333 330 616 380 denominat
654 334 847 382 bellum.
917 337 1128 400 Tempus
1152 344 1315 384 autem
1339 338 1466 386 bello
1490 354 1713 397 vacuum,

325 423 438 471 pax
463 417 551 456 est.

404 483 649 547 Quicquid
685 501 800 548 ergo
836 487 963 534 bello
999 488 1216 536 omnium
1240 497 1413 536 contra
1435 506 1603 538 omnes
1626 507 1711 538 na-

48 578 84 606 ua
101 578 265 607 sancitatem
334 559 558 607 turaliter
580 560 812 620 adhaeret,
827 562 958 610 idem
976 563 1304 611 conditionem
1326 565 1594 623 hominum,
1610 566 1713 614 sine

47 622 197 658 proesentis
210 622 284 651 vitae.

334 635 429 682 alia
450 636 708 683 securitate
746 653 891 699 quam
926 654 1033 701 quae
1057 655 1086 686 a
1110 640 1345 702 cujusque
1369 641 1544 688 robore
1565 650 1615 688 et
1637 641 1714 688 in·-

331 710 475 773 genio
513 712 759 774 expectari
794 721 971 775 potest,
1000 715 1273 762 necessario
1306 716 1583 764 comitatur.
1655 717 1713 764 In

331 785 610 833 conditione
625 794 789 834 autem
802 788 889 835 tali
906 789 1040 836 locus
1056 789 1308 838 industriae
1323 791 1484 839 nullus
1500 799 1590 850 est,
1600 792 1716 855 quia

330 861 489 909 nullus
511 861 716 910 fructus.
776 863 950 911 Nullus
973 880 1090 928 ergo
1112 874 1255 912 terrae
1279 865 1453 923 cultus,
1471 867 1606 915 nulla
1627 883 1715 915 na-

330 938 526 1000 vigatio,
543 938 749 986 aedificia
763 939 1018 988 commoda
1036 940 1183 999 nulla,
1199 941 1524 990 instrumenta
1539 943 1714 1006 quibus

332 1030 440 1077 quae
476 1014 740 1076 majoribus
776 1015 1000 1079 indigent
1023 1016 1205 1064 viribus
1241 1026 1528 1065 moveantur
1562 1018 1712 1077 nulla,

330 1090 473 1137 faciei
496 1090 682 1138 telluris
706 1092 920 1154 cognitio
944 1093 1091 1150 nulla,
1110 1100 1384 1155 temporum
1408 1094 1713 1157 computatio

331 1166 478 1224 nulla,
503 1166 650 1214 nullae
668 1174 798 1214 artes
814 1183 972 1230 neque
992 1169 1199 1216 societas
1217 1190 1228 1223 ;
1267 1169 1353 1217 sed
1377 1169 1509 1232 quod
1529 1169 1715 1233 gravis·

334 1242 509 1288 Simum
533 1249 622 1299 est,
639 1242 811 1289 mortis
829 1242 1057 1291 violentae
1072 1252 1231 1292 metus
1251 1252 1300 1292 et
1316 1245 1589 1308 periculum
1602 1260 1716 1308 per-

332 1325 551 1380 petuum,
583 1317 780 1380 vitaque
803 1318 1057 1366 hominum
1088 1320 1321 1380 solitaria,
1346 1320 1529 1384 indiga,
1552 1321 1716 1379 bruta,

333 1402 383 1441 et
405 1393 580 1441 brevis.

399 1469 514 1527 Illis,
539 1469 623 1532 qui
646 1469 750 1517 haec
773 1486 874 1517 non
901 1470 1283 1533 pensitaverunt,
1308 1471 1485 1518 mirum
1508 1471 1715 1519 fortasse

326 1545 588 1600 videbitur,
607 1553 833 1593 naturam
847 1546 1068 1593 homines
1093 1546 1424 1595 dissociavisse
1448 1555 1499 1595 et
1521 1547 1586 1594 ad
1604 1563 1713 1595 mu-

329 1629 464 1669 tuam
489 1620 672 1669 caedem
702 1627 841 1684 aptos
870 1621 1185 1684 produxisse3
1223 1630 1272 1669 et
1295 1630 1462 1670 tamen
1488 1623 1583 1670 hoc
1606 1638 1715 1685 per-

330 1696 494 1761 spicue
511 1697 698 1744 illatum
717 1705 791 1744 est
814 1714 874 1745 ex
892 1705 1068 1745 natura
1090 1698 1384 1760 passionum,
1404 1705 1454 1746 et
1473 1706 1715 1762 praeterea

331 1772 642 1835 experientiae
677 1781 1071 1820 consentaneum.
1144 1774 1319 1837 Cogita
1342 1774 1487 1833 enim,
1514 1773 1712 1837 quando

330 1848 424 1895 iter
450 1848 734 1911 ingrederis,
766 1865 852 1896 cur
885 1849 1087 1896 comites
1122 1849 1313 1912 quaeris,
1346 1866 1483 1897 arma
1515 1850 1711 1913 gestas?

332 1923 542 1977 Quando
574 1924 837 1971 dormitum
863 1924 919 1982 is,
942 1923 1071 1971 fores
1102 1924 1300 1982 claudis,
1329 1940 1466 1972 arcas
1499 1924 1713 1983 obseras,

330 1998 477 2062 idque
508 1999 695 2062 legibus
725 2007 775 2047 et
804 1999 1040 2046 ministris
1076 2000 1274 2048 armatis
1302 2000 1366 2048 ad
1393 2016 1587 2048 omnem
1609 2000 1714 2048 vio-

329 2074 529 2122 lentiam
550 2074 879 2122 ulciscendam
907 2075 1105 2138 paratis,
1131 2075 1325 2138 qualem
1355 2075 1534 2123 habeas
1559 2075 1714 2139 opini-

329 2166 474 2198 onem
505 2149 565 2197 de
601 2150 896 2207 concivibus,
916 2149 975 2197 de
1007 2150 1192 2209 vicinis,
1223 2159 1274 2198 et
1305 2151 1364 2198 de
1398 2150 1711 2199 domesticis?

331 2225 507 2274 Nonne
525 2226 716 2274 cautela
731 2226 825 2273 ista
842 2234 927 2273 tua
944 2241 1097 2288 genus
1119 2226 1386 2274 humanum
1411 2243 1549 2289 aeque
1573 2243 1714 2275 accu-

331 2317 408 2349 sas
430 2308 575 2364 atque
599 2316 690 2364 ego
704 2299 723 2347 ¹?
793 2300 968 2348 Neutri
994 2309 1219 2349 naturam
1244 2318 1540 2350 accusamus.
1600 2303 1714 2351 Pas-

331 2377 491 2425 siones
509 2376 763 2425 hominum
785 2382 987 2439 peccata
1009 2391 1109 2424 non
1134 2385 1263 2435 sunt,
1289 2393 1447 2439 neque
1473 2393 1581 2441 quae
1600 2378 1714 2427 inde

332 2453 557 2501 oriuntur
597 2452 828 2511 actiones,
870 2451 1104 2515 quamdiu
1150 2468 1258 2515 quae
1304 2452 1410 2500 illas
1456 2454 1715 2517 prohibeat

331 2536 626 2593 potestatem
644 2527 844 2586 nullam,
865 2527 949 2591 qui
965 2527 1167 2586 faciunt,
1188 2527 1354 2576 vident
1370 2549 1382 2583 ;
1407 2545 1565 2593 neque
1582 2530 1715 2579 enim

330 2606 408 2653 lex
431 2603 662 2668 cognosci
683 2610 863 2667 potest,
888 2618 997 2666 quae
1021 2619 1118 2651 non
1144 2603 1207 2651 sit
1237 2603 1363 2658 lata3
1399 2620 1557 2668 neque
1580 2605 1714 2665 ferri,

330 2680 563 2743 quamdiu
584 2679 636 2727 in
657 2678 986 2743 legislatorem
1016 2694 1306 2726 consensum
1333 2695 1433 2727 non
1467 2680 1544 2728 sit.
1615 2681 1715 2730 Sed

331 2757 449 2820 quid
492 2755 768 2804 hominibus
813 2754 970 2803 doctis
1015 2770 1249 2802 conamur
1289 2754 1623 2804 demonstrare
1661 2755 1715 2804 id

329 2832 462 2896 quod
492 2848 555 2880 ne
585 2847 731 2880 canes
759 2830 955 2894 quidem
978 2830 1222 2895 ignorant,
1247 2831 1330 2894 qui
1369 2831 1712 2881 accedentibus
