1968 3236
490 234 561 268 na
588 234 847 268 mmmm
875 231 1230 267 cums-rimu.
1455 220 1546 270 441

167 344 353 393 Jesum.
387 345 451 392 Et
469 360 592 392 vers
613 351 659 402 2,
681 351 727 402 3,
746 345 919 407 capitis
939 343 1187 407 ejusdem.
1214 340 1405 389 Paulus
1419 356 1552 399 vero,
1571 360 1674 392 cst.
1702 358 1835 392 xmn.

167 420 299 468 sieut
315 436 491 468 consue
493 426 651 478 verat,
668 420 893 468 introivit
912 419 985 467 ad
998 435 1098 477 eos,
1113 425 1163 466 et
1177 433 1279 482 per
1294 416 1552 464 Sabbatha
1572 414 1837 493 nomm,

169 496 272 543 tria
297 496 537 544 disseruit
570 513 676 543 cum
712 496 776 543 iis
812 513 873 543 ex
911 494 1238 559 Scripturas,-
1272 491 1551 557 explicans,
1570 498 1837 570 Ἒσξωῗὶωζε·

167 578 220 620 et
241 571 302 619 ob
336 572 504 619 oculos
526 588 738 636 ponens,
769 571 1053 636 oportuisse
1081 569 1334 617 Christum
1352 567 1486 632 pati,
1503 573 1553 615 et
1569 583 1823 614 summm

167 662 440 712 resurgere
462 664 525 694 ex
550 647 791 700 mortui&
827 653 876 694 et
905 646 1031 693 hunc
1052 643 1245 702 Jesum,
1276 659 1418 707 quem
1441 658 1553 707 ego,

169 721 346 787 inquit,
370 722 612 769 annuncio
636 721 788 778 vobis,
813 737 923 768 esse
950 719 1201 767 Christum
1226 718 1379 766 illum.

235 797 595 861 Argumentum
619 797 819 843 tertium
843 795 1052 843 sumitur
1075 795 1136 842 ab
1160 794 1219 842 iis
1242 794 1362 842 locis
1390 793 1553 856 Scrip-

169 881 311 928 turae,
334 888 443 935 quae
482 872 630 919 fidem
670 887 863 919 omnem
887 870 951 918 ad
985 870 1191 918 salutem
1230 868 1554 917 neeessariam

170 947 342 996 dicunt
366 963 470 995 esse
494 947 702 995 facilem.
774 947 826 995 Si
849 946 979 993 enim
1002 960 1224 993 assensus
1239 944 1389 992 animi
1406 944 1555 992 inter-

168 1039 262 1072 nus
283 1023 347 1071 ad
369 1039 537 1071 omnes
562 1022 808 1070 doctrinas
833 1021 965 1078 fidei,
990 1037 1099 1084 quae
1133 1036 1264 1068 nune
1300 1019 1553 1077 docentur,

170 1115 375 1163 quarum
399 1114 576 1160 magna
599 1113 710 1160 pars
734 1097 880 1144 hodie
916 1096 1208 1170 disputatur,
1243 1103 1299 1143 ut
1333 1110 1555 1143 necessa-

169 1175 270 1223 rius
293 1173 639 1237 requireretur,
663 1172 786 1220 nihil
821 1170 1062 1219 difficilms
1086 1187 1190 1218 esse
1213 1179 1380 1234 posset
1404 1186 1551 1234 quam

171 1266 276 1298 esse
291 1249 644 1298 Christianum:
670 1264 760 1295 nec
775 1247 901 1295 latro
917 1247 965 1294 in
982 1246 1554 1307 eruce,(Luc.xxiii.42.),

170 1333 372 1389 propter
386 1325 535 1371 verba
548 1324 669 1382 haee,
688 1323 912 1380 Domine,
929 1329 1161 1370 memento
1177 1323 1270 1370 mei
1295 1339 1400 1370 eum
1416 1339 1554 1370 vene-

171 1400 248 1447 ris
265 1400 315 1447 in
339 1415 545 1464 regnum
570 1405 716 1456 tuum,
753 1398 929 1461 quibus
963 1397 1111 1445 alium
1145 1398 1407 1446 articulum
1441 1414 1556 1446 eon-

171 1475 328 1524 fessus
350 1491 451 1523 non
474 1483 549 1522 est
572 1483 752 1537 praeter
775 1474 921 1531 hune,
951 1473 1122 1520 Jesum
1149 1489 1259 1521 esse
1286 1468 1555 1532 Christum,

172 1551 347 1599 salvari
384 1557 614 1614 potuerat
634 1569 645 1596 :
702 1566 793 1597 nec
838 1556 1066 1612 potuerat
1112 1548 1290 1597 dixisse
1333 1549 1556 1597 Christus

177 1626 379 1688 (Matth.
403 1626 469 1674 xi.
496 1628 581 1686 30)
605 1644 616 1672 ε
653 1624 838 1689 Jugum
862 1641 1015 1671 meum
1019 1623 1195 1688 facile
1218 1630 1310 1682 est,
1348 1631 1399 1672 et
1436 1641 1558 1672 onus

174 1719 326 1750 meum
366 1701 471 1749 leve
510 1707 586 1748 est
601 1720 618 1748 .·
670 1716 829 1763 neque
870 1700 1070 1761 (Matth.
1107 1699 1236 1747 xviii.
1273 1701 1343 1761 6.)
1381 1716 1557 1763 parvos

172 1793 351 1841 pueros
370 1777 421 1824 in
446 1776 583 1824 illum
606 1776 807 1823 eredere
828 1794 839 1822 ι
875 1791 967 1823 nec
984 1783 1214 1838 potuerat
1230 1775 1409 1823 dixisse
1434 1776 1557 1823 Pau-

172 1853 250 1902 lus
298 1853 343 1913 (Ι
390 1853 501 1900 Cor.
539 1852 568 1899 i.
609 1853 692 1913 21)
712 1871 722 1898 :
778 1850 951 1898 Libuit
995 1849 1106 1897 Deo
1142 1867 1246 1914 per
1291 1850 1558 1898 stultitiam

166 1928 549 1994 praedicationis
579 1943 786 1975 servare
821 1926 1111 1974 eredentes:
1147 1942 1306 1989 neque
1330 1926 1556 1990 denique,

176 2003 352 2052 Paulus
391 2004 494 2067 ipse
530 2011 632 2051 tam
668 2003 829 2050 subito
868 2002 1187 2060 ChristianuS,
1221 2002 1375 2050 multo
1398 2002 1558 2050 minus

177 2078 364 2127 Doctor
401 2079 616 2127 ecclesiae
649 2078 771 2127 adeo
806 2078 1040 2137 eminens,
1077 2078 1183 2125 fieri
1206 2085 1448 2141 potuerat,
1474 2078 1557 2141 qui

178 2153 241 2202 de
264 2153 794 2212 transubstantiatione,
818 2154 1121 2216 purgatorio,
1145 2153 1347 2216 aliisque
1382 2154 1560 2201 articu-

178 2228 238 2276 lis
261 2228 424 2276 multis
458 2244 567 2291 quae
599 2244 732 2276 nunc
765 2228 1110 2286 obtruduntur,
1152 2244 1401 2292 nunquam
1426 2228 1559 2291 quic-

180 2320 327 2368 quam
350 2303 587 2352 audierat.

246 2380 605 2442 Argumentum
636 2385 865 2441 quartum
905 2378 1115 2426 sumitur
1152 2394 1182 2426 a
1215 2378 1336 2426 locis
1361 2379 1560 2442 quibus-

181 2454 310 2509 dam.
342 2454 403 2502 de
440 2469 647 2517 quorum
682 2453 1088 2517 interpretatione
1123 2470 1373 2516 nunquam
1397 2455 1561 2503 extitit

181 2529 525 2586 controversia,
540 2536 598 2576 ut
609 2527 720 2576 Joh.
735 2545 782 2576 v.
803 2534 896 2577 39:
922 2529 1227 2577 Scrutamini
1245 2530 1559 2594 Scripturas,

181 2605 301 2670 quia
318 2603 550 2653 videmini
563 2603 699 2651 vobis
716 2604 767 2652 in
785 2604 914 2670 ipsis
931 2605 1081 2652 vitam
1099 2611 1331 2652 aeternam
1347 2604 1560 2660 babere,·

182 2687 233 2728 et
256 2679 361 2728 illae
388 2686 501 2728 sunt
535 2695 643 2744 quoe
665 2685 917 2728 testantur
940 2680 1003 2728 de
1027 2697 1115 2727 me.
1186 2680 1450 2743 Scriptnrae
1473 2696 1559 2728 an-

181 2764 283 2804 tem
304 2755 416 2813 illae,
439 2755 546 2803 aliae
570 2770 668 2802 non
690 2761 830 2802 erant
862 2763 1043 2819 praeter
1075 2755 1441 2803 Testamentum
1463 2755 1559 2803 Ve-

182 2839 263 2879 tus
281 2847 294 2886 ;
330 2829 525 2878 Novum
548 2829 679 2877 enim
700 2828 918 2878 nondum
940 2830 1174 2893 seriptum
1197 2837 1319 2878 erat.
1388 2831 1486 2880 Sed
1507 2831 1558 2879 in

181 2906 494 2954 Testamento
511 2904 690 2953 Vetere
707 2903 768 2952 de
794 2903 990 2953 Christo
1013 2904 1135 2952 nihil
1153 2905 1414 2966 invenitur,
1438 2922 1560 2971 prae-

0 2427 31 2873 ..41L24Jf‘125325432152'r3ss'<tw-‘jv‘-
13 2183 19 2190 .·
20 1937 33 1966 1,
16 1895 34 1914 4
26 1859 30 1862 ,
19 1754 22 1755 ,
22 1726 24 1728 ⁴
25 1689 28 1701 ,Δ
25 1641 34 1644 ,
16 1530 19 1531 ,
16 1470 24 1481 γ,
16 1347 18 1349 .
16 1311 19 1313 .
21 1178 23 1180 ,
13 855 16 860 >
13 815 20 833 1,
15 747 17 754 .,
4 719 8 728 “
