1910 3236
693 227 762 259 DE
793 227 1034 261 nomme.
1494 217 1557 259 53

169 353 265 401 que
302 336 597 400 significant,
635 353 828 400 nempe,
871 339 1153 401 opinionem
1191 338 1252 385 de
1293 336 1557 384 veracitate
1605 357 1811 391 offan,

171 413 307 476 ejus3
344 412 431 460 sed
467 412 666 460 credere
701 414 900 476 aliquod
935 414 1137 472 dictum,
1174 413 1418 477 significat
1452 412 1555 475 opi·
1573 411 1817 481 nexa

171 487 369 536 nionem
404 496 597 536 tantum
626 489 847 537 veritatis
883 491 1032 553 ipsius
1068 491 1203 539 dicti.
1272 489 1555 538 Notandum
1570 495 1815 571 3:3sz

173 572 338 612 autem
362 572 436 612 est
459 564 724 612 dictionem
748 566 874 613 hanc
907 567 1056 614 credo
1092 567 1156 626 in,
1185 574 1241 614 ut
1264 574 1313 614 et
1336 566 1558 614 Graecam

175 644 354 687 πιστέυω
385 638 458 699 Zac,
482 641 726 688 rarissime
750 644 975 705 usurpari
1000 652 1328 706 praeterquam
1352 644 1403 690 in
1426 640 1562 690 libris

175 715 478 779 theologicis.
550 717 823 780 Scriptores
865 720 1031 766 caeteri
1068 720 1238 767 dicunt
1273 719 1423 767 credo
1464 717 1561 776 illi,

175 791 368 854 corfido
388 792 483 850 illi,
501 793 663 855 fidem
690 793 768 841 illi
792 794 964 842 habeo.

245 866 343 915 Sed
365 867 574 915 credere
595 868 660 927 in,
685 869 736 916 in
761 870 981 932 symbolo
1005 868 1119 918 fidei
1139 870 1444 927 Christianae,
1460 885 1562 917 non

175 942 371 1007 proprie
396 943 641 1007 significat
663 944 810 992 fidem
845 961 954 1008 quae
984 946 1192 994 habetur
1214 963 1450 1009 personae,
1476 945 1562 993 sed

177 1018 416 1067 doetrinae
457 1019 678 1082 pluribus
713 1021 931 1068 articulis
965 1023 1228 1085 propositae
1263 1022 1563 1085 agnitionem

178 1094 280 1143 sive
326 1094 698 1143 confessionem.
768 1097 963 1144 Etenim
1009 1113 1109 1145 non
1151 1098 1415 1146 Christiani
1456 1097 1562 1154 soli,

178 1170 265 1219 sed
287 1170 436 1218 etiam
468 1171 690 1219 homines
719 1188 889 1220 omnes
913 1172 982 1220 ita
1003 1174 1054 1220 in
1079 1173 1237 1221 Deum
1262 1173 1484 1232 credunt,
1508 1182 1566 1220 ut

179 1247 411 1310 quicquid
447 1247 625 1296 dixerit
655 1249 733 1296 vel
765 1249 986 1297 dicturus
1018 1251 1082 1298 sit
1115 1267 1204 1314 pro
1238 1267 1354 1298 vero
1389 1266 1565 1313 agnos-

163 1332 327 1377 ·cant;
363 1322 510 1386 idque
546 1324 647 1372 sive
675 1325 968 1389 intelligant,
1003 1326 1103 1373 sive
1133 1343 1232 1374 non
1261 1326 1563 1389 intelligant:

180 1415 278 1463 qua
292 1398 389 1447 fide
407 1401 564 1463 major
581 1417 685 1448 esse
702 1401 838 1449 nulla
853 1410 1033 1466 potest.
1103 1402 1388 1450 Doctrinam
1402 1410 1567 1449 autem

179 1475 387 1539 symboli
410 1491 510 1523 non
533 1492 703 1524 omnes
727 1476 952 1536 credunt,
977 1478 1063 1526 sed
1087 1478 1177 1526 soli
1201 1477 1481 1526 Christiani.

248 1550 568 1599 Manifestum
609 1552 725 1600 hinc
763 1561 852 1611 est,
888 1554 1020 1617 quod
1055 1554 1138 1618 qui
1175 1570 1346 1602 verum
1386 1552 1569 1616 aliquid

180 1642 286 1675 aese
309 1635 456 1690 putat
480 1643 580 1675 non
599 1637 805 1692 propter
837 1638 1131 1693 argumenta
1164 1637 1359 1693 sumpta
1381 1645 1441 1677 ex
1464 1629 1569 1692 ipsa

179 1718 234 1750 re
257 1711 345 1751 aut
368 1718 428 1750 ex
450 1703 704 1767 principiis
722 1705 927 1753 rationis
947 1707 1198 1766 naturalis,
1215 1707 1301 1754 sed
1319 1707 1380 1754 ab
1395 1706 1566 1754 autho-

180 1778 326 1826 ritate
349 1787 401 1826 et
423 1779 484 1826 ab
508 1779 872 1828 existimatione
902 1782 1033 1830 bona
1062 1798 1285 1845 personae
1307 1782 1568 1845 loquentis,

180 1853 297 1902 fidei
337 1855 443 1918 ejus
483 1855 731 1918 objectum
779 1857 1116 1921 principaliter
1149 1867 1200 1905 et
1234 1857 1431 1921 proprie
1465 1872 1568 1904 esse

180 1944 442 1992 personam
486 1930 786 1994 loquentem.
858 1933 1032 1996 Itaque
1078 1933 1274 1996 quando
1327 1932 1569 1981 credimus

184 2004 464 2068 Scripturas
504 2006 678 2054 Sacras
714 2022 817 2055 esse
841 2009 1045 2056 verbum
1083 2009 1190 2067 Dei,
1226 2009 1348 2057 fides
1388 2016 1571 2064 nostra,

182 2080 278 2128 nisi
329 2081 589 2144 specialem
635 2082 849 2146 aliquam
894 2085 1162 2132 habeamus
1202 2085 1569 2142 revelationem,

183 2156 477 2205 terminatur
501 2157 551 2204 in
576 2159 797 2217 ecclesia,
823 2159 874 2206 in
892 2161 1030 2222 cujus
1053 2160 1352 2208 authoritate
1376 2160 1571 2223 acquie-

183 2232 356 2281 vimus.
424 2233 588 2281 Etiam
624 2234 709 2293 illi,
734 2235 819 2298 qui
843 2236 1051 2284 credunt
1090 2236 1142 2284 id
1180 2236 1312 2299 quod
1345 2243 1573 2284 narratur

184 2307 278 2356 Dei
307 2308 505 2356 nomine
539 2325 570 2357 a
602 2310 859 2374 propheta,
894 2311 1041 2358 fidem
1085 2312 1339 2375 prophetae
1375 2311 1571 2367 habere,

183 2383 418 2447 illumque
453 2384 714 2443 honorare,
753 2386 823 2433 illi
861 2386 1062 2434 credere
1098 2396 1148 2434 et
1182 2386 1334 2434 fidere
1379 2384 1573 2434 dicendi

185 2469 322 2516 sunt,
358 2460 460 2508 sive
500 2477 644 2508 verus
682 2462 783 2510 sive
821 2462 971 2510 falsus
1008 2463 1070 2510 sit
1102 2462 1354 2525 propheta.
1413 2460 1574 2508 Etiam

185 2535 318 2584 circa
352 2545 556 2584 caeteras
591 2537 820 2586 historias
856 2538 1029 2586 eodem
1052 2538 1199 2586 modo
1223 2554 1274 2586 se
1296 2553 1373 2585 res
1411 2536 1575 2584 habet.

187 2610 318 2659 Nam
358 2611 399 2659 si
440 2612 604 2660 omnia
639 2629 712 2671 ea,
755 2630 866 2677 quae
903 2613 964 2661 de
995 2613 1256 2661 virtutibus
1291 2612 1425 2660 dicta
1463 2618 1578 2659 sunt

187 2686 455 2734 Alexandri
471 2696 556 2736 aut
574 2688 795 2748 Caesaris,
812 2689 1010 2737 credere
1029 2705 1319 2747 recusarem,
1336 2705 1434 2736 non
1457 2696 1580 2751 puto

188 2761 297 2809 illos
351 2763 528 2811 merito
585 2764 704 2811 mihi
747 2780 1066 2812 succensuros
1124 2780 1241 2822 esse,
1288 2772 1374 2811 aut
1430 2763 1579 2811 alium

187 2836 457 2901 quemlibet
474 2846 654 2901 praeter
676 2840 896 2888 historiae
921 2841 1316 2903 conscriptorem.
1369 2840 1420 2889 Si
1444 2840 1582 2888 Livio
