1968 3236
434 259 530 302 468
770 269 839 301 DE
867 267 1054 301 REGNo
1082 266 1485 301 TENEBRARUM.

170 381 530 444 CAP.xL1v.filii
553 380 696 442 hujus
720 379 877 426 seculi
900 379 1099 436 nubunt,
1124 385 1174 425 et
1189 379 1462 427 traduntur
1486 379 1558 426 cul
1578 378 1783 442 nuptias
1798 395 1816 425 .·

192 454 380 476 ᾓ-Ὑῌ

174 495 218 522 De
232 496 355 523 tenebris

173 539 371 575 spiritualibus

173 582 209 609 ab
223 582 388 619 interpreta-

436 456 515 503 illi
540 473 670 514 vero,
705 455 790 520 qui
832 455 978 518 digni
1020 454 1328 502 habebuntur
1366 454 1531 502 seculo
1557 454 1646 501 illo
1665 460 1715 500 et
1738 469 1818 501 re-

437 532 746 579 surreetione
769 547 830 577 ex
855 530 1078 588 mortuis,
1105 547 1261 593 neque
1295 530 1491 588 nubent,
1534 546 1690 594 neque
1728 529 1818 576 (lu-

173 625 411 653 tionenonrecta
438 614 548 655 cent
585 622 781 664 uxores,
821 621 978 669 neque
1017 605 1144 651 enim
1190 605 1330 652 ultra
1372 605 1498 652 mori
1537 610 1781 669 poterunt
1800 622 1818 658 ,·

175 668 399 705 Scripturarum.

437 682 651 747 (equale-s·
682 680 806 727 enim
832 679 1032 743 angelis
1057 686 1185 737 sunt,
1215 687 1265 727 et
1285 680 1397 742 filii
1432 687 1547 728 sunt
1571 679 1688 738 Dei,
1713 695 1819 727 cnm

434 756 655 819 sintfilii
679 754 1081 802 resurrectionis.
1153 755 1210 802 In
1235 756 1410 818 quibus
1425 755 1584 803 verbis
1601 754 1820 802 notanda

432 834 526 881 tria
549 839 677 889 sunt,
701 831 928 894 primum,
955 830 1086 893 quod
1105 837 1298 894 tempus
1321 847 1477 895 usque
1501 831 1565 879 ad
1598 846 1818 878 resurec-

433 910 615 956 tionem
639 906 850 970 appellat
864 906 1081 953 seculum
1098 922 1249 953 unum
1272 924 1283 959 ;
1309 913 1500 970 tempus
1519 914 1684 954 autem
1707 915 1820 969 post

432 983 836 1031 resurrectionem
861 982 1075 1045 appellat
1099 982 1315 1030 seculum
1339 983 1564 1030 alterum.
1636 982 1820 1030 Secun-

433 1060 563 1117 dum,
583 1058 711 1122 quod
738 1058 997 1121 distinguit
1021 1058 1150 1106 inter
1172 1058 1298 1107 filios
1316 1058 1488 1106 mundi
1512 1058 1672 1121 hujus,
1691 1064 1740 1105 et
1763 1057 1820 1104 fi-

431 1136 520 1183 lios
536 1134 705 1183 mundi
722 1134 935 1189 venturi;
956 1150 1013 1181 eo
1032 1133 1164 1197 quod
1176 1134 1264 1182 filii
1278 1134 1450 1182 mundi
1463 1133 1674 1191 venturi,
1690 1132 1818 1180 mori

432 1212 608 1259 iterum
623 1226 723 1257 non
746 1216 965 1273 possunt,
987 1209 1194 1257 innuens
1219 1210 1452 1273 reprobos
1471 1209 1650 1257 iterum
1673 1208 1822 1256 mori-

432 1294 568 1334 turos
593 1301 713 1333 esse.
771 1285 1006 1341 Tertium,
1046 1285 1179 1348 quod
1200 1285 1326 1333 filios
1349 1285 1494 1348 hujus
1517 1283 1690 1332 mundi
1714 1283 1822 1347 dig-

433 1378 522 1410 nos
554 1378 649 1409 non
671 1361 789 1408 dicit
812 1376 917 1408 esse
940 1361 1297 1408 resurrectione
1321 1377 1351 1408 a
1373 1360 1595 1418 mortuis,
1614 1366 1664 1407 et
1687 1359 1823 1423 quod

433 1438 520 1486 filii
559 1437 651 1485 Dei
687 1436 797 1484 ideo
827 1436 1038 1499 aequales
1057 1443 1202 1483 erunt
1225 1436 1427 1499 angelis,
1461 1436 1576 1498 quia
1598 1443 1713 1483 sunt
1734 1435 1823 1483 filii

433 1512 830 1567 resurrectionis3
856 1527 914 1559 ex
940 1527 1036 1574 quo
1062 1511 1296 1574 sequitur,
1321 1512 1554 1575 reprobos
1578 1526 1823 1559 resurrec-

432 1596 567 1636 turos
598 1588 795 1635 omnino
818 1603 920 1635 non
944 1603 1047 1636 esse
1070 1594 1398 1650 praeterquam
1421 1587 1484 1635 ad
1514 1594 1724 1635 mortem
1748 1602 1824 1635 se-

436 1665 645 1712 cundam
673 1685 685 1719 ;
737 1664 824 1712 filii
870 1664 1000 1711 enim
1046 1663 1415 1712 resurrectionis
1459 1663 1549 1710 filii
1595 1663 1688 1711 Dei
1732 1663 1823 1711 soli

437 1747 565 1788 sunt.

503 1815 752 1863 Doctrinae
776 1815 889 1862 huic
908 1814 982 1864 ‚de
1017 1815 1289 1862 animarum
1317 1821 1649 1877 separatarum
1681 1820 1823 1862 aeter-

434 1891 589 1938 nitate
623 1892 835 1939 naturali
866 1891 1235 1954 superstruitur,
1270 1898 1328 1938 ut
1361 1898 1476 1937 ante
1519 1889 1706 1937 dictum
1730 1898 1822 1950 est,

437 1965 662 2014 doctrina
695 1968 983 2030 purgatorii.
1074 1966 1337 2030 Supposito
1379 1965 1526 2024 enim,
1557 1965 1690 2028 quod
1721 1965 1825 2014 vita

438 2050 622 2090 aeterna
641 2043 858 2091 fidelium
878 2043 1092 2091 solorum
1117 2043 1196 2101 sit,
1223 2050 1273 2090 et
1297 2057 1385 2106 per
1408 2041 1635 2105 gratiam,
1660 2042 1824 2106 sequi-

438 2126 518 2165 tur
540 2118 905 2167 immortalitem
925 2119 1108 2166 nullam
1133 2134 1238 2166 esse
1262 2133 1406 2181 posse
1440 2125 1555 2165 ante
1579 2133 1824 2165 resurrec-

439 2193 638 2242 tionem.
709 2195 839 2242 Looa
865 2195 1130 2258 Scripturae
1154 2194 1418 2251 canonicae,
1457 2209 1565 2256 quae
1588 2193 1712 2241 citat
1732 2208 1824 2257 pro

437 2269 720 2331 purgatorio
748 2269 1083 2328 Bellarminus,
1126 2278 1241 2317 sunt
1281 2269 1456 2332 primo,
1499 2268 1633 2332 quod
1664 2267 1824 2317 David

438 2358 526 2405 pro
556 2344 701 2391 Saulo
738 2353 787 2391 et
820 2344 1100 2392 Jonathano
1131 2345 1377 2407 jejunaret
1405 2344 1455 2405 (2
1485 2344 1616 2391 Sam.
1640 2343 1673 2392 i.
1705 2344 1784 2405 12)
1809 2362 1821 2392 ι

439 2425 487 2465 et
510 2435 676 2466 rursus
704 2421 755 2478 (2
782 2420 911 2467 Sam.
948 2419 1014 2467 iii.
1053 2420 1157 2480 35),
1184 2419 1316 2482 quod
1344 2420 1591 2483 jejunaret
1622 2427 1825 2483 propter

439 2502 645 2542 mortem
671 2495 870 2542 Abneri.
938 2495 966 2542 J
971 2495 1187 2558 ejunium
1226 2495 1320 2543 hoc
1359 2494 1559 2543 Davidis
1594 2511 1684 2558 pro
1723 2496 1823 2544 fine

438 2568 663 2618 habuisse
687 2571 822 2628 dicit,
841 2571 1023 2618 bonum
1048 2570 1244 2634 aliquod
1266 2571 1359 2619 illis
1381 2579 1494 2635 post
1510 2578 1718 2619 mortem
1740 2586 1824 2620 eo-

439 2660 546 2691 rum
570 2662 599 2692 a
621 2646 726 2693 Deo
749 2645 1123 2708 impetrandum.
1180 2646 1279 2694 Cur
1303 2645 1501 2694 autem?
1544 2646 1688 2704 Quia,
1710 2662 1823 2695 oum

439 2735 527 2781 pro
566 2736 653 2767 suo
694 2720 844 2783 ipsius
878 2720 978 2767 filio
1017 2728 1285 2783 aegrotante
1324 2722 1579 2784 jejunabat
1613 2722 1665 2781 (2
1691 2722 1822 2771 Sam.

440 2794 521 2851 xii,
554 2796 651 2853 16),
685 2804 943 2859 postquam
975 2795 1215 2843 intellexit
1254 2804 1501 2844 mortuum
1525 2797 1663 2844 illum
1701 2813 1821 2856 esse,

440 2869 600 2917 cibum
629 2871 846 2934 sumpsit.
918 2871 1104 2919 Deinde
1128 2872 1291 2934 arguit
1315 2872 1415 2927 sic;
1452 2872 1683 2935 quoniam
1719 2873 1824 2921 ani-
