1968 3236
165 373 267 404 CAP.
288 372 388 405 xxl.

183 426 370 448 κ--Ὺ--ν

185 465 230 494 De
242 465 374 495 libertate

183 518 299 538 civium.

435 232 523 274 164
941 239 1011 272 DE
1040 239 1312 274 CIVITATE.

429 354 490 400 ab
537 352 630 400 illis
668 351 852 415 primis,
900 350 982 413 qui
1027 366 1139 397 cum
1185 366 1426 398 summum
1472 351 1808 414 imperantem,

429 444 604 492 nempe
632 443 798 488 regem
822 442 978 484 suum,
1003 425 1354 489 deposuissent,
1379 442 1616 475 summam
1640 427 1810 475 Romae

430 511 725 568 potestatem
769 503 898 550 inter
939 517 990 549 se
1031 501 1311 549 diviserant.
1382 502 1614 550 Lectione
1646 510 1811 550 autem

430 580 666 628 librorum
706 579 880 626 horum
922 593 952 624 a
982 577 1164 624 Graecis
1201 584 1250 624 et
1294 577 1478 624 Latinis
1518 578 1811 641 scriptorum

429 656 614 703 factum
640 662 728 713 est,
759 661 816 702 ut
838 653 1059 701 homines
1078 652 1248 710 nostri,
1272 652 1332 700 ab
1357 652 1564 701 infantia
1587 653 1810 716 opinion-

430 732 538 779 ibus
552 731 646 778 illis
661 729 902 787 innutriti,
913 729 1002 776 sub
1018 727 1272 776 libertatis
1279 727 1402 775 falsa
1415 728 1574 791 specie
1588 728 1810 776 habitum

429 806 628 855 tandem
654 804 986 853 contraxerint
1020 803 1309 852 tumultibus
1343 802 1554 862 favendi,
1590 804 1809 852 actiones

429 897 598 929 eorum
636 881 719 944 qui
749 896 988 928 summam
1025 881 1207 928 habent
1234 886 1523 943 potestatem
1551 881 1810 944 reprehen-

426 956 587 1015 dendi,
609 964 659 1005 et
687 972 852 1004 rursus
871 956 1259 1019 reprehendendi
1277 956 1650 1019 reprehensores
1668 957 1776 1005 illos
1796 977 1809 1012 ;

424 1032 570 1095 idque
595 1048 707 1080 cum
730 1033 856 1080 tanti
880 1031 1128 1095 sanguinis
1144 1031 1393 1090 effusione,
1408 1037 1464 1079 ut
1481 1047 1594 1079 vere
1612 1032 1810 1095 possim,

423 1115 560 1172 puto,
586 1108 826 1155 affirmare
849 1123 1100 1170 nunquam
1124 1107 1380 1170 quicquam
1407 1114 1509 1155 tam
1542 1123 1653 1156 care
1676 1123 1811 1172 emp-

424 1192 530 1231 tum
553 1200 673 1242 esse,
699 1199 845 1247 quam
880 1184 1161 1231 Graecorum
1194 1183 1575 1246 Latinorumque
1616 1183 1809 1248 linguas

425 1266 647 1307 emerunt
668 1266 833 1323 partes
855 1259 933 1306 hae
964 1258 1134 1306 mundi
1158 1257 1498 1306 occidentales.

491 1334 561 1382 Ut
582 1334 832 1382 veniamus
851 1335 954 1397 jam
978 1333 1041 1381 ad
1066 1333 1191 1381 eain
1215 1334 1390 1397 quibus
1409 1333 1606 1382 libertas
1631 1333 1812 1382 civium

424 1425 539 1457 vera
563 1410 802 1467 consistit,
834 1409 886 1457 id
910 1417 998 1468 est,
1014 1416 1070 1457 ut
1101 1410 1318 1457 dicamus
1350 1426 1574 1473 quaenam
1598 1409 1695 1458 illae
1729 1425 1812 1458 ac-

424 1484 580 1533 tiones
606 1493 721 1533 sunt
754 1502 879 1550 quae,
911 1487 1058 1549 jussae
1099 1486 1159 1534 ab
1185 1502 1243 1533 eo
1277 1486 1360 1549 qui
1401 1502 1639 1534 summam
1661 1485 1812 1534 habet

423 1568 731 1623 potestatem,
756 1568 960 1623 possunt
984 1569 1147 1608 tamen
1189 1561 1292 1608 sine
1332 1561 1573 1624 injustitia
1610 1567 1811 1624 praeter-

424 1636 582 1691 mitti;
620 1637 1027 1684 considerandum
1062 1643 1150 1694 est,
1177 1653 1402 1700 quaenam
1434 1638 1546 1700 jura
1580 1636 1664 1684 illa
1697 1635 1809 1693 sint,

425 1728 534 1776 quae
557 1712 607 1759 in
632 1712 829 1760 civitate
869 1712 1168 1760 instituenda
1210 1711 1511 1775 deponimus,
1537 1711 1651 1770 sive,
1678 1711 1811 1775 quod

425 1787 554 1835 idem
579 1795 668 1845 est,
694 1804 814 1851 quas
837 1788 1086 1835 libertates
1112 1787 1355 1835 nobismet
1373 1788 1488 1850 ipsis
1513 1787 1810 1850 denegemus

425 1870 560 1922 tunc,
580 1863 775 1926 quando
792 1863 1007 1911 omnium
1023 1863 1272 1910 actionum
1290 1862 1575 1926 simpliciter
1597 1862 1810 1910 hominis

425 1939 502 1986 vel
539 1946 695 1986 coetus
732 1955 877 2002 quem
916 1954 1155 1986 summum
1193 1937 1414 1996 facimus,
1453 1938 1681 1986 authores
1717 1953 1809 1986 nos

425 2013 629 2062 facimus
658 2013 851 2076 singuli.
922 2014 980 2060 In
1005 2013 1111 2076 ipsa
1126 2012 1445 2060 submissione
1465 2012 1687 2060 consistit
1704 2020 1809 2060 tum

427 2088 688 2153 obligatio,
714 2097 819 2136 tum
840 2087 1065 2151 libertas,
1136 2088 1308 2150 Itaque
1333 2104 1392 2135 ex
1411 2088 1581 2135 eadem
1605 2088 1810 2137 submis-

426 2164 560 2212 sione
606 2163 914 2225 obligationis
961 2170 1010 2210 et
1054 2163 1295 2210 libertatis
1341 2172 1633 2226 argumenta
1683 2164 1809 2212 sumi

426 2239 620 2287 debent.
691 2238 838 2286 Nulla
861 2238 990 2285 enim
1005 2245 1199 2286 tenetur
1214 2238 1512 2301 obligatione
1537 2239 1808 2303 quisquam,

427 2331 535 2378 quae
569 2331 599 2362 a
634 2314 708 2362 sui
745 2314 894 2377 ipsius
919 2314 1110 2361 actione
1146 2329 1246 2361 non
1287 2314 1550 2377 procedat;
1587 2331 1699 2363 cum
1721 2331 1811 2379 per

425 2398 652 2438 naturam
675 2390 895 2438 homines
929 2390 1204 2437 libertatem
1245 2390 1481 2452 aequalem
1518 2406 1687 2438 omnes
1723 2391 1812 2439 ha-

425 2467 560 2514 bent.
631 2464 877 2514 Quoniam
900 2472 1063 2512 autem
1087 2472 1373 2526 argumenta
1398 2465 1481 2512 illa
1503 2465 1580 2513 vel
1603 2466 1665 2514 ab
1693 2466 1810 2530 ipsis

425 2541 602 2600 verbis,
625 2557 816 2604 nempe,
842 2539 1086 2588 actionum
1108 2539 1315 2587 omnium
1340 2542 1447 2603 eju-s·
1472 2540 1696 2600 hominis,
1729 2541 1811 2590 cui

425 2633 654 2665 summam
678 2616 936 2665 tribuimus
953 2621 1271 2680 potestatem,
1297 2616 1551 2664 authorem
1567 2633 1640 2664 me
1636 2616 1809 2681 facio,

425 2693 503 2741 vel
550 2693 612 2740 ab
659 2692 933 2740 intentione
979 2692 1082 2754 ejus
1119 2691 1202 2754 qui
1238 2693 1471 2754 potestati
1509 2708 1712 2741 summae
1757 2707 1809 2741 se

427 2768 687 2829 submittit,
713 2784 821 2832 quae
857 2767 1068 2816 intentio
1100 2767 1390 2830 intelligitur
1418 2784 1449 2815 a
1475 2769 1574 2816 fine
1611 2774 1811 2832 propter

427 2861 572 2908 quem
595 2860 646 2893 se
670 2843 928 2903 submittit,
954 2843 1190 2892 sumenda
1208 2852 1350 2899 sunt;
1388 2843 1622 2908 obligatio
1646 2850 1696 2893 et
1717 2843 1810 2892 lib-
