1968 3236
0 0 48 311 Ι
519 238 591 271 nn
617 237 876 271 cwrrA'rE
904 235 1259 270 cnmsnANA.
1483 222 1580 275 375

195 346 331 411 quod
343 346 596 396 Christum
613 347 876 413 oportebat
892 347 1027 412 pati,
1042 354 1093 395 et
1109 364 1171 395 ex
1189 345 1397 394 mortuis
1411 361 1582 394 resur-
1616 368 1719 401 eff,
1734 366 1811 400 xm
1817 367 1850 400 1,

190 438 335 488 gere,
358 431 409 472 et
431 425 567 489 quod
598 425 679 471 hic
702 424 865 482 JesuS,
889 440 1029 488 quem
1053 439 1148 488 ego
1171 421 1306 470 vobis
1332 421 1579 487 proedico,
1632 423 1829 498 m

195 504 273 546 est
299 497 546 547 Christus.
598 499 881 563 Scripturae‚
897 515 1016 562 quas
1035 499 1233 557 citabat,
1251 505 1394 546 eraut
1413 497 1581 546 Judae-
1630 478 1834 541 oectffiuum

196 589 353 633 orum,
391 590 580 638 nempe,
618 575 987 623 Testamentum
1011 574 1179 621 Vetus.
1250 572 1342 632 Illi,
1374 572 1438 621 ad
1461 589 1582 636 quos

195 649 491 713 probaturus
515 659 622 698 erat
644 650 813 697 Jesum
837 666 947 696 esse
974 649 1226 696 Christum
1248 654 1297 696 et
1320 664 1353 695 a
1376 649 1583 696 mortuis

196 725 729 784 resuscitatm1z,Judaei
746 741 939 788 quoque
957 732 1111 783 erant,
1121 732 1170 772 et
1186 724 1462 788 Scripturas
1476 724 1583 772 illas

195 801 398 848 verbum
422 801 513 849 Dei
537 817 640 849 esse
666 801 995 858 crediderunt,
1019 808 1069 847 et
1097 801 1243 860 (verS.
1268 805 1317 858 4,
1343 802 1394 860 5)
1422 798 1584 864 aliqui

197 892 362 924 eorum
402 877 743 934 crediderunt,
767 877 848 924 alii
885 893 978 924 non
1015 875 1355 923 crediderunt.
1425 874 1584 923 Causa

196 966 315 1015 ergo
339 967 507 1015 quare,
532 968 643 999 cum
670 952 935 1014 Scripturis
959 967 1128 999 omnes
1151 950 1334 1014 pariter
1366 949 1584 998 credide-

196 1027 315 1086 rint,
340 1027 489 1075 Paulo
514 1036 678 1075 tamen
696 1027 882 1091 pariter
898 1043 998 1075 non
1022 1026 1334 1083 crediderint,
1358 1042 1585 1090 quaenam

197 1111 319 1162 erat,
334 1104 427 1151 nisi
443 1103 573 1166 quod
594 1103 653 1150 de
678 1103 1081 1181 interpretatiqpe
1098 1102 1462 1165 Scripturarum
1486 1101 1582 1149 dis-

198 1179 472 1233 senserint3
509 1187 559 1226 et
593 1179 715 1226 alius
751 1178 1206 1242 interpretationem
1241 1177 1585 1241 approbaverit

201 1255 251 1303 S.
269 1254 420 1312 Pauli,
436 1254 559 1301 alius
583 1254 775 1302 sibimet
799 1255 890 1317 ipsi
909 1254 1016 1302 illas
1035 1254 1386 1317 interpretatus
1403 1252 1584 1301 fuerit?

202 1330 367 1379 Quare
391 1338 555 1377 autem
589 1330 716 1378 hoc?
805 1329 935 1378 Quia
958 1329 1144 1376 scilicet
1178 1329 1242 1376 ad
1264 1345 1347 1376 eos
1381 1329 1587 1376 accessit

201 1406 251 1455 S.
278 1405 455 1454 Paulus
487 1406 591 1453 sine
617 1405 751 1453 omni
776 1405 1010 1453 mandato
1035 1404 1275 1456 civitatis:
1299 1412 1356 1452 ut
1379 1404 1463 1468 qui
1485 1419 1587 1451 non

199 1482 264 1530 ad
297 1481 653 1544 imperandum,
695 1481 781 1528 sed
815 1481 879 1529 ad
909 1481 1305 1544 persuadendum
1338 1480 1584 1534 venisset;

199 1566 250 1606 et
284 1557 399 1620 quia
434 1556 727 1620 persuadere
751 1556 921 1614 voluit,
945 1572 1143 1604 necesse
1178 1556 1249 1604 illi
1271 1564 1378 1604 erat
1400 1555 1478 1603 vel
1499 1570 1588 1619 per

199 1632 436 1681 miracula
452 1631 504 1679 id
520 1632 696 1688 facere,
715 1639 768 1680 ut
787 1632 951 1680 Moses
968 1631 1202 1679 Israelitis
1220 1632 1272 1679 in
1285 1632 1517 1695 AEgypto,
1532 1640 1589 1679 ut

200 1707 551 1756 authoritatem
574 1724 711 1755 suam
734 1707 1015 1756 ostenderet
1031 1723 1120 1771 per
1142 1723 1292 1771 opera
1314 1707 1496 1766 divina,
1511 1707 1589 1754 vel

199 1799 289 1848 per
312 1783 692 1847 disputationem
715 1784 766 1831 in
792 1800 1056 1848 synagoga,
1092 1799 1153 1832 ex
1178 1784 1443 1847 Scripturis
1468 1798 1588 1846 quas

200 1867 502 1922 receperant,
539 1866 596 1906 ut
632 1859 810 1907 veritas
850 1859 1088 1907 doctrinae
1125 1875 1226 1907 suae
1259 1875 1349 1923 per
1384 1859 1590 1906 verbum

202 1933 423 1983 divinum
462 1950 697 1998 apparere
742 1946 922 1998 posset.
1015 1935 1309 1998 Quicunque
1355 1942 1521 1982 autem
1560 1949 1591 1981 a

201 2010 455 2074 principiis
478 2010 673 2074 scriptis
696 2011 1032 2070 ratiocinatur,
1057 2012 1377 2074 interpretem
1411 2009 1591 2073 princi-

202 2085 395 2150 piorum
436 2085 572 2133 illum
609 2086 745 2145 facit,
784 2102 929 2150 quem
963 2086 1242 2150 alloquitur.
1336 2084 1589 2148 Siquidem

202 2168 369 2210 autem
383 2177 568 2219 eorum,
582 2178 692 2224 quae
707 2162 875 2210 citavit
891 2162 940 2210 S.
951 2162 1130 2210 Paulus
1154 2177 1213 2209 ex
1231 2161 1485 2223 Scriptura
1504 2160 1588 2207 Sa-

204 2251 304 2295 cra,
320 2237 481 2285 Judaei
497 2237 952 2286 Thessalonicenses
962 2238 1153 2301 judices
1173 2253 1271 2284 non
1292 2244 1450 2294 erant,
1478 2235 1587 2298 quis

204 2319 312 2360 erat
327 2312 481 2360 alius?
553 2313 604 2360 Si
630 2313 680 2361 S.
698 2313 889 2371 Paulus,
910 2313 1029 2376 quid
1051 2328 1174 2376 opus
1197 2320 1303 2359 erat
1326 2311 1584 2374 quicquam

205 2386 391 2435 citare?
442 2387 635 2435 Dixisse
658 2388 942 2446 suffecisset,
967 2388 1038 2436 ita
1060 2396 1135 2435 est
1158 2387 1392 2450 scriptum
1410 2386 1461 2433 in
1480 2386 1587 2449 lege

204 2469 382 2520 vaetra,
406 2464 544 2526 cujus
577 2480 669 2527 ego
702 2464 942 2527 interpres
977 2479 1100 2521 sum,
1125 2479 1155 2510 a
1177 2462 1371 2510 Christo
1395 2461 1586 2509 missus.

208 2536 524 2585 Manifestum
543 2553 660 2601 ergo
683 2547 774 2597 est,
798 2539 1116 2602 interpretem
1138 2538 1516 2600 Scripturarum,
1535 2536 1586 2584 in

208 2611 347 2674 cujus
386 2611 789 2675 interpretatione
822 2613 983 2662 Judaei
1018 2612 1470 2661 Thessalonicenses
1505 2627 1587 2659 ac-

209 2686 457 2749 quiescere
480 2686 835 2750 obligabantur,
862 2689 1011 2736 fuisse
1033 2688 1220 2735 nullum
1241 2706 1252 2734 :
1289 2686 1487 2735 credere
1510 2687 1587 2735 vel

210 2776 309 2808 non
331 2760 530 2809 credere
551 2762 831 2827 unicuique,
854 2773 1004 2827 prout
1027 2779 1137 2827 quae
1155 2762 1290 2811 dicta
1313 2770 1456 2810 erant
1477 2778 1588 2826 pro·

210 2836 327 2884 bata
370 2836 447 2884 vel
488 2852 587 2885 non
628 2837 834 2900 probata
878 2839 1185 2896 videbantur,
1232 2836 1421 2886 licitum
1467 2845 1587 2886 erat.
