1968 3236
505 226 577 260 nss
598 226 855 260 εῐνιτΑτΕ
882 223 1237 260 cnmsnANA.
1457 213 1552 267 415

172 345 325 387 tatem
356 337 659 401 pontificiam
695 337 852 385 sciens
885 337 1063 385 abusus
1097 343 1184 384 est.
1268 333 1416 384 Quod
1449 334 1556 396 lege
1587 354 1690 387 cn.
1710 352 1823 385 xm.

174 413 457 478 imponitur,
481 413 520 460 si
546 413 742 475 quidem
766 428 914 476 grave
949 412 1027 468 sit,
1051 410 1216 459 vocari
1251 410 1399 458 etiam
1434 425 1557 456 onus
1610 407 1807 492 m

173 497 338 554 potoet
375 504 464 552 per
501 488 853 551 metaphoram.
946 488 1109 535 Etiam
1142 485 1276 550 quod
1302 502 1333 533 a
1366 484 1557 533 medico
1607 497 1811 527 cocle-dmin

175 564 446 629 imponitur
460 564 718 626 aegrotanti
736 563 1000 611 bibendum
1015 563 1347 626 pharmacum,
1356 561 1396 608 si
1409 576 1556 624 grave

177 641 256 699 sit,
276 640 425 688 etiam
444 656 568 687 onus
590 640 824 703 appellari
841 647 1017 703 potest.
1072 638 1220 687 Quod
1234 638 1312 685 lex
1334 636 1556 700 imponit,

177 715 243 765 ad
264 716 448 764 bonum
477 715 778 778 imperantis,
803 715 855 762 id
890 724 980 773 est,
1006 714 1070 762 ad
1103 715 1286 762 bonum
1308 712 1559 776 publicum

178 791 476 856 imponitur;
512 790 720 854 ideoque
755 791 812 849 is,
848 792 927 838 cui
961 790 1228 854 imponitur
1265 804 1388 836 onus
1423 787 1559 846 illud,

178 866 396 932 perferre
430 874 670 930 quatenus
703 875 880 930 potest,
918 866 1179 929 obligatur.
1250 864 1348 912 Sed
1370 863 1503 927 quod
1531 879 1561 910 a

181 942 372 991 medico
394 941 678 1004 imponitur,
697 941 760 989 ad
787 942 970 989 bonum
994 940 1143 988 solius
1166 939 1452 1003 aegrotantis
1474 938 1563 986 im·-

180 1018 398 1084 ponitur‚
422 1032 579 1080 neque
603 1017 736 1064 aliud
759 1025 834 1064 est
857 1033 1002 1079 quam
1034 1015 1435 1063 convalescentiae
1459 1013 1565 1061 adi-

180 1092 427 1159 piscendae
451 1092 674 1155 apposita
706 1091 939 1149 conditio,
956 1107 1088 1167 guae
1109 1091 1150 1138 si
1176 1090 1460 1138 duriuscula
1482 1091 1563 1149 sit,

182 1168 457 1234 appellatur
490 1184 629 1215 onus.
712 1168 777 1216 Et
811 1168 937 1215 sicut
958 1174 1217 1231 praecepta
1247 1166 1563 1223 medicorum,

186 1246 258 1294 ita
298 1259 491 1308 quoque
536 1253 783 1307 praecepta
820 1252 1076 1307 pastorum
1121 1243 1225 1290 sine
1266 1241 1567 1289 authoritate

186 1321 318 1370 civili
352 1320 484 1383 leges
518 1335 618 1366 non
652 1328 781 1378 sunt,
806 1319 893 1367 sed
927 1318 1159 1372 consilia;
1196 1333 1305 1381 quae
1329 1317 1466 1380 sequi
1489 1317 1567 1365 vel

185 1396 435 1460 negligere
483 1410 571 1442 suo
607 1396 844 1459 cujusque
889 1395 1107 1459 periculo
1148 1395 1439 1457 permissum
1476 1402 1567 1441 est.

184 1472 304 1521 Tale
325 1478 491 1519 autem
525 1478 632 1518 erat
661 1486 800 1528 oum,
825 1470 886 1518 de
921 1486 1017 1533 quo
1041 1470 1093 1517 in
1116 1469 1213 1518 hoe
1247 1476 1386 1517 textu
1409 1484 1568 1517 sermo

185 1556 277 1606 oet,
300 1562 493 1610 nempe,
518 1545 652 1608 quod
668 1546 899 1609 gentibus
922 1545 1170 1593 conversis
1192 1546 1255 1593 ab
1290 1561 1376 1594 esu
1400 1560 1569 1593 eorum

186 1622 471 1673 animalium
506 1637 615 1684 quae
647 1621 953 1669 simulachris
979 1621 1232 1669 immolata
1254 1629 1410 1679 erant,
1435 1628 1486 1668 et
1509 1620 1570 1668 ab

188 1715 277 1748 esu
293 1697 519 1747 suffocati
542 1705 592 1745 et
611 1697 864 1761 sanguinis
884 1697 1228 1745 abstinendum
1244 1704 1364 1745 erat.
1418 1695 1516 1744 Sed
1531 1695 1572 1743 si

188 1774 507 1840 prohibeatur
541 1788 652 1820 esus
686 1773 954 1836 sanguinis,
991 1781 1042 1820 et
1075 1773 1341 1836 prohibitio
1382 1771 1466 1819 illa
1509 1770 1574 1819 sit

189 1850 267 1899 lex
303 1865 448 1914 quam
482 1849 759 1912 obligamur
791 1865 962 1897 omnes
996 1848 1262 1896 Christiani
1295 1848 1575 1902 custodire;

192 1941 344 1991 qnare
366 1925 513 1973 hodie
537 1924 802 1973 Christiani
825 1925 1021 1988 ubique,
1041 1925 1190 1972 etiam
1207 1925 1259 1972 in
1275 1925 1433 1972 Roma
1454 1924 1576 1987 ipsa,

192 2001 480 2065 sanguinem
520 2000 668 2063 vulgo
703 2000 1003 2048 comedunt?
1074 2000 1421 2063 Apostolorum
1458 2014 1577 2062 ergo

194 2084 309 2126 acta
340 2075 537 2124 concilii
571 2075 704 2139 leges
738 2091 859 2135 esse,
884 2091 944 2123 ex
976 2075 1071 2123 hoc
1094 2083 1234 2123 textu
1254 2074 1578 2123 Bellarminus

196 2163 299 2201 non
318 2151 562 2215 probavit.

265 2227 424 2275 Locus
440 2234 606 2274 sextus
628 2234 702 2274 est
724 2226 864 2274 Rom.
888 2226 991 2275 xiii.
1025 2232 1039 2274 1
1065 2245 1077 2273 ι
1118 2225 1286 2273 Omnis
1299 2225 1467 2273 anima
1482 2239 1580 2289 po-

200 2300 469 2351 testatibus
513 2300 988 2365 supereminentibus
1024 2301 1252 2364 subjecta
1290 2307 1435 2348 esto:
1485 2317 1580 2347 non

199 2377 327 2426 enim
365 2382 443 2424 est
473 2382 708 2441 potestas
741 2377 842 2424 nisi
875 2394 909 2424 a
944 2378 1052 2425 Deo
1072 2395 1090 2424 :
1142 2377 1194 2425 id
1234 2376 1367 2440 quod
1400 2375 1582 2423 intelli-

200 2451 418 2516 gendum
458 2466 565 2499 esse
589 2451 710 2510 vult,
732 2467 832 2500 non
854 2452 1012 2500 solum
1036 2452 1097 2500 de
1119 2452 1420 2515 principibus
1444 2466 1581 2499 secu-

201 2527 401 2585 laribus,
425 2526 512 2574 sed
533 2526 679 2574 etiam
704 2526 766 2575 de
787 2528 1143 2576 ecclesiasticis.
1212 2527 1292 2575 Ad
1326 2526 1459 2590 quod
1491 2542 1582 2591 pro

202 2618 452 2666 responso,
475 2601 528 2649 id
566 2602 696 2665 quod
731 2618 860 2667 saepe
891 2612 1007 2652 ante
1032 2603 1217 2651 dictum
1249 2610 1323 2651 est
1355 2602 1582 2661 referam,

204 2677 434 2726 nimirum
455 2677 700 2740 principes
733 2679 1087 2727 ecclesiasticos
1121 2685 1300 2742 praeter
1338 2678 1584 2743 principes

205 2753 460 2802 civitatum
493 2751 654 2800 nullos
689 2767 811 2811 esse,
845 2769 937 2802 nec
970 2753 1120 2801 fuisse
1155 2769 1385 2816 unquam.
1455 2753 1584 2802 Nam

205 2829 247 2876 si
261 2826 510 2892 apostolus
525 2825 758 2876 voluisset
773 2828 993 2877 subditos
1007 2844 1221 2888 nOS,non
1235 2828 1391 2877 solum
1408 2828 1589 2892 prinei-
