1968 3236
404 267 498 309 212
914 273 983 305 m:
1006 271 1281 306 civi'rA'rE.

121 409 382 442 CAp,xxv11,
402 385 530 433 Nam
548 392 596 432 et
611 385 650 431 is
667 383 936 431 concivium
955 398 1151 429 suorum
1172 382 1358 431 animos
1374 383 1513 432 novis
1535 385 1781 449 religioni-

157 463 346 512 *Ὕῗῗ
400 462 491 508 bus
515 460 761 508 sollicitari
785 475 883 506 non
908 472 1048 521 aequo
1073 458 1236 505 animo
1259 458 1424 507 ferret.

141 504 185 533 De
199 506 323 534 crimim-

138 548 334 598 analemm-
470 537 519 584 Si
550 537 656 599 quis
686 535 895 582 civitatis
928 550 1026 581 suae
1061 534 1234 596 legem,
1260 550 1368 597 quae
1395 551 1495 582 non
1527 536 1644 583 satis
1667 551 1780 599 pro-

139 593 365 664 Zfflffigssififfs
402 613 617 675 mulgata
638 612 799 669 fuerit,
820 610 1089 668 violaverit,
1104 626 1196 657 nec
1213 609 1385 658 fecerit
1402 611 1586 674 aliquid
1607 619 1780 659 contra

401 689 555 750 legem
580 686 864 744 naturalem,
890 686 950 732 ab
975 685 1254 748 ignorantia
1280 686 1604 733 excusabitur.

466 763 515 809 Si
541 762 646 824 quis
670 761 780 818 loci,
814 761 864 807 in
897 777 992 822 quo
1027 767 1262 818 versatur,
1300 761 1558 823 imperium
1601 762 1679 809 cui
1716 762 1780 810 sit

397 838 642 899 ignorans,
667 835 878 883 civitatis
911 835 1196 883 authoritati
1220 837 1430 894 resistat,
1454 853 1555 884 non
1580 853 1781 886 excusa-

395 914 554 967 bitur;
581 912 693 975 quia
711 928 740 959 a
759 928 854 974 quo
873 911 1230 974 protectionem
1255 912 1555 975 aliquamdiu
1578 929 1779 977 accepe-

394 995 485 1046 rat,
511 989 734 1051 ignorare
759 1003 858 1034 non
887 986 1070 1034 debuit.

460 1063 743 1127 Ignorantia
786 1078 944 1125 poenae
991 1069 1191 1109 excusat
1229 1062 1489 1109 neminem.
1568 1061 1782 1124 Cognita

394 1141 522 1187 enim
545 1139 666 1201 lege,
692 1138 985 1201 cognitoque
1011 1136 1142 1199 quod
1166 1137 1358 1183 crimini
1390 1153 1539 1200 poena
1558 1137 1779 1196 debetur,

394 1216 483 1263 etsi
514 1215 695 1278 ignota,
729 1213 923 1276 aliqua3
960 1213 1044 1274 qui
1084 1212 1269 1259 crimen
1307 1212 1585 1270 committit,
1621 1229 1780 1276 poenae

394 1291 540 1339 etiam
564 1290 745 1353 ignotae
770 1289 1030 1337 obnoxium
1067 1304 1117 1336 se
1149 1288 1269 1335 facit
1300 1288 1486 1336 volens.
1556 1287 1781 1336 Rationis

394 1366 522 1414 enim
564 1374 652 1424 est,
691 1373 746 1413 ut
783 1365 866 1428 qui
906 1364 1105 1412 arbitrio
1144 1380 1231 1411 suo
1269 1364 1497 1427 injuriam
1530 1364 1779 1423 terminat,

393 1459 560 1506 poenas
580 1442 663 1489 det
686 1441 970 1489 terminatas
991 1440 1192 1488 arbitrio
1219 1440 1446 1488 civitatis.

462 1518 558 1565 Ubi
581 1533 695 1565 vero
720 1517 826 1580 lege
850 1516 926 1563 vel
966 1515 1315 1563 consuetudine
1351 1532 1497 1579 poena
1524 1515 1779 1575 limitatur,

394 1593 462 1642 ibi
506 1594 703 1656 majoris
751 1609 910 1656 poenae
952 1592 1156 1639 inflictio
1195 1591 1366 1654 iniqua
1407 1599 1496 1639 est.
1567 1591 1697 1639 Nam
1739 1591 1781 1640 si

392 1685 537 1732 poena
559 1669 717 1717 minor
754 1669 815 1716 sit
857 1684 1000 1731 quam
1037 1675 1093 1715 ut
1126 1684 1153 1715 a
1187 1667 1390 1715 crimine
1422 1667 1681 1726 deterreat,
1715 1667 1779 1716 ad

394 1746 576 1792 crimen
619 1746 857 1792 hortatur.
928 1744 1276 1807 Comparantes
1301 1743 1431 1790 enim
1456 1743 1588 1806 quod
1611 1743 1662 1790 in
1687 1743 1780 1790 cri-

394 1821 523 1869 mine
555 1820 840 1884 jucundum,
874 1836 983 1867 cum
1021 1836 1077 1867 eo
1110 1819 1241 1883 quod
1265 1819 1316 1867 in
1346 1835 1492 1883 poena
1515 1819 1777 1867 molestum

394 1904 483 1954 est,
509 1896 574 1954 id,
611 1896 741 1959 quod
769 1896 859 1943 sibi
886 1896 1120 1958 optimum
1150 1911 1255 1943 esse
1286 1902 1476 1958 putant,
1501 1894 1777 1943 necessario

394 1972 594 2035 eligunt,
663 1972 834 2034 Itaque
875 1972 954 2034 qui
991 1988 1158 2034 poenas
1199 1971 1341 2019 luunt
1383 1972 1591 2034 majores
1629 1986 1777 2035 quam

393 2063 512 2111 quas
542 2047 620 2094 lex
648 2046 1024 2109 praescripserat,
1058 2063 1087 2094 a
1121 2047 1226 2110 lege
1267 2047 1386 2110 ipsa,
1417 2047 1554 2110 quasi
1593 2047 1777 2095 crimen

392 2122 641 2180 suadente,
666 2121 856 2184 decepti
884 2130 1011 2169 sunt.

459 2197 606 2247 Quod
629 2205 743 2245 ante
766 2197 923 2260 legem
959 2198 1108 2245 latam
1140 2198 1326 2246 factum
1359 2205 1448 2258 est,
1474 2199 1658 2247 crimen
1687 2214 1777 2263 per

389 2273 546 2336 legem
572 2273 703 2320 illam
720 2273 825 2320 fieri
848 2273 1031 2336 nequit.
1069 2274 1198 2322 Ante
1213 2275 1344 2338 leges
1359 2281 1548 2322 naturae
1566 2282 1776 2324 aeternas

389 2348 574 2396 factum
592 2348 715 2396 nihil
734 2356 822 2395 est.
893 2348 991 2395 Lex
1016 2357 1179 2396 autem
1194 2357 1306 2412 post
1323 2350 1508 2398 factum
1527 2349 1642 2405 lata,
1662 2349 1778 2414 quia.

390 2423 622 2486 cognosci
661 2439 762 2470 non
792 2423 967 2486 potuit,
1009 2424 1298 2486 obligatoria
1335 2441 1434 2473 non
1469 2432 1558 2473 est.
1629 2425 1778 2475 Quod

388 2508 556 2547 autem
588 2506 762 2547 contra
782 2498 938 2561 legem
967 2499 1024 2546 fit
1050 2500 1151 2562 jam
1183 2500 1333 2547 latam
1358 2500 1462 2548 sine
1485 2516 1633 2563 poena
1657 2500 1778 2548 defi-

388 2575 508 2632 nita,
525 2590 699 2637 poenae,
716 2589 823 2636 quae
841 2580 951 2635 post
971 2573 1244 2631 definietur,
1259 2574 1351 2622 nisi
1372 2575 1513 2623 solita
1527 2577 1684 2640 maj0r
1697 2575 1776 2635 sit,

389 2649 655 2696 obnoxium
678 2649 780 2705 fiet,
803 2655 1005 2711 propter
1029 2663 1224 2696 causam
1248 2649 1394 2697 modo
1419 2666 1567 2713 supra
1596 2650 1777 2715 allega-

386 2732 507 2771 tam.

453 2799 528 2846 Ab
566 2813 728 2846 errore
765 2804 1033 2845 nascuntur
1070 2797 1272 2845 crimina
1303 2798 1572 2859 hominum,
1598 2800 1779 2864 quibus

384 2872 596 2923 illudunt
619 2880 704 2922 aut
726 2872 847 2921 falsa
868 2872 1124 2937 principia,
1149 2880 1234 2921 aut
1270 2872 1392 2923 falsa
1426 2875 1590 2939 legum
1624 2875 1778 2925 inter·
