1968 3236
492 229 563 263 nn·
590 228 850 264 clvl'rATE
876 230 1231 266 cnmsTmNA.
1457 223 1555 269 383

170 355 332 390 vetem
355 340 460 405 ejus
492 340 705 389 civitatis
733 342 939 405 pedibus
972 343 1071 390 suis
1101 348 1419 397 excuterent;
1468 342 1555 390 sed
1585 366 1688 398 eff,
1706 365 1816 399 xm,

168 431 270 465 non
301 423 360 463 ut
405 416 569 479 ignem
615 432 674 464 ex
711 418 834 465 coelo
869 417 932 465 ad
968 417 1349 465 destructionem
1383 433 1552 465 eorum
1603 420 1802 502 m

165 491 471 556 postularent
491 512 503 546 ;
552 508 713 556 neque
738 501 792 541 ut
817 509 900 541 eos
925 493 987 541 ad
1011 493 1158 541 fidem
1182 492 1366 541 Christi
1389 492 1551 556 gladio
1602 507 1802 537 ecclesiastica

167 575 416 631 cogerent.
502 567 638 615 Nihil
668 569 749 616 hic
781 577 857 616 est
889 570 1095 632 imperii,
1122 568 1208 617 sed
1231 568 1419 616 consilii
1441 577 1552 616 tan-

165 650 288 692 tum.
388 642 564 690 Emisit
605 643 713 691 illos
748 644 975 692 Christus
1009 645 1135 692 sicut
1166 660 1279 692 oves
1309 643 1373 692 ad
1394 644 1551 708 lupos,

165 733 265 767 non
287 725 344 767 ut
365 733 507 782 reges
530 719 593 766 ad
617 719 850 767 subditos.
920 720 1033 768 Non
1052 720 1328 768 habuerunt
1344 721 1397 768 in
1412 737 1549 768 man-

166 793 309 853 datis,
343 803 401 842 ut
445 795 577 858 leges
612 795 812 854 ferrent,
847 796 934 844 sed
973 804 1029 843 ut
1074 796 1262 858 legibus
1296 795 1552 844 obedirent

163 869 291 929 latis,
314 877 366 918 et
387 870 713 918 obedientiam
736 872 855 919 alios
879 871 1127 919 docerent.
1211 871 1324 919 Non
1346 880 1550 935 potuere

164 960 283 1009 ergo
329 946 538 1009 apostoli
576 946 667 1009 ipsi
702 946 862 994 facere
898 954 953 995 ut
987 946 1213 995 doctrina
1246 963 1415 995 eorum
1449 948 1549 995 vim

163 1019 368 1069 haberet
390 1021 570 1084 legum,
596 1021 700 1068 sine
727 1022 980 1069 voluntate
1004 1037 1171 1069 eorum
1195 1023 1279 1085 qui
1303 1022 1354 1070 in
1379 1023 1550 1070 eivita-

35 1149 43 1161 .
163 1095 297 1145 tibus
337 1097 437 1144 suis
472 1113 711 1145 summam
743 1098 957 1145 habuere
995 1105 1308 1184 potestatem.
1376 1098 1547 1146 Testa-

75 1198 78 1202 *
162 1179 384 1221 mentum
408 1189 526 1237 ergo
551 1174 747 1221 Novum
769 1174 819 1221 in
843 1173 902 1221 iis
924 1173 1044 1221 loms
1067 1180 1259 1221 tantum
1282 1173 1360 1221 lex
1383 1181 1472 1233 est,
1496 1175 1548 1222 in

163 1248 340 1312 quibus
355 1249 426 1297 ita
446 1264 477 1297 a
500 1264 690 1297 summa
706 1257 950 1313 potestate
973 1249 1104 1297 civili
1116 1249 1247 1297 facta
1261 1258 1348 1298 est.
1382 1251 1438 1298 In
1454 1250 1548 1298 illis

164 1331 332 1372 autem
354 1339 497 1387 reges
520 1324 612 1388 ipsi
636 1324 794 1372 eidem
817 1325 915 1388 legi
936 1340 988 1372 se
1011 1325 1323 1384 submittunt,
1338 1341 1436 1373 non
1461 1341 1546 1374 au-

162 1408 264 1447 tem
287 1398 496 1458 doctori,
520 1399 598 1447 vel
621 1400 841 1463 apostolo
865 1416 895 1447 a
917 1415 1013 1463 quo
1037 1401 1259 1448 conversi
1282 1410 1437 1460 erant,
1462 1401 1548 1450 sed

161 1474 255 1538 ipsi
277 1474 399 1532 Deo,
422 1481 473 1522 et
492 1473 595 1522 filio
619 1490 706 1522 suo
729 1475 847 1523 Jesu
871 1474 1081 1533 Christo,
1101 1475 1395 1524 immediate.

229 1549 289 1598 Id
334 1549 469 1614 quod
511 1550 882 1598 Testamentum
929 1550 1141 1610 Novum,
1184 1567 1280 1614 quo
1326 1559 1548 1615 tempore

161 1625 368 1674 eccloeia
399 1641 430 1673 a
455 1632 699 1689 potestate
723 1626 853 1674 civili
876 1643 976 1674 non
998 1628 1364 1691 protegebatur,
1387 1628 1547 1691 legem

160 1700 317 1748 videri
339 1700 472 1760 fecit,
495 1709 637 1750 erant
660 1701 859 1750 decreta
881 1702 933 1750 in
964 1702 1062 1750 suis
1097 1703 1313 1765 ipsorum
1348 1704 1546 1768 synodis

159 1774 308 1825 facta.
394 1777 622 1840 Legimus
667 1778 798 1825 enim
848 1778 980 1839 (Act.
1006 1795 1085 1826 xv.
1110 1780 1196 1840 28)
1246 1780 1438 1828 concilii
1484 1780 1546 1828 ti-

159 1851 350 1900 tulum:
396 1851 559 1900 Visum
590 1859 668 1900 est
702 1852 926 1917 Spiritui
961 1853 1147 1902 Sancto
1182 1861 1233 1902 et
1263 1855 1419 1914 nobis,
1452 1871 1546 1903 non

160 1925 414 1992 inmanem
435 1926 574 1974 vobis
596 1943 716 1975 onus
739 1929 899 1991 majus
927 1945 1073 1993 quam
1107 1930 1398 1978 necessaria
1422 1930 1544 1989 hoec,

158 2007 268 2050 ete:
317 2017 415 2065 quo
438 2001 584 2050 titulo
606 2010 827 2066 potestas
861 2003 1026 2067 aliqua
1057 2005 1251 2054 videtur
1280 2006 1545 2069 significari
1569 2065 1574 2072 ι

159 2076 212 2125 in
233 2075 358 2136 illos,
383 2077 468 2141 qui
490 2077 638 2126 fidem
660 2079 871 2142 amplexi
894 2087 1048 2139 erant,
1072 2081 1355 2144 imponendi
1378 2098 1542 2136 onera,

158 2151 213 2200 id
233 2158 323 2212 est,
346 2159 402 2200 ut
423 2153 667 2216 aliquibus
701 2154 859 2202 videri
881 2163 1058 2218 potest,
1082 2157 1360 2219 obligandi;
1411 2157 1542 2205 unde

158 2226 391 2287 inferunt,
433 2228 562 2276 illius
601 2230 794 2278 concilii
833 2239 944 2280 acta
982 2231 1131 2280 fuisse
1172 2232 1318 2296 leges.
1387 2234 1543 2296 Leges

158 2307 325 2350 tamen
346 2318 447 2351 non
470 2303 627 2367 magis
650 2311 766 2353 sunt
793 2321 940 2368 quam
975 2314 1225 2371 praeeepta
1250 2307 1385 2363 haec;
1433 2325 1539 2372 poe-

159 2375 382 2425 nitemini
400 2396 420 2432 ,·
454 2376 780 2443 baptizamini
796 2398 815 2435 ;
851 2381 1099 2430 custodite
1119 2382 1358 2430 mandata
1379 2402 1397 2437 ,·
1432 2399 1541 2431 cre-

160 2451 268 2500 dite
312 2453 622 2518 evangelium
635 2473 655 2509 ;
703 2456 864 2504 venite
909 2457 983 2505 ad
1018 2474 1092 2505 me
1106 2476 1124 2513 ;
1166 2458 1319 2505 vende
1363 2458 1539 2517 omnia,

160 2542 272 2591 quae
294 2526 464 2587 habes,
489 2533 539 2575 et
557 2528 625 2577 da
639 2531 972 2595 pauperibus,
996 2539 1047 2579 et
1068 2548 1277 2596 sequere
1300 2549 1373 2580 me
1387 2551 1407 2587 ;
1431 2549 1541 2596 quae

159 2601 364 2665 imperia
383 2617 484 2650 non
506 2611 637 2662 sunt,
654 2604 742 2652 sed
763 2604 1016 2654 hominum
1034 2606 1098 2655 ad
1117 2607 1540 2657 Christianismum

162 2676 488 2736 invitationes»,
515 2677 642 2726 sicut
663 2678 748 2728 illa
781 2680 921 2730 lsaiae
947 2682 1031 2742 (lv.
1063 2684 1109 2743 l)
1131 2702 1142 2729 :
1200 2682 1542 2746 Unusquisque

161 2749 246 2813 qui
270 2751 400 2812 sitit,
423 2753 584 2801 venite
606 2753 681 2802 ad
710 2771 874 2820 aquas
893 2776 912 2811 ;
959 2758 1122 2805 venite
1145 2763 1194 2805 et
1216 2758 1360 2806 emite
1382 2759 1540 2807 vinum

158 2832 211 2873 et
244 2825 328 2875 lac
361 2827 469 2876 sine
504 2829 738 2892 pec-amia.
805 2830 1029 2894 Apostoli
1075 2833 1206 2880 enim
1245 2840 1540 2896 potestatem
