1968 3236
516 248 586 282 nn
615 247 870 282 elvrrA‘rn
898 246 1249 280 cnms‘rlANA.
1465 237 1567 279 -339

199 366 434 425 cepturus
467 360 537 407 sit
560 360 698 422 filiis
720 360 839 418 suis,
865 366 913 407 ec
950 360 1110 407 domni
1145 375 1244 407 suoe
1270 365 1393 424 post
1423 375 1494 418 se,
1516 365 1570 406 ut

200 434 485 483 custodiant
517 435 644 482 viam
683 435 900 492 Domini,
924 440 974 482 et
991 434 1206 497 saciant
1231 434 1478 497 judicium
1520 440 1570 481 et

187 510 459 573 justitiam.
530 510 843 557 Manifestum
867 510 980 557 hinc
1003 517 1076 557 est
1098 510 1220 568 illos,
1245 509 1416 573 quibus
1440 509 1571 557 Deus

202 586 477 634 immediate
505 585 736 648 loquutus
770 601 867 632 non
906 593 994 643 est,
1028 585 1247 648 accipere
1269 601 1359 648 pro
1382 585 1570 649 legibus

203 661 294 709 Dei
318 677 398 709 eas
426 661 616 719 debere,
642 677 761 724 quas
786 660 1039 708 dictaverit
1069 661 1109 708 is
1146 661 1228 724 qui
1260 677 1498 709 summam
1521 661 1572 709 in

203 752 285 786 eos
330 737 478 784 habet
511 743 832 799 potestatem;
869 736 992 783 sicut
1026 745 1076 783 et
1110 735 1291 784 familia
1324 744 1374 784 et
1409 753 1572 785 semen

203 812 467 861 Abrahami
494 828 574 859 eas
606 812 794 875 accepit
821 812 881 859 ab
916 811 1191 859 Abrahamo
1223 820 1360 875 patre
1398 821 1447 860 et
1488 812 1574 860 do-

203 888 336 936 mino
360 904 461 936 suo.
515 888 572 935 In
595 888 727 935 omni
751 903 865 949 ergo
890 886 1098 946 civitate,
1124 888 1206 950 qui
1231 888 1576 936 revelationem

205 964 620 1027 supernaturalem
644 980 742 1011 non
765 963 946 1010 habent
976 963 1026 1010 in
1050 964 1364 1020 contrarium,
1390 965 1576 1028 legibus

206 1039 326 1102 ejus,
351 1039 434 1101 qui
459 1055 695 1085 summam
718 1038 865 1085 habet
888 1038 939 1085 in
962 1038 1156 1086 civitate
1183 1046 1489 1102 potestatem,
1526 1041 1577 1088 in

208 1115 429 1163 omnibus
461 1114 732 1162 actionibus
764 1114 974 1161 externis
996 1114 1136 1196 pirca
1158 1115 1441 1178 religionem
1464 1116 1578 1163 obe-

209 1190 313 1238 dire
336 1191 627 1253 obligantur.
697 1190 751 1237 In
778 1189 1004 1248 externis,
1030 1190 1242 1253 inquam,
1278 1192 1576 1246 actionibus3

210 1265 325 1329 quia
346 1265 680 1329 cogitatione-s·
704 1271 752 1312 et
775 1265 894 1312 fides
916 1264 1166 1313 hominum
1189 1266 1383 1314 interna
1404 1267 1465 1314 ab
1489 1266 1579 1314 hu-

210 1341 365 1389 manis
409 1341 679 1388 rectoribus
725 1341 951 1403 cognosci
996 1357 1095 1388 non
1139 1349 1370 1404 possunt;
1422 1358 1578 1406 neque

209 1416 492 1464 voluntariae
523 1423 663 1470 sunt;
700 1431 857 1478 neque
891 1415 1068 1479 legum,
1104 1415 1189 1463 sed
1211 1417 1444 1479 potentiae
1471 1425 1579 1465 tan-

209 1500 313 1540 tum
338 1491 515 1539 divinae
538 1492 738 1539 effectus
775 1499 915 1545 sunt;
952 1498 1002 1538 et
1024 1490 1244 1554 proinde,
1277 1493 1364 1540 sub
1396 1493 1580 1556 obliga-

210 1566 342 1615 tione
365 1566 537 1614 cadere
562 1583 660 1614 non
683 1574 900 1630 possunt.

275 1642 438 1706 Atque
478 1642 591 1689 hinc
633 1642 790 1689 oritur
816 1640 1086 1689 notandum
1123 1642 1404 1702 secundum,
1427 1644 1582 1692 Abra-

211 1717 355 1766 hamo
377 1717 564 1766 licitum
586 1717 746 1775 fuisse,
771 1717 811 1764 si
845 1716 1148 1764 subditorum
1183 1733 1379 1766 suorum
1409 1719 1582 1783 aliquis

210 1793 444 1842 visionem
479 1792 556 1840 vel
597 1792 820 1856 spiritum
859 1792 936 1840 vel
980 1791 1323 1841 revelationem
1369 1794 1582 1843 divinam

214 1869 531 1918 contumaciae
566 1884 680 1927 suae,
719 1868 796 1915 vel
835 1867 971 1915 novis
1005 1867 1239 1916 doctrinis
1277 1885 1397 1932 quas
1430 1871 1584 1919 Abra-

214 1944 385 1993 hamus
402 1951 634 2002 vetuerat,
649 1943 991 2007 praetenderet,
1005 1942 1280 2006 hujusmodi
1296 1945 1481 1993 homini
1503 1947 1584 1994 iis-

217 2035 312 2083 que
335 2019 416 2083 qui
455 2019 525 2067 illi
560 2019 888 2077 adhaerebant,
918 2034 1086 2082 poenas
1125 2019 1376 2083 infligere;
1412 2031 1462 2070 et
1498 2038 1586 2085 per

218 2110 533 2158 consequens,
557 2095 756 2142 summis
778 2094 1126 2158 imperantibus
1154 2095 1260 2143 illos
1291 2097 1479 2159 punire,
1503 2098 1586 2161 qui

219 2170 406 2233 legibus
440 2169 649 2217 civitatis
693 2176 946 2233 opponunt
985 2169 1206 2232 spiritum
1249 2186 1389 2219 suum
1426 2172 1587 2235 priva?

222 2255 344 2304 tum,
383 2244 530 2292 etiam
573 2261 703 2292 nunc
748 2245 907 2292 licere.
979 2245 1179 2292 Habent
1215 2245 1343 2293 enim
1383 2246 1433 2293 in
1474 2247 1588 2295 eivi-

222 2328 324 2369 tate
347 2319 547 2367 eandem
565 2320 910 2367 authoritatem
929 2336 1058 2367 nunc
1082 2321 1256 2369 summi
1279 2321 1587 2384 imperantes,

226 2410 371 2460 quam
394 2402 512 2442 tunc
535 2394 705 2442 habuit
727 2394 778 2442 in
800 2410 887 2443 sua
907 2394 1090 2443 familia
1113 2395 1430 2444 Abrahamus.

291 2468 560 2518 Deducitur
592 2469 706 2517 inde
741 2470 899 2528 tertio,
940 2470 1073 2533 quod
1108 2471 1233 2519 sicut
1267 2472 1396 2519 solus
1435 2473 1590 2520 Abra-

227 2547 400 2594 hamus
417 2545 468 2592 in
490 2544 671 2592 familia
695 2561 797 2604 sua,
821 2546 890 2594 ita
911 2545 951 2594 is
973 2546 1117 2605 soluS,
1143 2547 1224 2609 qui
1247 2562 1483 2595 summam
1506 2548 1592 2595 ha-

226 2622 312 2669 bet
351 2621 401 2667 in
447 2619 642 2668 civitate
672 2620 944 2669 Christiana
982 2628 1288 2685 potestatem,
1325 2622 1447 2669 scire
1481 2638 1593 2686 sup-

227 2702 439 2760 ponatur
472 2694 589 2757 quid
622 2695 686 2743 sit
720 2695 849 2759 quod
879 2696 1010 2744 Deus
1039 2697 1268 2759 loquutus
1291 2705 1395 2753 est;
1431 2697 1482 2744 id
1503 2706 1594 2756 est,

230 2770 362 2818 solus
396 2769 546 2818 divini
569 2770 702 2818 verbi
724 2770 963 2835 interpres
986 2772 1331 2819 existimandus
1354 2780 1441 2820 est.

299 2844 433 2893 Idem
456 2852 652 2908 pactum
675 2854 957 2895 renovatum
981 2854 1086 2895 erat
1112 2863 1223 2894 cum
1248 2847 1428 2906 Isaaoe,
1457 2848 1595 2910 (Gen.

1354 2937 1383 2970 z
1402 2939 1423 2970 2

1619 379 1720 412 CAP.
1741 379 1816 412 XL.

1607 482 1652 510 De
1661 483 1730 519 jure
1743 481 1823 518 regni

1608 526 1662 553 Dei
1685 526 1716 553 in
1738 525 1827 552 Abra.

1606 568 1627 596 h
1630 578 1702 601 uuuuu
1726 567 1820 600 Mose,

1607 612 1728 639 summis
1741 618 1832 639 sacer-

1607 655 1732 688 dotibus,
1749 657 1778 681 et
1795 662 1836 681 ro-

1609 698 1693 737 gibus
1705 697 1828 727 Judaeae.
