1968 3236
418 241 510 284 354
739 250 809 282 DE
836 246 1092 282 01v1'rATE
1121 245 1475 279 CHRISTIANA.

165 385 268 417 ρΑρ,
288 385 382 417 xm,
417 358 719 409 versionem?
791 357 884 405 Sed
922 358 1068 414 DeuS‚
1094 356 1178 419 qui
1211 356 1363 415 illum,
1387 363 1591 421 propter
1625 353 1799 403 reduc-

171 439 360 462 ”“*““”
417 437 602 484 tionem
626 434 890 481 electorum
913 432 976 479 ad
1000 432 1327 480 obedientiam
1356 449 1494 480 suam
1527 431 1800 495 pristinam,

158 481 201 508 De
216 481 374 508 Sex-valoris

157 529 247 573 npstp
262 525 343 574 heqe-
418 511 481 559 ad
499 509 786 558 sacrificium
806 508 1149 563 destinaverat,
1174 507 1237 555 ad
1255 524 1366 555 eum
1382 509 1530 555 finem
1547 506 1734 554 malitia
1751 513 1803 554 et

158 568 227 596 ‘¹¹⁰⁰
240 567 342 595 ⁰ffi⁰¹⁰'
418 584 768 650 ingratitudine
787 583 1039 631 hominum
1062 583 1331 631 infidelium
1354 600 1468 631 usus
1494 591 1582 631 est.
1654 581 1803 630 Quod

418 670 583 711 autem
604 661 734 723 leges
759 660 961 707 Caesaris
984 675 1085 707 non
1111 659 1323 718 violavit,
1348 660 1399 707 in
1424 659 1644 708 confesso
1681 663 1802 705 erat.

421 739 711 799 Quanquam
735 736 864 783 enim
890 736 1087 794 Pilatus,
1111 743 1167 783 ut
1189 736 1400 799 gratiam
1433 736 1578 783 iniret
1608 733 1802 782 Judaeo-

419 830 542 868 rum,
580 811 964 875 crucifigendum
997 812 1135 859 illum
1169 811 1458 865 tradiderit;
1493 819 1607 859 ante
1630 817 1801 858 tamen

420 890 664 936 insontem
687 887 823 934 illum
845 888 1007 950 palam
1030 888 1383 950 pronuntiavit.

489 963 636 1012 Quod
658 963 836 1011 attinet
859 963 922 1010 ad
950 964 1162 1011 officium
1199 964 1303 1026 ejus
1327 962 1532 1026 regium,
1557 967 1808 1009 ostensum

420 1047 534 1087 ante
569 1046 643 1086 est
676 1054 881 1102 regnum
917 1040 1021 1102 ejus
1056 1039 1368 1102 incepturum
1401 1053 1503 1085 non
1548 1052 1651 1084 esse
1692 1043 1808 1083 ante

421 1116 549 1163 diem
577 1115 764 1178 judicii.
833 1115 972 1162 Tunc
1006 1131 1122 1162 vero
1158 1130 1244 1162 rex
1281 1114 1389 1172 erit,
1412 1129 1513 1160 non
1536 1118 1731 1160 tantum
1752 1117 1810 1158 ut

421 1192 568 1248 Deus,
595 1190 681 1237 sed
713 1190 862 1238 etiam
885 1198 941 1237 ut
966 1191 1128 1249 homo,
1153 1190 1336 1237 virtute
1369 1188 1503 1252 pacti
1537 1187 1655 1235 novi
1678 1185 1811 1250 quod

422 1267 472 1314 in
497 1266 736 1328 baptismo
769 1265 954 1313 factum
986 1273 1085 1320 est;
1134 1272 1185 1312 et
1206 1273 1468 1328 propterea
1492 1263 1612 1310 dicit
1636 1263 1810 1310 Serva-

425 1349 503 1390 tor
517 1348 699 1401 noster,
715 1341 912 1399 (Matth.
929 1341 1027 1388 xix.
1049 1342 1148 1402 28),
1169 1340 1300 1403 quod
1317 1338 1527 1403 apostoli
1549 1338 1654 1401 ejus
1677 1336 1813 1386 sede-

424 1418 547 1465 bunt
578 1432 722 1479 super
758 1416 1014 1464 duodecim
1049 1416 1269 1475 thronos,
1295 1422 1345 1463 et
1367 1415 1659 1479 judicabunt
1690 1413 1812 1462 duo-

428 1493 586 1540 decim
609 1492 764 1539 tribus
790 1492 999 1551 Israelis,
1024 1499 1143 1540 tunc
1168 1509 1274 1540 cum
1298 1491 1462 1539 Filius
1493 1489 1701 1538 hominis
1734 1505 1812 1536 se·

429 1567 564 1615 debit
599 1567 648 1614 in
684 1568 856 1615 throno
888 1568 1074 1633 glorioe
1108 1584 1207 1616 suae
1225 1586 1244 1623 ‚·
1281 1575 1331 1615 et
1353 1566 1553 1627 (Matth.
1590 1564 1688 1614 xvi.
1713 1566 1812 1626 27),

429 1642 589 1690 Filius
609 1643 812 1690 hominis
835 1644 996 1692 veniet
1015 1644 1065 1692 in
1082 1644 1257 1709 gloria
1277 1642 1455 1690 Patris
1480 1641 1574 1700 sui,
1599 1657 1707 1688 cum
1729 1655 1816 1687 an-

427 1718 585 1783 gelis3
612 1724 660 1764 et
685 1724 798 1765 tune
819 1719 1065 1767 retribuet
1082 1718 1344 1782 unicuique
1367 1717 1633 1765 Secundum
1657 1731 1816 1780 opera

431 1809 538 1840 sua.
608 1793 743 1840 Idem
766 1793 971 1857 legimus
996 1795 1152 1842 Marc.
1177 1794 1278 1842 xiii.
1306 1797 1368 1842 26
1389 1814 1400 1848 ;
1437 1799 1488 1839 et
1511 1791 1608 1839 xiv.
1633 1796 1696 1839 62
1720 1809 1732 1838 ι
1766 1796 1817 1838 et

435 1868 708 1931 expressius
724 1869 839 1916 Luc.
858 1870 974 1917 xxii.
995 1876 1074 1929 29,
1101 1875 1191 1918 30:
1218 1869 1292 1916 Et
1309 1884 1404 1933 ego
1430 1867 1639 1932 dispono
1662 1864 1816 1924 vobis,

434 1943 562 1991 sieut
579 1943 825 2007 disposuit
844 1945 961 1992 mihi
979 1947 1140 1993 Pater
1156 1961 1303 2003 meu-5⁸,
1327 1960 1551 2009 regnum,
1571 1948 1626 1990 ut
1649 1940 1817 1990 edatis

435 2025 484 2066 et
522 2017 702 2065 bibatis
732 2035 883 2083 super
916 2037 1128 2069 mensam
1163 2037 1318 2068 meam
1346 2019 1397 2067 in
1428 2034 1587 2083 regno
1618 2033 1738 2074 mee,
1769 2021 1820 2064 et

435 2094 657 2141 sedeatis
680 2110 832 2158 super
864 2096 1082 2156 thronos,
1113 2097 1409 2160 judicantes
1434 2093 1692 2157 duodecim
1725 2091 1818 2140 tri-

436 2169 523 2216 bus
548 2168 782 2216 Israelis,
823 2170 964 2218 Unde
988 2173 1300 2220 manifestum
1325 2178 1415 2229 est,
1439 2185 1664 2233 regnum,
1689 2165 1822 2231 quod

438 2243 632 2291 Christo
652 2244 887 2307 disposuit
902 2247 1058 2305 Pater,
1078 2265 1176 2296 non
1194 2248 1414 2295 futurum
1435 2261 1540 2294 esse
1559 2252 1822 2307 antequam

438 2319 586 2367 Filius
620 2319 829 2367 hominis
863 2322 1027 2371 veniat
1062 2324 1113 2371 in
1144 2323 1314 2387 gloria,
1340 2321 1680 2386 apostolosque
1708 2333 1822 2367 suos

434 2389 655 2451 judicare
677 2397 823 2445 faciat
849 2397 1102 2447 duodecim
1126 2401 1281 2448 tribus
1306 2399 1514 2448 Israelis,
1570 2397 1667 2446 Sed
1690 2412 1823 2460 quae-

440 2473 482 2521 ri
519 2473 600 2520 hic
639 2481 816 2536 potest,
841 2490 951 2521 cum
989 2476 1037 2522 in
1075 2492 1226 2539 regno
1266 2475 1453 2524 coelesti
1490 2474 1625 2522 nulla
1658 2471 1825 2520 futura

441 2549 539 2596 sint
566 2548 890 2604 matrimonia,
914 2557 1077 2597 utrum
1107 2552 1330 2599 homines
1364 2550 1513 2598 edent
1546 2556 1596 2596 et
1624 2547 1823 2602 bibent;

442 2632 492 2671 et
516 2623 635 2686 quid
657 2639 744 2686 per
768 2623 916 2671 edere
939 2632 988 2672 et
1013 2624 1179 2673 hibere
1201 2627 1295 2674 hoc
1318 2627 1428 2674 loco
1452 2622 1827 2687 inteUigendum

444 2707 534 2746 est.
603 2698 826 2761 Explicat
859 2698 953 2746 hoc
990 2700 1218 2748 Sei-vator
1251 2709 1418 2749 noster
1458 2699 1589 2761 (Joh.
1613 2698 1678 2746 vi.
1705 2698 1825 2759 27):

449 2772 739 2836 operamini
760 2789 854 2821 non
879 2773 1034 2821 cibum
1058 2776 1144 2838 qni
1174 2777 1327 2839 perit,
1346 2776 1440 2824 sed
1454 2774 1541 2839 qui
1557 2777 1828 2839 permanet

446 2847 496 2894 in
516 2848 664 2895 vitam
683 2854 933 2904 «eternam,
949 2865 1088 2913 quem
1103 2849 1151 2896 F
1147 2851 1263 2899 ilius
1287 2851 1494 2900 homini-5
1518 2849 1661 2899 dabit
1677 2846 1829 2897 vobit.
