1910 3236
118 348 221 380 cAP.
237 348 336 382 XIV.

138 404 326 426 *W-ae

97 440 143 467 De
156 441 271 469 duabus
289 444 344 480 pri-

95 483 151 511 mis
164 483 277 521 legibus
298 496 346 515 na-

95 526 249 562 turalibus,
263 532 292 556 et
309 530 344 558 de

97 572 301 600 contractibus.

387 207 477 252 108
903 218 974 251 DE
1002 219 1246 252 HOMINE.

447 327 632 375 Pacisci
672 343 783 375 cum
828 328 1001 387 brutis,
1039 328 1154 391 quia
1197 345 1418 378 sermone
1458 338 1626 379 carent
1671 346 1767 394 quo

379 403 655 451 voluntates
687 404 964 466 significare
991 412 1210 466 possunt,
1236 405 1514 468 impossible
1542 415 1633 454 est.

449 479 632 526 Pacisci
669 495 780 526 eum
816 479 938 537 Deo,
976 479 1071 526 nisi
1112 480 1357 529 mediante
1404 482 1582 545 aliquo,
1621 499 1767 546 quem

381 553 513 601 Deus
537 554 828 616 alloquatur,
848 554 925 602 vel
950 554 1034 618 qui
1056 554 1220 603 locum
1239 556 1330 604 Dei
1352 564 1532 617 teneat,
1548 559 1769 622 impossi-

379 630 476 677 bile
501 637 604 684 est;
641 630 782 678 aliter
816 630 961 687 enim,
986 646 1050 678 an
1074 631 1205 679 Deus
1229 632 1372 679 etiam
1393 641 1565 696 pactus
1589 635 1653 682 sit
1676 650 1768 682 nec

378 721 455 764 ne,
479 706 775 768 ignoramus.
813 707 985 768 Itaque
1010 706 1093 769 qui
1118 714 1263 754 vovet
1286 707 1391 756 Deo
1416 709 1615 772 aliquid,
1636 709 1768 773 quod

378 787 550 828 contra
573 781 731 843 legem
754 781 1028 828 naturalem
1053 781 1132 840 sit,
1150 782 1332 830 frustra
1353 792 1514 844 vovet,
1541 786 1656 847 quia
1672 785 1767 833 illi-

377 856 529 903 citum
549 864 650 904 est:
688 857 763 904 sin
787 857 894 920 lege
929 857 1139 904 naturali
1162 858 1448 907 mandatum
1482 860 1559 919 sit,
1584 860 1769 909 frustra

375 940 464 990 est,
492 933 606 995 quia
641 949 838 991 vovens,
882 949 981 980 non
1022 939 1137 980 voto
1175 949 1280 992 suo,
1314 935 1399 982 sed
1433 942 1621 984 naturae
1658 936 1769 1000 lege

375 1008 636 1071 obligatur.

441 1084 652 1131 Materia
674 1084 773 1132 sive
807 1085 1053 1147 objectum
1076 1093 1333 1147 pactorum
1367 1101 1558 1150 semper
1580 1086 1767 1149 aliquid

374 1168 464 1218 est,
489 1160 549 1207 de
574 1177 671 1223 quo
697 1160 956 1208 deliberari
978 1168 1157 1224 potest,
1181 1169 1443 1224 propterea
1477 1162 1611 1225 quod
1646 1161 1757 1209 deli-

373 1236 578 1294 beratio,
599 1253 707 1299 quae
727 1243 801 1284 est
817 1244 954 1284 actus
968 1237 1250 1296 voluntatis,
1270 1237 1560 1300 intelligitur
1574 1252 1767 1300 semper

375 1312 436 1358 de
458 1312 642 1370 futuro,
668 1319 718 1359 et
742 1312 802 1359 de
827 1327 885 1360 eo
905 1312 1039 1375 quod
1062 1330 1091 1360 a
1113 1313 1392 1376 paciscente
1410 1313 1517 1360 fieri
1535 1313 1766 1376 possibile

374 1387 692 1435 existimatur.

441 1463 612 1526 Itaque
645 1462 933 1525 promittere
957 1479 1029 1522 ea,
1056 1480 1166 1526 quae
1203 1463 1522 1526 impossibilia
1543 1479 1648 1511 esse
1672 1463 1766 1512 sci-

375 1554 498 1596 mus,
530 1538 711 1601 pacisci
735 1554 835 1585 non
860 1545 947 1585 est.
1017 1539 1084 1586 At
1107 1539 1147 1586 si
1172 1539 1428 1601 contingat
1448 1546 1561 1602 post
1584 1539 1762 1602 impos-

376 1613 514 1661 sibile
539 1629 660 1672 esse,
686 1613 817 1676 quod
841 1614 1129 1661 credebatur
1152 1614 1399 1677 possibile,
1424 1622 1624 1677 pactum
1646 1614 1766 1661 vali-

376 1689 492 1736 dum
550 1696 638 1747 est,
686 1688 967 1752 obligatque
1013 1689 1077 1736 ad
1120 1689 1468 1752 praestandum,
1514 1706 1615 1737 non
1661 1706 1765 1738 rem

373 1765 676 1828 promissam,
714 1763 799 1811 sed
838 1765 1127 1812 tantundem
1148 1785 1160 1819 ;
1215 1765 1290 1812 sin
1326 1765 1420 1812 hoc
1462 1781 1655 1829 quoque
1702 1766 1767 1814 sit

374 1840 686 1903 impossibile,
708 1839 771 1886 ad
794 1849 1026 1887 conatum
1040 1839 1303 1902 praestandi
1326 1848 1563 1908 quantum
1584 1848 1764 1904 potest.

441 1916 600 1963 Paetis
623 1915 888 1962 liberamur
912 1915 1102 1962 duobus
1128 1915 1301 1973 modis,
1328 1915 1370 1962 si
1392 1916 1767 1979 praestiterimus

372 1992 451 2039 vel
475 1991 516 2038 si
539 1990 870 2038 condonatum
906 1990 982 2037 sit.
1052 1991 1139 2038 Est
1175 1990 1306 2037 enim
1330 1992 1580 2054 praestatio
1605 1994 1763 2042 omnis

371 2066 505 2130 pacti
550 2065 787 2113 terminus
826 2065 1065 2112 naturalis
1086 2086 1097 2120 ;
1135 2065 1430 2114 condonatio
1470 2075 1637 2115 autem
1685 2076 1762 2117 est

371 2141 608 2189 libertatis
626 2140 889 2199 restitutio,
909 2141 1009 2188 sive
1028 2141 1246 2189 remissio
1262 2142 1387 2204 juris
1411 2143 1761 2207 obligationem

371 2217 727 2265 constituentis.

437 2293 639 2341 Pactum
663 2292 854 2340 etiamsi
877 2299 1012 2340 metu
1035 2299 1282 2340 extortum
1307 2293 1384 2352 sit,
1404 2294 1453 2342 in
1479 2295 1761 2345 conditione

370 2377 536 2417 tamen
570 2368 823 2417 hominum
845 2368 1057 2415 naturali
1080 2367 1295 2415 validum
1318 2377 1391 2416 est
1410 2390 1422 2424 ;
1459 2378 1514 2418 ut
1537 2371 1579 2418 si
1601 2372 1762 2435 pacis-

370 2461 454 2493 car
478 2461 590 2493 cum
606 2444 748 2492 hoste
773 2442 1024 2491 servandae
1039 2443 1154 2491 vitae
1173 2459 1320 2491 causa
1342 2445 1600 2508 pecuniam
1625 2446 1758 2507 dare,

368 2528 603 2585 praestare
628 2527 816 2568 teneor.
854 2519 1147 2568 Contractus
1173 2520 1306 2568 enim
1331 2529 1419 2580 est,
1439 2522 1490 2569 in
1515 2539 1612 2586 quo
1635 2524 1761 2573 alter

363 2599 443 2661 jus
481 2597 532 2644 in
556 2595 724 2654 vitam,
749 2595 872 2642 alter
909 2594 960 2642 in
984 2595 1240 2658 pecuniam
1265 2597 1514 2646 transfert.
1586 2599 1758 2662 Itaque

365 2673 451 2720 ubi
474 2671 609 2720 nulla
625 2671 705 2719 lex
728 2670 823 2718 alia
844 2670 923 2729 sit,
948 2678 1005 2718 ut
1027 2670 1078 2718 in
1103 2670 1386 2719 conditione
1401 2674 1627 2733 naturali,
1647 2690 1758 2738 quae

364 2748 730 2812 praestationem
753 2746 1026 2810 prohibeat,
1050 2754 1247 2810 paetum
1270 2747 1483 2797 validum
1515 2756 1605 2798 est.
1675 2750 1758 2799 Sic

365 2825 494 2873 bello
520 2830 707 2887 captus,
733 2821 773 2870 si
805 2821 1079 2871 libertatem
1120 2839 1178 2871 ea
1203 2823 1484 2873 conditione
1508 2826 1760 2889 acceperit·
