1968 3236
749 199 819 231 nn
847 199 1123 233 clvrrA'rss.
1545 194 1636 237 183

246 308 408 357 tiones
445 308 683 356 reddendi
720 325 843 357 onus
880 311 1133 359 incumbit.
1205 310 1432 360 Minister
1471 319 1636 361 autem
1659 339 1763 374 eff,
1779 341 1918 377 χχιιι,

245 383 471 447 publicus
508 400 566 432 eo
602 392 691 442 est,
717 385 831 448 quia
867 402 1069 434 summae
1109 387 1345 450 potestati
1374 388 1540 448 servit,
1579 396 1635 438 ut
1652 397 1879 474 new

244 474 468 523 personae
492 460 718 508 civitatis.
1651 479 1688 529 εξ
1701 489 1821 530 sqmm·
1835 490 1887 510 m.

314 535 556 594 Secundo,
594 536 770 599 quibus
801 552 1064 596 armorum,
1089 545 1379 596 castrorum,
1402 546 1633 603 portuum
1650 528 1749 552 ''m''
1765 524 1897 562 ‘'¹¹³¹'OE

245 610 503 658 commissa
528 619 603 659 est
626 611 877 666 custodia;
915 612 1090 675 quibus
1108 613 1285 661 milites
1307 614 1631 675 conscribere,

245 684 440 744 ducere,
470 686 699 734 salarium
741 687 941 745 solvere,
975 688 1248 736 authoritas
1289 687 1404 737 data
1442 697 1531 748 est,
1555 692 1633 739 vel

243 762 517 809 necessaria
539 762 603 809 ad
626 763 806 810 bellum
821 763 919 810 sive
934 771 1066 811 terra
1080 764 1180 811 sive
1198 764 1323 811 mari
1339 780 1602 827 procurare
1618 787 1632 823 ;

243 837 454 885 ministri
473 838 654 901 publici
680 848 809 886 sunt.
880 838 1023 886 Miles
1047 848 1226 898 autem,
1251 839 1344 888 etsi
1380 856 1471 903 pro
1513 840 1633 889 civi-

241 919 346 959 tate
375 922 577 977 pugnet,
599 930 858 977 personam
882 915 1091 962 civitatis
1124 931 1291 963 coram
1313 916 1509 964 nemine
1553 932 1630 965 re-

239 997 536 1051 praesentat;
561 1006 719 1054 neque
740 1007 856 1054 ergo
881 991 1102 1038 minister
1123 991 1349 1054 publicus
1368 1000 1460 1039 est.
1531 992 1630 1040 Sed

241 1063 357 1122 dux,
382 1065 497 1128 quia
527 1066 784 1129 imperium
821 1067 984 1125 habet,
1019 1082 1282 1130 personam
1312 1067 1526 1116 civitatis
1549 1084 1628 1116 re-

238 1149 501 1202 praesentat
525 1157 689 1189 coram
714 1142 949 1190 militibus
974 1142 1148 1205 quibus
1171 1143 1395 1205 imperat,
1419 1151 1471 1190 et
1494 1144 1622 1192 min·

237 1214 356 1264 ister
376 1217 600 1279 publicus
615 1225 706 1265 est.

303 1291 463 1339 Etiam
489 1293 662 1355 quibus
684 1293 918 1356 populum
950 1292 1159 1340 docendi
1190 1293 1469 1341 authoritas
1512 1309 1629 1341 con-

235 1382 373 1415 cessa
387 1375 474 1425 est,
494 1368 705 1415 ministri
720 1368 903 1431 publici
927 1375 1042 1415 sunt
1063 1389 1074 1423 ;
1101 1368 1216 1431 quia
1233 1368 1486 1432 negotium
1503 1369 1627 1432 pub-

233 1441 381 1490 licum
418 1450 507 1501 est,
542 1451 593 1490 et
628 1443 927 1490 authoritate
949 1443 1147 1506 publica
1168 1442 1624 1491 administrandum.

236 1517 474 1581 Populum
498 1518 628 1566 enim
653 1518 861 1566 docendi
886 1518 1162 1566 monarchis
1193 1518 1309 1566 solis
1332 1526 1382 1566 et
1417 1519 1624 1567 coetibus

236 1593 438 1640 summis
475 1593 749 1641 authoritas
777 1610 808 1641 a
844 1594 948 1641 Deo
971 1593 1251 1641 immediate
1276 1609 1510 1642 concessa
1532 1602 1624 1654 est,

233 1675 290 1716 ut
303 1668 387 1731 qui
403 1668 493 1716 soli
513 1668 741 1716 dicantur
758 1669 1046 1732 simpliciter
1059 1669 1162 1716 Dei
1174 1669 1358 1734 gratia
1382 1669 1559 1717 docere
1574 1677 1625 1717 et

233 1743 488 1807 imperare.
539 1743 769 1792 Minister
791 1752 954 1792 autem
979 1743 1189 1792 docendi
1211 1752 1507 1807 potestatem
1531 1745 1623 1793 im-

232 1819 445 1868 mediate
460 1836 490 1867 a
504 1836 694 1867 summa
711 1827 970 1883 potestate,
989 1836 1269 1884 quanquam
1293 1820 1441 1868 etiam
1464 1821 1619 1869 medi-

232 1906 313 1946 ate
335 1914 366 1946 a
388 1899 509 1956 Deo,
532 1899 726 1962 accipit.
796 1899 969 1962 Itaque
984 1906 1278 1962 potestatem
1293 1899 1443 1947 habet
1465 1915 1619 1959 suam,

231 1973 335 2022 Dei
357 1981 408 2022 et
430 1974 573 2039 regis
593 1975 791 2039 gratia,
814 1975 890 2023 vel
907 1975 1233 2039 providentia
1257 1975 1427 2023 divina
1461 1982 1511 2023 et
1534 1992 1617 2023 vo-

232 2047 427 2098 luntate
450 2050 594 2115 regis
618 2050 698 2097 vel
719 2050 959 2098 civitatis.

298 2124 424 2173 Item
447 2125 533 2183 illi,
552 2125 728 2187 quibus
760 2125 1040 2188 jurisdictio
1074 2142 1105 2173 a
1134 2126 1335 2174 civitate
1375 2125 1493 2174 data
1527 2135 1617 2184 est,

229 2199 283 2248 id
304 2208 393 2259 est,
415 2209 634 2264 potestas
653 2217 822 2249 causas
840 2201 1184 2264 cognoscendi,
1208 2201 1419 2249 ministri
1434 2202 1618 2265 publici

230 2283 360 2325 sunt.
427 2277 690 2325 Personam
727 2278 858 2325 enim
887 2293 1129 2325 summam
1150 2277 1378 2325 habentis
1401 2285 1619 2341 potesta-

231 2360 349 2411 tem,
367 2352 419 2400 in
433 2353 757 2401 tribunalibus
774 2353 872 2400 suis
896 2352 1140 2410 sedentes,
1160 2359 1543 2416 repraesenmnt;
1568 2360 1619 2400 et

230 2428 485 2476 sententiae
521 2444 691 2476 eorum
731 2429 989 2476 sententiae
1025 2436 1141 2476 sunt
1178 2427 1410 2485 civitatiS‚
1435 2426 1487 2474 id
1528 2434 1617 2481 est,

230 2517 470 2552 summam
491 2503 715 2552 habentis
739 2504 790 2552 in
808 2504 1005 2555 civitate
1018 2511 1328 2568 potestatem,
1344 2503 1423 2551 cui
1447 2518 1617 2550 causas

229 2579 557 2643 cognoscendi
575 2581 657 2643 Jus
670 2579 919 2628 adhaerere
933 2595 1083 2643 supra
1095 2586 1345 2627 ostensum
1360 2586 1451 2626 est.
1490 2578 1617 2626 Sunt

230 2667 348 2717 ergo
369 2654 582 2702 ministri
603 2655 801 2718 publici.
839 2655 1085 2710 Quoniam
1098 2661 1263 2702 autem
1283 2652 1471 2716 judicia
1493 2652 1615 2701 duo-

229 2741 340 2776 rum
374 2744 612 2792 generum
647 2736 778 2788 sunt,
801 2730 922 2778 facti
944 2738 995 2778 et
1013 2730 1165 2793 juris3
1201 2737 1303 2777 tam
1325 2727 1445 2776 facti
1468 2743 1615 2791 quam

225 2802 351 2865 iuris
368 2803 521 2867 judex
539 2803 761 2852 minister
776 2804 1001 2868 publicus
1024 2812 1115 2852 est.

297 2878 459 2926 Etiam
481 2878 690 2927 ministri
711 2879 895 2942 publici
926 2879 997 2927 illi
1020 2887 1150 2936 sunt,
1175 2878 1350 2942 quibus
1372 2894 1403 2926 a
1426 2893 1615 2926 summa
