1968 3236
457 253 550 297 334
777 263 847 295 DE
875 261 1131 295 cwl'rATE
1158 261 1515 296 CHRISTIANA.

207 393 410 426 xxxvm.
456 375 520 423 ad
541 390 745 438 regnum
763 372 960 436 aliquod
976 373 1028 420 in
1047 371 1169 420 coelo
1188 389 1445 437 empyroeo,
1466 373 1619 421 aliave
1637 371 1838 435 regione

213 449 402 470 ψ
425 452 681 523 aetherea,
706 450 826 497 nihil
849 449 1090 511 reperitur
1112 448 1163 496 in
1181 449 1443 512 Scripturis
1467 449 1642 497 Sacris.
1712 447 1840 510 Reg-

176 494 222 574 <¹1³⁰
218 494 423 566 ιιίιιεῐῗιῆδώω
361 539 420 567 nit
422 543 575 574 unum
614 534 777 574 tamen
811 525 1006 572 coeleste
1042 524 1134 571 erit
1163 531 1363 587 propter
1385 523 1652 573 thronum
1639 539 1690 570 ln
1715 522 1838 570 coelo

177 580 214 608 SC
178 581 335 654 ωῃῗῖἷιῗ
322 583 403 661 ,ξιξ
387 591 444 611 ωε
458 602 585 665 regis
619 600 842 648 coelestis.

524 679 596 725 Ex
630 677 704 724 his
739 692 847 738 quae
885 675 1018 723 dicta
1054 683 1167 723 sunt
1201 675 1261 723 de
1296 692 1448 740 regno
1495 677 1602 735 Dei,
1649 683 1700 724 et
1745 675 1839 724 sal-

458 753 665 811 vatione,
702 751 844 799 facile
883 751 1174 814 intelligitur
1221 751 1337 814 quid
1371 753 1434 800 sit
1478 752 1683 800 oriundus
1727 768 1841 799 ven-

459 834 613 875 turus,
683 826 937 874 Invenitur
959 826 1011 873 in
1032 826 1191 873 Sacris
1217 827 1480 890 Scripturis
1503 827 1687 875 mentio
1709 826 1843 875 facta

457 903 605 951 trium
635 902 932 961 mundorum,
953 902 1199 960 nimirum,
1237 902 1402 950 mundi
1436 903 1636 961 veteri&
1675 901 1842 950 mundi

450 979 725 1043 presentis,
751 983 800 1025 et
830 977 997 1025 viandi
1032 978 1241 1026 venturi.
1312 978 1385 1025 De
1422 978 1579 1042 primo
1623 978 1842 1041 loquitur

462 1056 509 1102 S.
532 1055 702 1102 Petrus
732 1055 779 1113 (2
807 1055 908 1102 Pet.
927 1054 977 1101 ii.
1005 1054 1087 1115 5):
1141 1054 1199 1101 Si
1244 1054 1488 1119 originali
1533 1055 1708 1103 mundo
1747 1070 1842 1102 non

452 1130 690 1194 pepercit
713 1129 867 1188 Deus,
892 1129 986 1177 sed
1018 1136 1241 1177 octavum
1265 1129 1435 1188 Noem‚
1466 1130 1688 1193 justitioe
1702 1145 1844 1194 prae-

461 1222 638 1264 eonem,
675 1205 959 1262 custodivit,
995 1205 1230 1253 diluvium
1264 1206 1437 1254 mundo
1473 1206 1731 1271 impiorum
1770 1205 1845 1254 in-

464 1282 660 1341 ducens,
686 1288 778 1329 ete.
849 1281 1066 1329 Mundus
1090 1297 1206 1345 ergo
1228 1291 1371 1329 vetus
1395 1283 1455 1329 ab
1490 1282 1679 1330 Adamo
1710 1298 1843 1330 com-

462 1364 663 1420 putatur
686 1373 839 1420 usque
863 1357 926 1405 ad
950 1357 1200 1405 diluvium.
1270 1357 1343 1405 De
1382 1357 1567 1406 mundo
1604 1365 1844 1421 praesente

462 1432 678 1495 loquitur
713 1433 935 1481 Christus
971 1432 1100 1494 (Joh.
1126 1433 1258 1480 xviii.
1285 1435 1395 1495 36):
1443 1433 1668 1498 Regnum
1691 1449 1844 1481 meum

461 1524 555 1555 non
595 1515 671 1555 est
712 1525 775 1555 ex
817 1508 908 1556 hoe
939 1508 1130 1556 mundo.
1198 1508 1345 1556 Venit
1377 1509 1506 1556 enim
1539 1509 1758 1557 Christus
1782 1507 1846 1556 ad

462 1590 661 1646 pactum
683 1590 822 1632 vetus
846 1583 1208 1638 renovandum3
1245 1583 1308 1631 ad
1340 1583 1645 1646 regnandum
1680 1591 1845 1632 autem

462 1659 625 1706 veniet
647 1660 698 1707 in
724 1659 801 1707 die
820 1659 1008 1722 judicii.
1081 1659 1155 1706 De
1190 1659 1374 1706 mundo
1399 1667 1605 1706 venturo
1630 1659 1847 1722 loquitur

464 1735 513 1782 S.
539 1734 710 1783 Petrus
732 1735 782 1794 (2
807 1735 910 1783 Pet.
935 1735 1002 1782 iii.
1036 1737 1139 1796 13):
1176 1734 1343 1782 Novos
1361 1751 1477 1782 vero
1502 1734 1662 1793 melos,
1687 1741 1739 1783 et
1760 1751 1845 1783 no-

462 1826 569 1857 vam
588 1817 791 1869 terram,
809 1817 859 1858 et
869 1811 1126 1876 promissa
1146 1810 1305 1875 ipsius
1324 1817 1656 1874 expectamus,
1682 1811 1845 1874 Atque

462 1884 542 1932 hic
566 1892 641 1932 est
671 1885 882 1933 mundus
918 1885 1014 1944 ille,
1040 1886 1087 1932 in
1116 1901 1212 1948 quo
1237 1884 1458 1932 Christus
1482 1901 1508 1932 e
1532 1885 1656 1933 coelo
1681 1885 1731 1933 in
1756 1901 1846 1933 nu-

463 1961 605 2009 bibus
630 1961 929 2009 descendens
952 1962 1003 2010 in
1026 1962 1247 2025 potentia
1278 1969 1329 2008 et
1356 1961 1511 2023 gloria
1543 1977 1736 2025 magna,
1759 1977 1846 2009 an-

464 2036 597 2098 gelos
633 2053 743 2085 suos
774 2038 974 2086 mittens
998 2037 1316 2101 congregabit
1340 2037 1519 2085 electos
1543 2053 1655 2085 suos
1677 2053 1708 2085 a
1729 2052 1848 2100 qua-

464 2118 577 2159 tuor
597 2113 758 2160 ventis
794 2121 845 2161 et
868 2114 928 2161 ab
953 2113 1182 2162 extremis
1207 2120 1367 2172 terrae,
1387 2121 1438 2161 et
1461 2113 1686 2176 regnabit
1703 2129 1848 2178 super

464 2203 547 2234 eos
571 2188 620 2235 in
645 2196 897 2236 aeternum.

532 2263 746 2312 Salvatio
770 2265 1042 2327 peccatoris
1061 2265 1291 2328 supponit
1315 2264 1699 2329 redemptionem
1721 2278 1847 2327 proe-

465 2338 733 2387 cedentem.
781 2340 911 2387 Nam
935 2341 1017 2402 qui
1037 2341 1185 2388 semel
1207 2340 1399 2403 peccati
1427 2356 1538 2388 reus
1563 2347 1651 2397 est,
1676 2354 1847 2402 poenas

466 2413 626 2472 debet,
646 2431 765 2478 quas
788 2415 891 2478 ipse
910 2415 987 2462 vel
1005 2416 1126 2463 alius
1145 2432 1235 2479 pro
1254 2416 1358 2479 ipso
1377 2416 1563 2463 solvere
1583 2414 1847 2477 obligatur,

465 2504 554 2551 pro
577 2490 736 2552 pretio
761 2489 1131 2552 redemptionis;
1159 2491 1290 2554 quod
1313 2491 1525 2554 pretium
1545 2498 1738 2538 tantum
1757 2497 1847 2548 est,

468 2573 705 2626 quantum
722 2564 763 2612 is
787 2565 870 2627 qui
893 2565 1035 2612 laesus
1051 2574 1125 2613 est
1148 2566 1427 2629 postulabit.
1497 2566 1661 2614 Laesus
1684 2572 1849 2613 autem

468 2638 599 2687 Deus
622 2647 696 2688 est
715 2661 727 2695 ;
752 2640 965 2703 pretium
989 2656 1105 2703 ergo
1128 2641 1478 2705 redemptionis
1501 2649 1591 2700 est,
1617 2639 1850 2704 quicquid

469 2713 572 2762 Deo
595 2715 843 2778 imponere
874 2715 1031 2762 visum
1056 2716 1162 2763 erit.
1250 2717 1494 2765 Damnum
1518 2716 1648 2780 quod
1671 2715 1753 2763 alii
1775 2715 1848 2774 fit,

467 2788 570 2835 tolli
594 2797 756 2851 potest
778 2805 866 2853 per
888 2789 1262 2850 restitutionem,
1289 2792 1366 2839 vel
1390 2791 1848 2855 compensationem,

470 2879 675 2925 quarum
719 2871 895 2912 neutra
934 2864 1062 2913 tollit
1106 2874 1377 2928 peccatum.
1448 2866 1642 2930 Ignosci
1685 2873 1850 2914 tamen

470 2939 712 2998 peccatori
754 2956 782 2987 a
805 2939 922 2988 laeso
957 2947 1042 2987 aut
1073 2940 1261 3005 grati-9,
1297 2948 1380 2989 aut
1415 2957 1559 3004 poena
1598 2940 1852 3004 quantula-
