1968 3236
226 370 329 402 cAP.
349 371 424 403 XLI
431 371 443 402 ¹
450 394 461 403 .

250 426 437 446 r——r-—d

245 466 291 494 Do
304 470 442 504 potestate

493 228 586 271 382
813 237 882 269 DE
911 234 1166 269 CIVITATE
1195 234 1552 268 CHRISTIANA.

492 355 582 402 bus
604 353 891 416 praescribit,
911 352 1092 415 regulae
1112 351 1207 398 illae
1225 352 1357 415 leges
1375 368 1474 400 non
1499 358 1629 411 sunt,
1648 351 1735 399 sed
1757 367 1876 399 con-

495 430 671 487 silium,
697 429 836 491 quale
870 428 968 475 sive
1002 429 1186 475 bonum
1218 428 1318 476 sive
1350 428 1531 476 malum
1567 428 1624 486 is,
1649 427 1728 475 cui
1759 443 1875 475 con-

243 509 446 539 mammaea.
494 505 653 552 silium
677 504 835 561 datur,
855 503 1112 550 observare
1135 502 1212 550 vel
1235 503 1483 567 negligere
1505 510 1670 566 potest
1692 503 1876 566 absque

493 579 756 642 injustitia3
794 585 843 625 et
867 578 1107 641 siquidem
1128 578 1316 641 legibus
1334 579 1437 641 jam
1461 578 1740 626 constitutis
1758 595 1876 626 con-

491 655 693 702 trarium
732 654 808 712 sit,
834 654 933 701 sive
963 654 1147 701 bonum
1176 654 1276 701 sive
1304 654 1486 701 malum
1510 654 1589 710 sit,
1614 654 1875 703 observare

492 731 595 777 sine
635 730 873 792 injustitia
911 746 1012 777 non
1049 736 1244 793 potest:
1282 731 1555 788 observare,
1583 730 1800 794 inquam,
1822 731 1874 778 in

491 806 761 854 actionibus
785 814 835 853 et
859 805 1164 853 sermonibus
1188 806 1292 853 sine
1316 805 1556 868 injustitia
1579 821 1679 853 non
1694 813 1874 869 potest,

492 882 581 929 etsi
627 881 908 929 doctoribus
953 881 1156 944 privatis
1203 880 1417 939 credere,
1454 887 1504 928 et
1550 887 1606 928 ut
1652 881 1877 930 doctrina

492 973 661 1005 eorum
690 957 879 1019 legibus
907 956 1143 1020 permissa
1178 962 1304 1003 esset
1334 956 1437 1003 sine
1460 963 1662 1019 peccato
1687 964 1875 1020 optare,
1904 1012 1906 1015 .

490 1039 665 1095 potest.
735 1032 877 1080 Fides
918 1032 1048 1080 enim
1094 1033 1291 1080 interna
1334 1048 1422 1095 per
1467 1039 1695 1080 naturam
1736 1048 1875 1082 suam

490 1108 740 1155 invisibilis
775 1116 864 1167 est,
899 1108 1107 1171 ideoque
1141 1109 1202 1156 ab
1239 1108 1373 1156 omni
1401 1107 1742 1171 jurisdictione
1781 1108 1875 1156 hu-

488 1200 632 1231 mana
671 1191 909 1247 exempta.
994 1183 1239 1232 Quoniam
1278 1199 1395 1247 ergo
1437 1183 1668 1232 Servator
1705 1190 1876 1232 noster

488 1276 692 1323 regnum
717 1276 857 1308 suum
880 1260 931 1308 in
948 1260 1043 1308 hoc
1061 1259 1245 1308 mundo
1265 1275 1371 1307 esse
1388 1259 1602 1323 negavit,
1621 1267 1671 1308 et
1693 1275 1793 1307 non
1810 1259 1875 1308 ad

484 1334 817 1397 judicandum,
843 1335 929 1383 sed
952 1335 1016 1382 ad
1040 1334 1326 1382 salvandum
1349 1334 1588 1382 mundum
1609 1334 1798 1382 venisse
1821 1350 1873 1383 se

488 1410 760 1467 affirmavit,
783 1427 882 1459 non
906 1410 1011 1458 aliis
1029 1410 1218 1474 legibus
1241 1426 1330 1458 nos
1355 1410 1562 1473 subjecit
1585 1426 1731 1473 quam
1752 1410 1874 1474 legi-

486 1486 577 1533 bus
602 1486 808 1534 civitatis
830 1508 841 1542 ;
878 1486 1293 1550 nempe,Judaeos
1328 1485 1525 1549 quidem
1546 1485 1735 1549 legibus
1762 1486 1873 1534 Mo-

489 1561 646 1619 saicis,
671 1562 735 1609 ad
761 1578 879 1625 quas
911 1578 1011 1610 non
1047 1562 1350 1619 evertendas,
1383 1561 1469 1609 sed
1504 1561 1568 1609 ad
1603 1561 1874 1625 implendas

488 1636 676 1684 venisse
709 1653 758 1684 se
789 1637 907 1685 dicit
935 1637 1137 1699 (Matth.
1156 1654 1202 1685 v.
1229 1637 1307 1698 17)
1329 1658 1340 1692 ;
1365 1644 1536 1700 gentes
1564 1644 1730 1684 autem
1752 1637 1872 1686 alias

489 1711 740 1759 civitatum
773 1728 968 1760 suarum
1004 1713 1193 1776 legibus
1231 1712 1469 1770 civilibus,
1505 1718 1555 1760 et
1583 1728 1738 1775 genus
1779 1713 1871 1762 hu-

488 1803 686 1834 manum
708 1789 987 1836 universum
1014 1789 1204 1852 legibus
1234 1787 1553 1835 naturalibus.
1636 1788 1872 1838 Manifes-

488 1871 592 1910 tum
628 1879 743 1926 ergo
779 1872 866 1923 est,
904 1864 1152 1912 Christum
1187 1871 1237 1912 et
1270 1863 1519 1927 apostolos
1548 1865 1652 1927 ejus
1686 1864 1870 1913 nullam

487 1954 662 1986 novam
684 1939 857 2003 legem,
877 1957 985 2003 quae
1009 1956 1098 1988 nos
1122 1941 1172 1988 in
1195 1941 1290 1988 hoc
1308 1939 1491 1987 mundo
1509 1939 1765 2003 obligaret,
1784 1940 1871 1989 sed

487 2029 661 2061 novam
679 2021 868 2063 tantum
890 2014 1164 2064 doctrinam
1183 2016 1421 2074 attulisse,
1439 2032 1536 2079 qua
1553 2015 1616 2063 ad
1633 2015 1871 2064 mundum

486 2096 742 2138 venturum
765 2107 1149 2154 praepararemur
1170 2111 1180 2139 ε
1207 2099 1256 2140 01
1273 2091 1478 2155 proinde
1500 2092 1871 2140 Testamentum

487 2163 696 2224 Novum,
721 2166 772 2213 in
797 2182 892 2229 quo
931 2167 1154 2215 doctrina
1181 2167 1264 2215 illa
1299 2167 1594 2226 continetur,
1637 2167 1870 2231 quamdiu

485 2255 583 2287 non
620 2248 781 2289 essent
815 2242 1060 2305 principes
1095 2251 1145 2290 et
1179 2243 1481 2306 legislatores
1525 2242 1607 2306 qui
1640 2243 1869 2291 observa-

483 2314 666 2363 tionem
691 2317 794 2379 ejus
818 2317 1130 2380 imperarent,
1156 2335 1257 2366 non
1292 2327 1398 2367 erat
1427 2319 1522 2377 lex,
1546 2317 1634 2366 sed
1659 2317 1723 2366 ad
1757 2333 1869 2382 per-

483 2389 730 2439 ducendos
770 2392 990 2440 homines
1035 2393 1098 2440 ad
1143 2394 1350 2442 salutem
1393 2394 1649 2442 consilium
1688 2401 1868 2450 tutum,

484 2466 615 2527 quod
628 2467 958 2530 unusquisque
973 2468 1194 2531 accipere
1217 2470 1294 2517 vel
1317 2469 1519 2533 rejicere
1543 2485 1631 2517 suo
1649 2468 1867 2532 periculo

484 2540 644 2601 potuit
667 2541 768 2588 sine
793 2541 1047 2604 injustitia.

551 2615 715 2674 Porro,
759 2616 988 2664 Servator
1034 2626 1199 2666 noster
1245 2620 1476 2682 apostolis
1522 2627 1574 2667 et
1620 2619 1866 2683 discipulis

483 2690 764 2738 mandatum
797 2690 947 2749 dedit,
978 2699 1035 2738 ut
1068 2692 1393 2754 praedicarent
1424 2710 1630 2758 regnum
1654 2693 1746 2742 Dei
1779 2710 1866 2758 ap-

482 2765 807 2827 propinquare
828 2788 840 2820 ;
890 2773 948 2813 ut
974 2766 1196 2815 nationes
1222 2784 1390 2816 omnes
1415 2770 1663 2827 docerent,
1687 2776 1738 2818 et
1761 2785 1866 2818 cre-

481 2838 650 2888 dentes
674 2841 981 2904 baptizarent
1004 2863 1016 2894 ;
1069 2850 1124 2890 ut
1156 2843 1238 2890 ubi
1261 2859 1359 2891 non
1384 2845 1731 2907 reciperentur,
1756 2844 1865 2908 pul-
