1968 3236
701 309 771 342 nn
799 308 1073 342 cwrrxrn.
1433 321 1438 328 ·
1486 294 1575 339 261

204 420 350 485 idque
390 435 448 469 eo
489 437 646 479 sensu,
687 430 741 468 ut
780 438 876 469 non
913 421 1028 469 velit
1069 420 1313 468 declarare
1354 417 1480 483 quid
1514 417 1583 464 sit
1614 438 1716 470 eff,
1732 437 1866 470 xxm,

206 495 352 554 Deus,
385 496 469 544 sed
493 504 729 559 quantum
770 496 927 559 ipsum
968 495 1264 543 admiramur
1301 502 1350 542 et
1385 509 1583 541 venera-
1638 492 1823 569 ff

205 586 315 618 mur
337 587 439 619 nos.
511 571 720 619 Unicum
745 572 872 618 enim
897 579 1084 619 naturae
1108 587 1207 618 suae
1231 585 1408 618 nomen
1437 569 1585 616 habet
1642 577 1844 606 Deinaturali·

208 660 323 694 Es'r.

273 721 504 770 Actiones
538 730 700 770 autem
740 739 847 785 quae
885 722 947 769 ad
982 722 1163 769 cultum
1197 721 1415 769 divinum
1437 720 1587 784 perti-

206 805 340 855 nent,
358 798 558 845 rationis
579 807 668 855 est,
687 807 740 845 ut
762 798 897 860 signa
918 798 1014 844 sint
1033 797 1252 851 honoris;
1273 796 1439 860 quales
1459 802 1588 853 sunt,

205 873 364 936 primo
387 873 510 929 loco,
527 889 727 937 preces.
799 873 1023 920 Secundo
1047 873 1172 931 loco,
1194 873 1484 937 gratiarum
1508 888 1589 919 ac-

208 947 365 996 tione-s·
381 967 399 1003 ;
436 965 545 1010 quae
570 956 731 996 tamen
755 966 783 996 a
805 949 1028 1012 precibus
1061 949 1109 996 in
1143 948 1278 996 cultu
1307 947 1470 996 divino
1488 964 1589 995 non

207 1022 348 1071 aliter
366 1023 611 1082 differunt,
621 1025 710 1072 nisi
731 1024 862 1088 quod
885 1024 1171 1071 beneficium
1186 1023 1464 1087 praecedant
1481 1038 1591 1086 pre-

209 1114 303 1157 ceS,
319 1099 584 1161 gratiarum
604 1100 819 1147 actiones
838 1107 1100 1162 sequantur
1116 1121 1128 1154 ;
1154 1116 1264 1147 cum
1283 1107 1382 1147 tam
1401 1099 1589 1157 harum,

209 1190 354 1237 quam
380 1175 569 1222 illarum
597 1176 702 1223 finis
731 1176 901 1223 unicus
925 1192 975 1223 es
994 1213 1012 1232 ¹,
1038 1191 1227 1238 nempe,
1249 1182 1304 1222 ut
1330 1174 1591 1222 beneficio-

209 1265 317 1297 rum
342 1258 443 1297 tam
466 1251 822 1313 praeteritorum
857 1267 952 1314 qua
1025 1250 1299 1298 futurorum
1325 1251 1481 1298 Deum
1505 1266 1591 1297 au-

210 1325 400 1373 thorem
425 1342 528 1373 esse
552 1343 885 1389 agnoscamus.
943 1326 1108 1374 Tertio
1126 1326 1251 1382 loco,
1271 1326 1415 1383 dona,
1435 1325 1486 1373 id
1501 1333 1590 1385 est,

211 1401 469 1463 sacrificia
495 1410 542 1449 et
566 1402 855 1461 oblationem,
880 1402 919 1450 si
944 1402 994 1449 in
1015 1417 1101 1449 suo
1125 1417 1305 1463 genere
1330 1414 1440 1449 sunt
1465 1401 1592 1465 opti-

212 1493 307 1534 ma,
327 1477 465 1540 signa
486 1478 683 1525 honoris
707 1486 834 1536 sunt,
854 1486 903 1525 et
927 1478 1085 1525 cultus
1104 1477 1254 1524 divini
1273 1493 1386 1540 pars
1410 1477 1593 1525 ration-

212 1552 316 1600 aliS.
387 1553 591 1611 Quarto,
629 1554 821 1617 signum
852 1554 1049 1601 honoris
1085 1554 1188 1601 Deo
1221 1553 1480 1601 exhibendi
1504 1560 1593 1609 est,

212 1644 307 1675 non
328 1629 515 1690 jurare
539 1629 636 1676 nisi
655 1645 755 1693 per
777 1629 936 1676 Deum
952 1647 970 1684 ;
1006 1629 1141 1676 illum
1165 1629 1293 1676 enim
1318 1629 1472 1676 solum
1488 1644 1592 1676 esse

212 1711 534 1752 scrutatorem
553 1705 787 1763 cordium,
806 1705 1017 1768 jurando
1040 1706 1343 1752 confitemur.
1392 1705 1594 1762 Quinto,

211 1794 324 1842 pars
344 1779 502 1827 cultus
533 1780 782 1828 rationalis
806 1789 894 1838 est,
921 1780 980 1828 de
1005 1781 1108 1828 Deo
1133 1797 1232 1828 non
1256 1781 1349 1828 nisi
1373 1780 1594 1828 conside-

212 1861 316 1902 rate
339 1854 501 1918 loqui;
537 1855 727 1919 signum
764 1857 893 1903 enim
928 1865 1002 1904 est
1036 1857 1239 1915 timoris,
1264 1865 1312 1904 et
1337 1857 1484 1904 timor
1506 1873 1595 1919 po-

212 1931 379 1978 tentiae
417 1931 591 1979 divinae
634 1931 891 1980 confessio.
975 1933 1168 1980 Nomen
1210 1948 1326 1996 ergo
1362 1933 1453 1981 Dei
1495 1949 1594 1980 non

216 2012 397 2053 temere
432 2006 763 2069 usurpandum
788 2015 875 2065 est,
899 2022 1057 2069 neque
1081 2007 1184 2054 sine
1209 2023 1355 2055 causa
1379 2024 1595 2055 necessa-

214 2080 316 2135 ria;
339 2097 530 2145 nempe,
550 2082 677 2130 inter
695 2083 823 2130 cives
838 2082 901 2130 ad
919 2083 1263 2130 certitudinem
1283 2083 1593 2146 judiciorum,

214 2164 300 2204 aut
324 2157 451 2204 inter
473 2166 642 2221 gentes
666 2158 729 2206 ad
753 2159 979 2206 evitanda
1000 2159 1142 2207 bella.
1212 2159 1284 2207 De
1307 2167 1484 2207 natura
1511 2174 1597 2206 au-

216 2238 316 2279 tem
336 2231 501 2280 divina
520 2233 781 2297 disputare,
797 2235 971 2282 honori
990 2235 1094 2282 Deo
1114 2235 1278 2282 debito
1299 2234 1598 2283 contrarium

215 2314 320 2361 θεῖς
357 2309 645 2371 supponitur
659 2309 789 2356 enim
809 2309 868 2356 de
893 2326 1043 2373 regno
1060 2310 1148 2358 Dei
1168 2311 1280 2358 sciri
1304 2310 1423 2357 nihil
1440 2324 1597 2372 posse,

214 2382 307 2431 nisi
347 2399 435 2447 per
470 2385 708 2432 rationem
746 2386 1032 2444 naturalem,
1057 2385 1109 2433 id
1137 2394 1225 2443 est,
1249 2402 1337 2449 per
1359 2385 1599 2449 principia

215 2458 447 2522 physica;
483 2476 591 2522 quae
631 2468 822 2508 tantum
862 2461 999 2509 abest
1032 2468 1087 2508 ut
1122 2469 1347 2508 naturam
1385 2460 1599 2508 divinam

217 2533 530 2596 patefaciant,
563 2544 617 2582 ut
646 2551 706 2583 ne
735 2544 950 2584 nostram
983 2536 1178 2599 quidem
1202 2544 1287 2583 aut
1314 2538 1600 2599 cujusquam

219 2609 291 2656 rei
314 2608 526 2657 minimae
549 2618 771 2659 naturam
795 2628 883 2659 nos
907 2611 1081 2660 docere
1105 2612 1308 2675 possint.
1380 2611 1435 2658 In
1460 2611 1601 2658 attri-

219 2683 352 2731 butis
386 2699 503 2747 ergo
534 2684 709 2734 divinis
743 2687 1097 2750 respiciendum
1131 2703 1230 2734 non
1250 2694 1322 2734 est
1345 2686 1408 2733 ad
1431 2685 1603 2733 defini-

221 2758 379 2806 tiones
401 2759 760 2819 vocabulorum,
785 2761 870 2809 sed
894 2762 955 2810 ad
980 2778 1124 2825 quam
1146 2762 1423 2825 significant
1453 2761 1604 2808 hono-

222 2832 288 2880 ris
307 2833 638 2882 intentionem.
676 2835 840 2894 Sexto,
864 2837 915 2884 in
938 2837 1314 2900 precationibus,
1334 2836 1604 2899 gratiarum

222 2907 509 2966 actionibuS,
530 2908 870 2970 oblationibus,
894 2920 945 2959 et
968 2911 1217 2960 sacrificiis
1247 2910 1491 2959 dictamen
1526 2926 1601 2959 ra-
