1910 3236
703 226 774 259 DE
802 226 1076 259 elvlTA'rR.
1499 217 1587 259 135

270 337 476 396 Quarto,
486 338 715 400 quoniam
731 355 818 401 per
833 338 1188 386 iustitutionem
1204 339 1358 401 ipsam
1372 338 1589 386 omnium
1613 356 1715 388 ων.
1733 357 1869 390 xvm.

201 414 451 462 actionum
474 414 616 471 illius,
642 415 691 461 in
716 431 862 478 quem
904 430 1140 462 summam
1165 413 1478 462 contulerunt
1501 429 1588 476 po-

1643 413 1831 433 b-r-ae

1607 457 1727 495 Dejure
1741 458 1790 486 ha-

199 497 444 546 testatem‚
492 490 669 538 author
704 499 777 538 est
823 490 1179 538 conferentium
1223 489 1734 552 unusquisque3bentium
1749 506 1841 539 1³0oeoe

199 564 511 613 manifestum
548 575 638 623 est,
665 565 796 628 quod
833 566 893 613 ab
928 566 1140 613 habente
1163 581 1402 613 summam
1423 573 1588 628 potes-
1604 587 1636 615 ω
1648 588 1764 616 emme
1777 598 1829 626 per

198 648 351 689 tatem
396 641 578 688 nemini
626 641 982 689 conferentium
1021 641 1127 688 fieri
1162 656 1304 704 posse
1344 640 1586 703 injuriam.

201 716 330 764 Nam
376 716 563 764 factum
603 717 839 775 authoriS,
876 717 926 764 id
961 725 1049 774 est,
1086 716 1481 779 uniuscujusque,
1514 722 1589 763 est

200 792 433 856 quicquid
468 793 548 840 ille
580 793 766 840 fecerit.
839 793 939 840 Sibi
966 793 1056 856 ipsi
1079 784 1242 840 autem
1267 791 1494 855 injuriam
1516 791 1588 839 fa-

200 883 310 916 cere
345 884 489 915 nemo
523 877 702 931 potest.
774 868 906 917 Quin
941 868 997 926 is,
1034 867 1117 930 qui
1163 883 1401 915 summam
1440 867 1588 916 habet

198 950 510 1007 potestatem,
546 943 707 990 facere
754 943 918 1006 inique
952 944 1122 1007 possit,
1154 959 1254 991 non
1291 942 1586 1006 negaverim.

199 1019 428 1082 Iniquum
453 1019 582 1066 enim
608 1018 741 1082 quod
764 1027 937 1066 contra
951 1019 1109 1082 legem
1132 1027 1337 1076 naturae,
1351 1018 1587 1081 injustum

198 1094 331 1158 quod
354 1103 527 1142 contra
550 1094 707 1158 legem
743 1093 933 1141 civilem
967 1094 1149 1142 factum
1186 1102 1275 1151 est,
1299 1093 1586 1157 appellatur.

200 1170 329 1218 Nam
346 1171 534 1233 justum
558 1178 646 1218 aut
667 1170 901 1233 injustum
924 1179 1038 1218 ante
1067 1170 1317 1218 civitatem
1350 1170 1588 1218 constitu-

197 1253 301 1294 tam
325 1246 447 1293 nihil
470 1255 591 1294 erat.

267 1321 578 1380 Quinto,non
596 1330 759 1385 potest
778 1322 861 1385 qui
878 1338 1115 1369 summam
1128 1321 1278 1369 habet
1291 1328 1586 1384 potestatem

198 1413 230 1445 a
269 1396 457 1445 civibus
498 1396 671 1455 occidi,
698 1406 784 1445 aut
817 1396 1254 1460 quomodocunque
1272 1397 1384 1459 jure
1406 1397 1583 1460 puniri.

200 1471 331 1520 Nam
345 1472 429 1536 qui
447 1472 676 1535 injuriam
693 1473 855 1521 facere
874 1489 973 1521 non
988 1481 1167 1536 potest,
1181 1489 1244 1520 ne
1263 1489 1375 1520 reus
1389 1473 1582 1536 quidem

197 1547 319 1606 fieri,
356 1547 512 1595 multo
547 1547 707 1596 minus
741 1548 1057 1597 condemnari
1090 1556 1266 1611 potest.
1337 1548 1586 1612 Quicquid

196 1623 328 1671 enim
350 1622 484 1682 fecit,
508 1623 628 1672 facti
651 1625 827 1672 author
849 1634 925 1672 est
948 1625 1127 1672 civium
1149 1624 1494 1688 unusquisque.

264 1698 430 1757 Sexto,
455 1699 571 1762 quia
593 1699 803 1748 civitatis
827 1700 1139 1748 instituendae
1162 1700 1272 1748 finis
1294 1716 1391 1764 pax
1426 1707 1500 1748 est
1534 1709 1585 1748 et

197 1773 432 1832 defensio,
469 1782 516 1822 et
568 1775 847 1839 quicunque
882 1776 933 1823 in
980 1777 1129 1824 finem
1174 1777 1255 1839 jus
1295 1776 1460 1834 habet,
1501 1777 1583 1839 jus

196 1850 342 1898 etiam
369 1849 420 1897 in
444 1850 606 1898 media
627 1851 804 1907 habet;
840 1852 1075 1915 sequitur,
1098 1859 1155 1900 ut
1177 1852 1464 1915 cuicunque,
1483 1852 1583 1899 sive

196 1925 382 1974 homini
405 1926 506 1974 sive
530 1928 695 1985 coetui,
711 1928 943 1976 tribuitur
964 1936 1182 1991 potestas
1204 1944 1409 1986 summa,
1425 1927 1583 1975 eidem

196 2001 343 2050 etiam
369 2001 431 2050 de
453 2002 625 2050 mediis
649 2003 712 2051 ad
735 2020 907 2067 pacem
927 2012 976 2052 et
995 2003 1325 2052 defensionem
1344 2003 1582 2067 judicatio

196 2076 382 2125 tributa
403 2077 483 2135 sit,
501 2086 552 2125 et
574 2086 631 2126 ut
649 2087 755 2126 tum
773 2079 824 2126 in
847 2079 954 2142 ipso
977 2079 1194 2143 periculo
1224 2089 1330 2127 tum
1363 2094 1582 2142 praeven-

195 2151 344 2200 tionis
389 2169 536 2201 causa
580 2161 695 2202 ante
739 2155 1025 2218 periculum,
1066 2155 1257 2218 judicet
1295 2155 1413 2218 quid
1447 2154 1584 2202 factu

196 2228 524 2276 necessarium
550 2229 630 2288 sit,
654 2238 761 2277 tum
795 2230 860 2278 ad
891 2246 1064 2294 pacem
1104 2230 1284 2278 civium
1307 2230 1435 2277 inter
1458 2245 1509 2277 se
1532 2237 1583 2277 et

196 2303 508 2352 securitatem
549 2312 722 2352 contra
759 2306 924 2353 hostes
960 2304 1359 2363 conservandam,
1383 2311 1489 2352 tum
1519 2304 1583 2352 ad

196 2377 377 2428 damna
398 2380 611 2428 civitatis
628 2380 951 2429 resarcienda.

264 2454 501 2519 Septimo,
524 2471 726 2505 summae
762 2457 995 2520 potestati
1017 2456 1235 2504 adhaeret
1254 2471 1362 2519 quae
1379 2454 1442 2503 ad
1465 2470 1582 2503 con-

195 2531 520 2580 servationem
554 2532 632 2580 vel
670 2532 984 2581 violationem
1014 2532 1148 2595 pacis
1182 2531 1391 2579 tendunt
1413 2530 1581 2578 decer-

196 2619 329 2665 nere,
354 2614 406 2654 et
445 2606 658 2670 quando,
701 2614 956 2670 quatenus,
993 2607 1168 2669 quibus
1199 2605 1330 2669 apud
1364 2604 1582 2652 multitu-

197 2679 361 2729 dinem
405 2682 685 2730 coneionari
729 2681 1112 2746 permittendum
1152 2682 1231 2739 sit,
1264 2689 1315 2728 et
1351 2680 1434 2743 qui
1469 2678 1580 2727 libri

196 2756 478 2820 publicandi
501 2765 552 2805 et
573 2774 604 2806 a
626 2758 802 2821 quibus
824 2756 1134 2806 examinandi
1165 2757 1277 2804 sint.
1346 2755 1580 2803 Actiones

197 2832 327 2881 enim
350 2834 411 2881 ab
437 2833 746 2896 opinionibus
768 2843 931 2882 ortum
956 2833 1138 2881 habent
1158 2850 1170 2879 t
1207 2832 1256 2879 in
1271 2831 1443 2879 harum
1461 2846 1579 2894 ergo

1605 548 1692 572 tatem
1707 554 1851 573 summam

1605 631 1826 660 institutionem.
