1968 3236
107 381 211 413 CAP.
228 381 364 414 xvm.

142 436 334 456 b—q-—ae

108 474 154 502 De
162 474 232 510 jure
245 473 297 501 ha-

105 517 238 545 bentium
251 520 342 554 pote&

105 563 195 589 tatem
209 569 353 589 summam

104 604 138 631 in
155 604 270 631 civitate
290 613 341 641 per

105 647 325 675 institutionem.

399 236 490 280 138
910 248 980 279 DE
1010 248 1285 281 CIVITATE.

391 358 594 406 tendere
631 359 780 406 etiam
822 359 1179 406 controversias
1221 359 1281 407 de
1319 360 1504 409 honore
1539 367 1590 409 et
1613 360 1788 410 ordine

391 435 585 491 civium,
611 443 661 481 et
700 434 959 497 potestatis
999 451 1202 482 summae
1247 437 1502 484 coercione
1549 437 1784 500 indigere.

391 510 690 558 Necessariae
707 525 824 572 ergo
841 517 955 556 sunt
968 510 1116 572 leges,
1127 510 1299 572 quibus
1316 512 1423 574 quis
1438 512 1612 575 cuique
1626 513 1787 560 honor

390 586 678 634 tribuendus
719 586 782 632 sit
819 585 870 632 in
899 585 1239 648 congressibus
1275 593 1325 634 et
1353 587 1591 650 alloquiis,
1611 587 1783 635 defini-

390 670 516 710 atur.
565 662 738 723 Itaque
762 661 1048 709 conferendi
1069 662 1256 721 titulos,
1282 663 1574 728 ordinesque
1604 665 1784 713 civium

390 740 738 803 distinguendi,
764 740 980 803 ejusdem
1006 756 1207 788 summae
1231 743 1490 804 potestatis
1509 744 1589 806 jus
1614 750 1702 791 est.

456 817 618 879 Atque
651 816 758 863 haec
783 823 897 864 sunt
915 818 1029 879 jura
1052 832 1291 864 summam
1314 817 1540 866 habentis
1568 826 1785 882 potesta-

388 899 488 939 tem
511 891 828 955 principalia3
865 899 918 939 ut
937 892 1164 954 ampliter
1186 893 1267 940 hic
1287 893 1673 942 demonstratum
1693 902 1783 953 est,

388 977 439 1016 et
454 969 648 1016 brevius
668 968 992 1016 demonstrari
1008 969 1173 1031 potuit
1185 969 1333 1017 unico
1356 970 1452 1017 hoc
1476 977 1784 1033 argumento.

386 1045 508 1092 Jura
542 1044 672 1092 enim
706 1045 813 1093 haec
849 1044 1014 1093 omnia
1049 1044 1167 1107 quin
1201 1044 1411 1093 civitatis
1448 1045 1561 1104 sint,
1585 1045 1787 1109 negabit

387 1136 546 1168 nemo.
618 1120 802 1169 Civitas
848 1128 1015 1168 autem
1060 1119 1156 1167 nisi
1189 1135 1278 1183 per
1323 1136 1583 1183 personam
1630 1136 1784 1179 suam,

386 1212 579 1259 nempe,
605 1212 717 1243 eum
743 1196 827 1259 qui
851 1211 1090 1244 summam
1113 1195 1262 1243 habet
1284 1203 1595 1259 potestatem,
1625 1211 1786 1259 neque

387 1272 521 1335 loqui
555 1288 713 1335 neque
751 1288 897 1335 agere
941 1279 1119 1335 potest.
1192 1271 1319 1319 Sunt
1360 1288 1478 1335 ergo
1520 1272 1635 1335 jura
1678 1272 1786 1320 haec

387 1349 553 1396 omnia
575 1349 720 1407 illius,
754 1348 838 1411 qui
873 1349 924 1396 in
960 1348 1160 1396 civitate
1184 1363 1424 1395 summam
1448 1347 1598 1395 habet
1620 1354 1788 1411 potes-

386 1431 552 1483 tatem,
580 1423 680 1472 sive
705 1424 745 1471 is
767 1423 915 1471 homo
940 1423 1019 1482 sit,
1038 1423 1138 1471 sive
1158 1431 1315 1471 coetus
1329 1423 1600 1471 hominum.
1659 1422 1786 1471 Sunt

386 1508 552 1548 autem
577 1507 626 1548 et
650 1499 747 1547 alia
778 1501 892 1563 jura
927 1499 1162 1562 ejusdem,
1189 1499 1275 1546 sed
1306 1498 1512 1557 minora,
1537 1507 1588 1546 et
1617 1497 1669 1546 in
1712 1497 1785 1546 di-

386 1575 538 1622 versis
585 1574 866 1623 civitatibus
907 1574 1115 1632 diversa,
1158 1575 1333 1637 quibus
1380 1583 1547 1622 tamen
1592 1573 1784 1622 amissis

388 1651 518 1698 cives
549 1649 845 1713 protegendi
885 1649 1110 1713 potentia
1145 1665 1246 1697 non
1284 1650 1543 1707 amittitur,
1582 1656 1633 1696 et
1670 1664 1783 1712 quae

386 1725 643 1774 transferri
665 1734 870 1789 possunt
893 1725 956 1773 ad
979 1724 1109 1773 cives
1132 1725 1366 1789 privatos.
1438 1725 1534 1774 Sed
1550 1725 1648 1784 illa,
1674 1740 1784 1788 quae

387 1801 796 1859 enumeravimus,
818 1802 931 1865 jura
953 1801 1141 1864 majora
1164 1800 1420 1848 transferri
1438 1817 1538 1848 non
1561 1808 1782 1864 possunt.

385 1877 505 1925 Jure
551 1877 682 1925 enim
717 1877 910 1925 militiae.
937 1877 1131 1935 amisso,
1165 1878 1246 1940 jus
1288 1876 1542 1940 judicandi
1582 1883 1784 1940 propter

388 1953 634 2000 defectum
656 1952 891 2015 potentiae
913 1951 1095 2000 frustra
1118 1951 1226 1999 erit.
1295 1952 1325 2001 J
1328 1968 1415 2000 ure
1449 1952 1675 2015 exigendi
1698 1968 1783 2014 pe-

387 2028 582 2076 cuniam
606 2028 798 2087 amisso,
820 2028 997 2076 milites
1022 2028 1143 2076 nulli
1158 2036 1318 2077 erunt.
1388 2028 1418 2076 J
1421 2044 1507 2075 ure
1526 2028 1783 2091 regulandi

388 2103 638 2152 doctrinas
657 2104 851 2162 amisso,
861 2104 1211 2152 animabuntur
1230 2103 1361 2152 cives
1381 2104 1704 2167 superstitiosi
1719 2104 1784 2152 ad

387 2179 704 2227 rebellionem
719 2195 749 2227 a
768 2179 866 2228 suis
884 2179 1101 2243 ipsorum
1114 2179 1403 2243 phantasiis.
1475 2180 1782 2240 Summatim,

387 2254 428 2302 si
460 2255 644 2318 jurium
682 2254 926 2303 dictorum
967 2255 1220 2319 quodlibet
1253 2271 1407 2303 unum
1432 2255 1576 2315 desit,
1602 2263 1784 2304 caetera

388 2332 648 2379 cessabunt
688 2331 867 2390 omnia,
891 2332 1073 2394 fietque
1111 2331 1285 2379 divisio
1328 2331 1389 2380 de
1431 2348 1528 2395 qua
1557 2331 1782 2380 Christus

386 2407 489 2470 ipse
512 2407 719 2470 loquens
743 2406 883 2467 dixit,
908 2422 1117 2472 regnum
1142 2406 1352 2455 divisum
1376 2407 1426 2455 in
1449 2407 1617 2471 seipso
1640 2413 1784 2456 stare

385 2498 480 2530 non
489 2489 680 2547 potest.
750 2482 860 2531 Nisi
883 2482 1013 2530 enim
1032 2483 1217 2546 jurium
1248 2482 1423 2530 horum
1448 2482 1620 2532 divisio
1644 2490 1782 2532 ante-

387 2558 544 2617 cedat,
587 2557 760 2607 divisio
795 2558 963 2622 populi
999 2558 1051 2606 in
1087 2558 1328 2607 exercitus
1363 2559 1613 2622 oppositos
1647 2558 1783 2607 nulla

387 2634 495 2683 erit.
567 2634 746 2698 Opinio
766 2633 1048 2683 docentium
1066 2635 1180 2698 jura
1194 2633 1334 2698 regni
1353 2634 1614 2698 Anglicani
1627 2633 1783 2682 divisa

387 2725 492 2758 esse
510 2710 639 2758 inter
662 2726 844 2774 regem,
867 2725 1112 2774 proceres,
1138 2716 1187 2758 et
1221 2717 1406 2758 coetum
1430 2710 1781 2770 communium,

387 2802 534 2834 causa
573 2785 667 2834 fuit
705 2785 820 2835 belli
855 2785 987 2850 quod
1010 2793 1272 2849 sequutum
1297 2793 1372 2834 est
1413 2785 1597 2842 civilis;
1632 2785 1781 2835 etiam

388 2861 744 2925 disputationes
786 2861 846 2911 de
882 2861 1233 2924 quaestionibus
1271 2861 1484 2924 politicis
1525 2868 1575 2910 et
1597 2860 1782 2910 theolo-
