<?xml version="1.0" encoding="UTF-8"?>
<!DOCTYPE html PUBLIC "-//W3C//DTD XHTML 1.0 Transitional//EN"
    "http://www.w3.org/TR/xhtml1/DTD/xhtml1-transitional.dtd">
<html xmlns="http://www.w3.org/1999/xhtml" xml:lang="en" lang="en">
 <head>
  <title>
</title>
<meta http-equiv="Content-Type" content="text/html;charset=utf-8" />
  <meta name='ocr-system' content='tesseract 3.04.00' />
  <meta name='ocr-capabilities' content='ocr_page ocr_carea ocr_par ocr_line ocrx_word'/>
</head>
<body>
  <div class='ocr_page' id='page_1' title='image "./operaphilosophic03hobbuoft_0505.png"; bbox 0 0 1968 3236; ppageno 0'>
   <div class='ocr_carea' id='block_1_1' title="bbox 552 222 1604 269">
    <p class='ocr_par' dir='ltr' id='par_1_1' title="bbox 552 222 1604 269">
     <span class='ocr_line' id='line_1_1' title="bbox 552 222 1604 269; baseline -0.003 -1"><span class='ocrx_word' id='word_1_1' title='bbox 552 234 623 268; x_wconf 75' lang='lat' dir='ltr'>DE</span> <span class='ocrx_word' id='word_1_2' title='bbox 652 233 841 268; x_wconf 73' lang='lat' dir='ltr'>REGNO</span> <span class='ocrx_word' id='word_1_3' title='bbox 867 233 1272 268; x_wconf 71' lang='lat' dir='ltr'>TENRBRARUM.</span> <span class='ocrx_word' id='word_1_4' title='bbox 1509 222 1604 269; x_wconf 80' lang='lat'>505</span> 
     </span>
    </p>
   </div>
   <div class='ocr_carea' id='block_1_2' title="bbox 218 342 1889 410">
    <p class='ocr_par' dir='ltr' id='par_1_2' title="bbox 218 342 1889 410">
     <span class='ocr_line' id='line_1_2' title="bbox 218 342 1889 410; baseline 0.001 -17"><span class='ocrx_word' id='word_1_5' title='bbox 218 345 295 394; x_wconf 79' lang='lat' dir='ltr'>usi</span> <span class='ocrx_word' id='word_1_6' title='bbox 334 352 465 403; x_wconf 81' lang='lat' dir='ltr'>sunt,</span> <span class='ocrx_word' id='word_1_7' title='bbox 506 345 694 393; x_wconf 89' lang='lat' dir='ltr'>animos</span> <span class='ocrx_word' id='word_1_8' title='bbox 735 345 1072 410; x_wconf 89' lang='lat' dir='ltr'>imperitorum</span> <span class='ocrx_word' id='word_1_9' title='bbox 1119 343 1514 391; x_wconf 84' lang='lat' dir='ltr'>Christianorum</span> <span class='ocrx_word' id='word_1_10' title='bbox 1553 342 1604 390; x_wconf 90' lang='lat' dir='ltr'>in</span> <span class='ocrx_word' id='word_1_11' title='bbox 1623 361 1889 395; x_wconf 55' lang='lat' dir='ltr'>cunan.</span> 
     </span>
    </p>
   </div>
   <div class='ocr_carea' id='block_1_3' title="bbox 219 419 1459 485">
    <p class='ocr_par' dir='ltr' id='par_1_3' title="bbox 219 419 1459 485">
     <span class='ocr_line' id='line_1_3' title="bbox 219 419 1459 485; baseline -0.001 -17"><span class='ocrx_word' id='word_1_12' title='bbox 219 436 360 485; x_wconf 84' lang='lat' dir='ltr'>reges</span> <span class='ocrx_word' id='word_1_13' title='bbox 383 436 495 468; x_wconf 90' lang='lat' dir='ltr'>suos</span> <span class='ocrx_word' id='word_1_14' title='bbox 518 437 672 484; x_wconf 89' lang='lat' dir='ltr'>usque</span> <span class='ocrx_word' id='word_1_15' title='bbox 696 421 759 469; x_wconf 89' lang='lat' dir='ltr'>ad</span> <span class='ocrx_word' id='word_1_16' title='bbox 781 437 952 469; x_wconf 87' lang='lat' dir='ltr'>necem</span> <span class='ocrx_word' id='word_1_17' title='bbox 974 419 1238 484; x_wconf 87' lang='lat' dir='ltr'>aliquando</span> <span class='ocrx_word' id='word_1_18' title='bbox 1261 426 1459 468; x_wconf 90' lang='lat' dir='ltr'>acuunt.</span> 
     </span>
    </p>
   </div>
   <div class='ocr_carea' id='block_1_4' title="bbox 1644 415 1852 493">
    <p class='ocr_par' dir='ltr' id='par_1_4' title="bbox 1644 415 1852 493">
     <span class='ocr_line' id='line_1_4' title="bbox 1659 415 1852 439; baseline 0.005 -7"><span class='ocrx_word' id='word_1_19' title='bbox 1659 415 1852 439; x_wconf 47' lang='lat' dir='ltr'>bq-—a</span> 
     </span>
     <span class='ocr_line' id='line_1_5' title="bbox 1644 456 1815 493; baseline -0.006 -8"><span class='ocrx_word' id='word_1_20' title='bbox 1644 456 1690 485; x_wconf 81' lang='lat' dir='ltr'>De</span> <span class='ocrx_word' id='word_1_21' title='bbox 1704 456 1815 493; x_wconf 71' lang='lat' dir='ltr'>qussnu</span> 
     </span>
    </p>
   </div>
   <div class='ocr_carea' id='block_1_5' title="bbox 287 493 1773 560">
    <p class='ocr_par' dir='ltr' id='par_1_5' title="bbox 287 493 1773 560">
     <span class='ocr_line' id='line_1_6' title="bbox 287 493 1773 560; baseline -0.002 -17"><span class='ocrx_word' id='word_1_22' title='bbox 287 496 381 544; x_wconf 91' lang='lat' dir='ltr'>Per</span> <span class='ocrx_word' id='word_1_23' title='bbox 416 495 690 543; x_wconf 80' lang='lat' dir='ltr'>doctrinam</span> <span class='ocrx_word' id='word_1_24' title='bbox 724 496 1009 560; x_wconf 87' lang='lat' dir='ltr'>purgatorii,</span> <span class='ocrx_word' id='word_1_25' title='bbox 1045 504 1095 543; x_wconf 88' lang='lat' dir='ltr'>et</span> <span class='ocrx_word' id='word_1_26' title='bbox 1124 493 1487 558; x_wconf 85' lang='lat' dir='ltr'>justificationis</span> <span class='ocrx_word' id='word_1_27' title='bbox 1518 509 1607 557; x_wconf 90' lang='lat' dir='ltr'>per</span> <span class='ocrx_word' id='word_1_28' title='bbox 1643 500 1773 537; x_wconf 61' lang='lat' dir='ltr'>‘we-⁸¹²³</span> 
     </span>
    </p>
   </div>
   <div class='ocr_carea' id='block_1_6' title="bbox 1643 543 1843 571">
    <p class='ocr_par' dir='ltr' id='par_1_6' title="bbox 1643 543 1843 571">
     <span class='ocr_line' id='line_1_7' title="bbox 1643 543 1843 571; baseline -0.005 0"><span class='ocrx_word' id='word_1_29' title='bbox 1643 543 1762 571; x_wconf 73' lang='lat' dir='ltr'>merum</span> <span class='ocrx_word' id='word_1_30' title='bbox 1775 546 1843 571; x_wconf 60' lang='lat' dir='ltr'>nnn</span> 
     </span>
    </p>
   </div>
   <div class='ocr_carea' id='block_1_7' title="bbox 222 569 1878 636">
    <p class='ocr_par' dir='ltr' id='par_1_7' title="bbox 222 569 1878 636">
     <span class='ocr_line' id='line_1_8' title="bbox 222 569 1878 636; baseline -0.004 -16"><span class='ocrx_word' id='word_1_31' title='bbox 222 587 372 636; x_wconf 89' lang='lat' dir='ltr'>opera</span> <span class='ocrx_word' id='word_1_32' title='bbox 408 580 627 630; x_wconf 83' lang='lat' dir='ltr'>externa,</span> <span class='ocrx_word' id='word_1_33' title='bbox 669 581 720 619; x_wconf 91' lang='lat' dir='ltr'>et</span> <span class='ocrx_word' id='word_1_34' title='bbox 756 571 1184 634; x_wconf 84' lang='lat' dir='ltr'><strong>indulgentiarum,</strong></span> <span class='ocrx_word' id='word_1_35' title='bbox 1217 570 1397 629; x_wconf 89' lang='lat' dir='ltr'>clerici,</span> <span class='ocrx_word' id='word_1_36' title='bbox 1431 569 1484 618; x_wconf 90' lang='lat' dir='ltr'>id</span> <span class='ocrx_word' id='word_1_37' title='bbox 1515 576 1606 627; x_wconf 84' lang='lat' dir='ltr'>est,</span> <span class='ocrx_word' id='word_1_38' title='bbox 1643 585 1878 615; x_wconf 57' lang='lat' dir='ltr'>mmm..</span> 
     </span>
    </p>
   </div>
   <div class='ocr_carea' id='block_1_8' title="bbox 220 645 1606 712">
    <p class='ocr_par' dir='ltr' id='par_1_8' title="bbox 220 645 1606 712">
     <span class='ocr_line' id='line_1_9' title="bbox 220 645 1606 712; baseline -0.002 -17"><span class='ocrx_word' id='word_1_39' title='bbox 220 647 467 712; x_wconf 89' lang='lat' dir='ltr'>pontificis</span> <span class='ocrx_word' id='word_1_40' title='bbox 477 647 684 694; x_wconf 89' lang='lat' dir='ltr'>Romani</span> <span class='ocrx_word' id='word_1_41' title='bbox 702 646 899 705; x_wconf 88' lang='lat' dir='ltr'>subditi,</span> <span class='ocrx_word' id='word_1_42' title='bbox 908 654 1104 709; x_wconf 90' lang='lat' dir='ltr'>sumptu</span> <span class='ocrx_word' id='word_1_43' title='bbox 1120 661 1291 708; x_wconf 85' lang='lat' dir='ltr'>regum</span> <span class='ocrx_word' id='word_1_44' title='bbox 1305 645 1606 693; x_wconf 87' lang='lat' dir='ltr'>nutriuntur.</span> 
     </span>
    </p>
   </div>
   <div class='ocr_carea' id='block_1_9' title="bbox 221 720 1607 861">
    <p class='ocr_par' dir='ltr' id='par_1_9' title="bbox 221 720 1607 861">
     <span class='ocr_line' id='line_1_10' title="bbox 289 720 1607 784; baseline -0.002 -14"><span class='ocrx_word' id='word_1_45' title='bbox 289 723 382 771; x_wconf 90' lang='lat' dir='ltr'>Per</span> <span class='ocrx_word' id='word_1_46' title='bbox 416 723 711 770; x_wconf 81' lang='lat' dir='ltr'>exorcismos</span> <span class='ocrx_word' id='word_1_47' title='bbox 746 731 797 770; x_wconf 91' lang='lat' dir='ltr'>et</span> <span class='ocrx_word' id='word_1_48' title='bbox 831 730 1058 770; x_wconf 87' lang='lat' dir='ltr'>caeteram</span> <span class='ocrx_word' id='word_1_49' title='bbox 1090 720 1498 784; x_wconf 85' lang='lat' dir='ltr'>daemonologiam</span> <span class='ocrx_word' id='word_1_50' title='bbox 1519 736 1607 784; x_wconf 87' lang='lat' dir='ltr'>po-</span> 
     </span>
     <span class='ocr_line' id='line_1_11' title="bbox 221 797 590 861; baseline -0.003 -16"><span class='ocrx_word' id='word_1_51' title='bbox 221 797 364 861; x_wconf 90' lang='lat' dir='ltr'>pulos</span> <span class='ocrx_word' id='word_1_52' title='bbox 386 805 590 845; x_wconf 90' lang='lat' dir='ltr'>terrent.</span> 
     </span>
    </p>
   </div>
   <div class='ocr_carea' id='block_1_10' title="bbox 222 870 1618 2889">
    <p class='ocr_par' dir='ltr' id='par_1_10' title="bbox 222 870 1611 1313">
     <span class='ocr_line' id='line_1_12' title="bbox 280 870 1607 936; baseline -0.002 -16"><span class='ocrx_word' id='word_1_53' title='bbox 280 873 548 931; x_wconf 88' lang='lat' dir='ltr'>Postremo,</span> <span class='ocrx_word' id='word_1_54' title='bbox 566 889 654 936; x_wconf 92' lang='lat' dir='ltr'>per</span> <span class='ocrx_word' id='word_1_55' title='bbox 672 872 919 920; x_wconf 83' lang='lat' dir='ltr'>doctrinas</span> <span class='ocrx_word' id='word_1_56' title='bbox 937 872 1189 930; x_wconf 85' lang='lat' dir='ltr'>humanas,</span> <span class='ocrx_word' id='word_1_57' title='bbox 1208 870 1607 934; x_wconf 83' lang='lat' dir='ltr'>metaphysicam‚</span> 
     </span>
     <span class='ocr_line' id='line_1_13' title="bbox 222 946 1608 1011; baseline -0.002 -15"><span class='ocrx_word' id='word_1_58' title='bbox 222 947 452 1006; x_wconf 83' lang='lat' dir='ltr'>ethicam,</span> <span class='ocrx_word' id='word_1_59' title='bbox 489 956 539 994; x_wconf 90' lang='lat' dir='ltr'>et</span> <span class='ocrx_word' id='word_1_60' title='bbox 562 947 811 1011; x_wconf 86' lang='lat' dir='ltr'>politicam</span> <span class='ocrx_word' id='word_1_61' title='bbox 836 947 1127 1005; x_wconf 85' lang='lat' dir='ltr'>Aristotelis,</span> <span class='ocrx_word' id='word_1_62' title='bbox 1151 963 1240 1010; x_wconf 88' lang='lat' dir='ltr'>per</span> <span class='ocrx_word' id='word_1_63' title='bbox 1269 946 1608 994; x_wconf 87' lang='lat' dir='ltr'>distinctiones</span> 
     </span>
     <span class='ocr_line' id='line_1_14' title="bbox 223 1022 1607 1081; baseline -0.001 -10"><span class='ocrx_word' id='word_1_64' title='bbox 223 1022 437 1081; x_wconf 86' lang='lat' dir='ltr'>frivolas,</span> <span class='ocrx_word' id='word_1_65' title='bbox 469 1039 739 1070; x_wconf 91' lang='lat' dir='ltr'>sermonem</span> <span class='ocrx_word' id='word_1_66' title='bbox 778 1023 1055 1081; x_wconf 89' lang='lat' dir='ltr'>obscurum,</span> <span class='ocrx_word' id='word_1_67' title='bbox 1097 1031 1147 1070; x_wconf 90' lang='lat' dir='ltr'>et</span> <span class='ocrx_word' id='word_1_68' title='bbox 1180 1038 1324 1070; x_wconf 87' lang='lat' dir='ltr'>voces</span> <span class='ocrx_word' id='word_1_69' title='bbox 1361 1022 1607 1080; x_wconf 82' lang='lat' dir='ltr'>barbaraS,</span> 
     </span>
     <span class='ocr_line' id='line_1_15' title="bbox 225 1097 1610 1162; baseline -0.001 -16"><span class='ocrx_word' id='word_1_70' title='bbox 225 1099 453 1146; x_wconf 82' lang='lat' dir='ltr'>tenebras</span> <span class='ocrx_word' id='word_1_71' title='bbox 482 1100 584 1162; x_wconf 86' lang='lat' dir='ltr'>jam</span> <span class='ocrx_word' id='word_1_72' title='bbox 617 1098 843 1146; x_wconf 88' lang='lat' dir='ltr'>inductas</span> <span class='ocrx_word' id='word_1_73' title='bbox 874 1098 1099 1162; x_wconf 51' lang='lat' dir='ltr'>reddum</span> <span class='ocrx_word' id='word_1_74' title='bbox 1119 1098 1386 1162; x_wconf 87' lang='lat' dir='ltr'>spissiores,</span> <span class='ocrx_word' id='word_1_75' title='bbox 1410 1105 1461 1145; x_wconf 89' lang='lat' dir='ltr'>et</span> <span class='ocrx_word' id='word_1_76' title='bbox 1494 1097 1610 1160; x_wconf 91' lang='lat' dir='ltr'>ipsis</span> 
     </span>
     <span class='ocr_line' id='line_1_16' title="bbox 225 1172 1611 1238; baseline -0.001 -16"><span class='ocrx_word' id='word_1_77' title='bbox 225 1174 544 1238; x_wconf 77' lang='lat' dir='ltr'>principibus,</span> <span class='ocrx_word' id='word_1_78' title='bbox 569 1173 766 1237; x_wconf 89' lang='lat' dir='ltr'>quando</span> <span class='ocrx_word' id='word_1_79' title='bbox 789 1173 976 1231; x_wconf 87' lang='lat' dir='ltr'>volunt,</span> <span class='ocrx_word' id='word_1_80' title='bbox 996 1173 1275 1237; x_wconf 90' lang='lat' dir='ltr'>palpabiles.</span> <span class='ocrx_word' id='word_1_81' title='bbox 1345 1172 1611 1236; x_wconf 88' lang='lat' dir='ltr'>Palparunt</span> 
     </span>
     <span class='ocr_line' id='line_1_17' title="bbox 225 1247 1212 1313; baseline -0.002 -16"><span class='ocrx_word' id='word_1_82' title='bbox 225 1258 390 1297; x_wconf 88' lang='lat' dir='ltr'>autem</span> <span class='ocrx_word' id='word_1_83' title='bbox 413 1249 557 1313; x_wconf 91' lang='lat' dir='ltr'>primi</span> <span class='ocrx_word' id='word_1_84' title='bbox 580 1248 824 1306; x_wconf 89' lang='lat' dir='ltr'>Germani,</span> <span class='ocrx_word' id='word_1_85' title='bbox 849 1247 1025 1296; x_wconf 89' lang='lat' dir='ltr'>deinde</span> <span class='ocrx_word' id='word_1_86' title='bbox 1048 1247 1212 1311; x_wconf 83' lang='lat' dir='ltr'>Angli.</span> 
     </span>
    </p>

    <p class='ocr_par' dir='ltr' id='par_1_11' title="bbox 226 1322 1615 1991">
     <span class='ocr_line' id='line_1_18' title="bbox 293 1322 1612 1387; baseline -0.002 -15"><span class='ocrx_word' id='word_1_87' title='bbox 293 1325 557 1387; x_wconf 88' lang='lat' dir='ltr'>Postquam</span> <span class='ocrx_word' id='word_1_88' title='bbox 581 1324 711 1371; x_wconf 88' lang='lat' dir='ltr'>enim</span> <span class='ocrx_word' id='word_1_89' title='bbox 735 1323 1059 1371; x_wconf 90' lang='lat' dir='ltr'>communiter</span> <span class='ocrx_word' id='word_1_90' title='bbox 1082 1322 1324 1370; x_wconf 91' lang='lat' dir='ltr'>creditum</span> <span class='ocrx_word' id='word_1_91' title='bbox 1342 1330 1484 1380; x_wconf 88' lang='lat' dir='ltr'>esset,</span> <span class='ocrx_word' id='word_1_92' title='bbox 1499 1337 1612 1370; x_wconf 88' lang='lat' dir='ltr'>ean—</span> 
     </span>
     <span class='ocr_line' id='line_1_19' title="bbox 226 1397 1611 1462; baseline -0.001 -15"><span class='ocrx_word' id='word_1_93' title='bbox 226 1399 339 1447; x_wconf 90' lang='lat' dir='ltr'>dem</span> <span class='ocrx_word' id='word_1_94' title='bbox 374 1415 479 1447; x_wconf 90' lang='lat' dir='ltr'>esse</span> <span class='ocrx_word' id='word_1_95' title='bbox 515 1407 810 1462; x_wconf 80' lang='lat' dir='ltr'>potestatem</span> <span class='ocrx_word' id='word_1_96' title='bbox 845 1399 989 1462; x_wconf 84' lang='lat' dir='ltr'>Papae</span> <span class='ocrx_word' id='word_1_97' title='bbox 1022 1399 1074 1446; x_wconf 91' lang='lat' dir='ltr'>in</span> <span class='ocrx_word' id='word_1_98' title='bbox 1103 1398 1284 1462; x_wconf 90' lang='lat' dir='ltr'>populo</span> <span class='ocrx_word' id='word_1_99' title='bbox 1316 1397 1611 1456; x_wconf 87' lang='lat' dir='ltr'>Christiano,</span> 
     </span>
     <span class='ocr_line' id='line_1_20' title="bbox 226 1473 1613 1538; baseline -0.001 -16"><span class='ocrx_word' id='word_1_100' title='bbox 226 1490 374 1538; x_wconf 90' lang='lat' dir='ltr'>quam</span> <span class='ocrx_word' id='word_1_101' title='bbox 397 1474 673 1522; x_wconf 88' lang='lat' dir='ltr'>habuerunt</span> <span class='ocrx_word' id='word_1_102' title='bbox 696 1474 862 1522; x_wconf 86' lang='lat' dir='ltr'>Aaron</span> <span class='ocrx_word' id='word_1_103' title='bbox 885 1480 936 1521; x_wconf 91' lang='lat' dir='ltr'>et</span> <span class='ocrx_word' id='word_1_104' title='bbox 958 1474 1125 1521; x_wconf 88' lang='lat' dir='ltr'>caeteri</span> <span class='ocrx_word' id='word_1_105' title='bbox 1139 1473 1415 1521; x_wconf 87' lang='lat' dir='ltr'>sacerdotes</span> <span class='ocrx_word' id='word_1_106' title='bbox 1437 1473 1613 1521; x_wconf 90' lang='lat' dir='ltr'>summi</span> 
     </span>
     <span class='ocr_line' id='line_1_21' title="bbox 226 1547 1614 1613; baseline -0.001 -15"><span class='ocrx_word' id='word_1_107' title='bbox 226 1549 279 1598; x_wconf 91' lang='lat' dir='ltr'>in</span> <span class='ocrx_word' id='word_1_108' title='bbox 309 1549 491 1613; x_wconf 91' lang='lat' dir='ltr'>populo</span> <span class='ocrx_word' id='word_1_109' title='bbox 520 1548 805 1606; x_wconf 88' lang='lat' dir='ltr'>Israelitico,</span> <span class='ocrx_word' id='word_1_110' title='bbox 828 1548 1031 1596; x_wconf 88' lang='lat' dir='ltr'>ambitio</span> <span class='ocrx_word' id='word_1_111' title='bbox 1066 1547 1127 1595; x_wconf 91' lang='lat' dir='ltr'>de</span> <span class='ocrx_word' id='word_1_112' title='bbox 1159 1547 1493 1596; x_wconf 86' lang='lat' dir='ltr'>functionibus</span> <span class='ocrx_word' id='word_1_113' title='bbox 1533 1563 1614 1596; x_wconf 88' lang='lat' dir='ltr'>ee-</span> 
     </span>
     <span class='ocr_line' id='line_1_22' title="bbox 226 1623 1614 1688; baseline -0.003 -14"><span class='ocrx_word' id='word_1_114' title='bbox 226 1625 526 1682; x_wconf 86' lang='lat' dir='ltr'>clesiasticis,</span> <span class='ocrx_word' id='word_1_115' title='bbox 579 1624 826 1688; x_wconf 87' lang='lat' dir='ltr'>praecipue</span> <span class='ocrx_word' id='word_1_116' title='bbox 875 1623 936 1671; x_wconf 93' lang='lat' dir='ltr'>de</span> <span class='ocrx_word' id='word_1_117' title='bbox 979 1631 1178 1687; x_wconf 87' lang='lat' dir='ltr'>papatu,</span> <span class='ocrx_word' id='word_1_118' title='bbox 1225 1623 1517 1680; x_wconf 83' lang='lat' dir='ltr'>obtinendiS,</span> <span class='ocrx_word' id='word_1_119' title='bbox 1562 1630 1614 1670; x_wconf 93' lang='lat' dir='ltr'>et</span> 
     </span>
     <span class='ocr_line' id='line_1_23' title="bbox 227 1698 1613 1764; baseline -0.002 -15"><span class='ocrx_word' id='word_1_120' title='bbox 227 1716 398 1750; x_wconf 88' lang='lat' dir='ltr'>eorum</span> <span class='ocrx_word' id='word_1_121' title='bbox 438 1700 523 1764; x_wconf 90' lang='lat' dir='ltr'>qui</span> <span class='ocrx_word' id='word_1_122' title='bbox 559 1699 877 1748; x_wconf 90' lang='lat' dir='ltr'>obtinuerunt</span> <span class='ocrx_word' id='word_1_123' title='bbox 910 1698 1084 1757; x_wconf 89' lang='lat' dir='ltr'>fastus,</span> <span class='ocrx_word' id='word_1_124' title='bbox 1119 1714 1333 1762; x_wconf 89' lang='lat' dir='ltr'>eousque</span> <span class='ocrx_word' id='word_1_125' title='bbox 1377 1698 1613 1762; x_wconf 87' lang='lat' dir='ltr'>paulatim</span> 
     </span>
     <span class='ocr_line' id='line_1_24' title="bbox 227 1774 1615 1838; baseline -0.003 -13"><span class='ocrx_word' id='word_1_126' title='bbox 227 1776 382 1825; x_wconf 80' lang='lat' dir='ltr'>erevit</span> <span class='ocrx_word' id='word_1_127' title='bbox 415 1784 467 1824; x_wconf 89' lang='lat' dir='ltr'>et</span> <span class='ocrx_word' id='word_1_128' title='bbox 497 1775 790 1838; x_wconf 88' lang='lat' dir='ltr'>conspicuus</span> <span class='ocrx_word' id='word_1_129' title='bbox 811 1774 970 1822; x_wconf 83' lang='lat' dir='ltr'>factus</span> <span class='ocrx_word' id='word_1_130' title='bbox 994 1782 1084 1832; x_wconf 86' lang='lat' dir='ltr'>est,</span> <span class='ocrx_word' id='word_1_131' title='bbox 1107 1781 1164 1822; x_wconf 89' lang='lat' dir='ltr'>ut</span> <span class='ocrx_word' id='word_1_132' title='bbox 1197 1790 1393 1822; x_wconf 90' lang='lat' dir='ltr'>omnem</span> <span class='ocrx_word' id='word_1_133' title='bbox 1414 1774 1517 1822; x_wconf 85' lang='lat' dir='ltr'>fere</span> <span class='ocrx_word' id='word_1_134' title='bbox 1541 1774 1615 1821; x_wconf 92' lang='lat' dir='ltr'>sui</span> 
     </span>
     <span class='ocr_line' id='line_1_25' title="bbox 227 1849 1615 1914; baseline -0.002 -14"><span class='ocrx_word' id='word_1_135' title='bbox 227 1852 549 1900; x_wconf 84' lang='lat' dir='ltr'>reverentiam</span> <span class='ocrx_word' id='word_1_136' title='bbox 571 1867 735 1899; x_wconf 83' lang='lat' dir='ltr'>veram</span> <span class='ocrx_word' id='word_1_137' title='bbox 771 1859 822 1898; x_wconf 91' lang='lat' dir='ltr'>et</span> <span class='ocrx_word' id='word_1_138' title='bbox 856 1850 1090 1914; x_wconf 88' lang='lat' dir='ltr'>pastorali</span> <span class='ocrx_word' id='word_1_139' title='bbox 1123 1849 1367 1898; x_wconf 84' lang='lat' dir='ltr'>functioni</span> <span class='ocrx_word' id='word_1_140' title='bbox 1401 1849 1615 1898; x_wconf 86' lang='lat' dir='ltr'>debitam</span> 
     </span>
     <span class='ocr_line' id='line_1_26' title="bbox 228 1926 547 1991; baseline -0.006 -15"><span class='ocrx_word' id='word_1_141' title='bbox 228 1926 547 1991; x_wconf 86' lang='lat' dir='ltr'>perdiderint.</span> 
     </span>
    </p>

    <p class='ocr_par' dir='ltr' id='par_1_12' title="bbox 231 2002 1617 2499">
     <span class='ocr_line' id='line_1_27' title="bbox 297 2002 1615 2065; baseline -0.002 -15"><span class='ocrx_word' id='word_1_142' title='bbox 297 2002 426 2050; x_wconf 90' lang='lat' dir='ltr'>Nam</span> <span class='ocrx_word' id='word_1_143' title='bbox 460 2018 491 2050; x_wconf 89' lang='lat' dir='ltr'>a</span> <span class='ocrx_word' id='word_1_144' title='bbox 523 2018 621 2065; x_wconf 91' lang='lat' dir='ltr'>quo</span> <span class='ocrx_word' id='word_1_145' title='bbox 666 2009 886 2065; x_wconf 89' lang='lat' dir='ltr'>tempore</span> <span class='ocrx_word' id='word_1_146' title='bbox 931 2002 1187 2065; x_wconf 88' lang='lat' dir='ltr'>episcopus</span> <span class='ocrx_word' id='word_1_147' title='bbox 1234 2002 1481 2049; x_wconf 88' lang='lat' dir='ltr'>Romanus</span> <span class='ocrx_word' id='word_1_148' title='bbox 1524 2017 1615 2064; x_wconf 91' lang='lat' dir='ltr'>pro</span> 
     </span>
     <span class='ocr_line' id='line_1_28' title="bbox 231 2075 1615 2141; baseline -0.001 -16"><span class='ocrx_word' id='word_1_149' title='bbox 231 2077 460 2141; x_wconf 83' lang='lat' dir='ltr'>episcopo</span> <span class='ocrx_word' id='word_1_150' title='bbox 499 2076 760 2124; x_wconf 88' lang='lat' dir='ltr'>universali</span> <span class='ocrx_word' id='word_1_151' title='bbox 796 2076 990 2124; x_wconf 89' lang='lat' dir='ltr'>habitus</span> <span class='ocrx_word' id='word_1_152' title='bbox 1025 2084 1167 2133; x_wconf 88' lang='lat' dir='ltr'>esset,</span> <span class='ocrx_word' id='word_1_153' title='bbox 1202 2076 1475 2123; x_wconf 87' lang='lat' dir='ltr'>hierarchia</span> <span class='ocrx_word' id='word_1_154' title='bbox 1516 2075 1615 2123; x_wconf 90' lang='lat' dir='ltr'>Ro-</span> 
     </span>
     <span class='ocr_line' id='line_1_29' title="bbox 232 2150 1615 2215; baseline -0.001 -15"><span class='ocrx_word' id='word_1_155' title='bbox 232 2168 377 2200; x_wconf 86' lang='lat' dir='ltr'>mana</span> <span class='ocrx_word' id='word_1_156' title='bbox 408 2167 509 2199; x_wconf 91' lang='lat' dir='ltr'>non</span> <span class='ocrx_word' id='word_1_157' title='bbox 540 2152 704 2214; x_wconf 91' lang='lat' dir='ltr'>inepte</span> <span class='ocrx_word' id='word_1_158' title='bbox 737 2151 1008 2215; x_wconf 89' lang='lat' dir='ltr'>comparari</span> <span class='ocrx_word' id='word_1_159' title='bbox 1032 2150 1192 2214; x_wconf 90' lang='lat' dir='ltr'>potuit</span> <span class='ocrx_word' id='word_1_160' title='bbox 1214 2150 1407 2209; x_wconf 89' lang='lat' dir='ltr'>fabulae,</span> <span class='ocrx_word' id='word_1_161' title='bbox 1431 2166 1540 2213; x_wconf 89' lang='lat' dir='ltr'>quae</span> <span class='ocrx_word' id='word_1_162' title='bbox 1564 2151 1615 2198; x_wconf 91' lang='lat' dir='ltr'>in</span> 
     </span>
     <span class='ocr_line' id='line_1_30' title="bbox 232 2225 1615 2289; baseline 0 -15"><span class='ocrx_word' id='word_1_163' title='bbox 232 2225 413 2289; x_wconf 83' lang='lat' dir='ltr'>Anglia</span> <span class='ocrx_word' id='word_1_164' title='bbox 447 2226 579 2274; x_wconf 88' lang='lat' dir='ltr'>inter</span> <span class='ocrx_word' id='word_1_165' title='bbox 614 2227 841 2275; x_wconf 90' lang='lat' dir='ltr'>mulieres</span> <span class='ocrx_word' id='word_1_166' title='bbox 864 2226 1068 2285; x_wconf 78' lang='lat' dir='ltr'>vetulaS,</span> <span class='ocrx_word' id='word_1_167' title='bbox 1092 2241 1285 2289; x_wconf 78' lang='lat' dir='ltr'>puerOS,</span> <span class='ocrx_word' id='word_1_168' title='bbox 1311 2233 1360 2273; x_wconf 90' lang='lat' dir='ltr'>et</span> <span class='ocrx_word' id='word_1_169' title='bbox 1389 2226 1520 2273; x_wconf 77' lang='lat' dir='ltr'>viros</span> <span class='ocrx_word' id='word_1_170' title='bbox 1554 2241 1615 2274; x_wconf 85' lang='lat' dir='ltr'>ex</span> 
     </span>
     <span class='ocr_line' id='line_1_31' title="bbox 232 2299 1616 2365; baseline 0.001 -17"><span class='ocrx_word' id='word_1_171' title='bbox 232 2301 373 2365; x_wconf 86' lang='lat' dir='ltr'>plebe</span> <span class='ocrx_word' id='word_1_172' title='bbox 408 2300 629 2348; x_wconf 86' lang='lat' dir='ltr'>rudiores</span> <span class='ocrx_word' id='word_1_173' title='bbox 663 2302 1037 2364; x_wconf 82' lang='lat' dir='ltr'>pervagabatur,</span> <span class='ocrx_word' id='word_1_174' title='bbox 1063 2300 1124 2348; x_wconf 92' lang='lat' dir='ltr'>de</span> <span class='ocrx_word' id='word_1_175' title='bbox 1148 2299 1428 2359; x_wconf 68' lang='lat' dir='ltr'>lemuribus,</span> <span class='ocrx_word' id='word_1_176' title='bbox 1452 2300 1503 2348; x_wconf 93' lang='lat' dir='ltr'>id</span> <span class='ocrx_word' id='word_1_177' title='bbox 1526 2308 1616 2359; x_wconf 88' lang='lat' dir='ltr'>est,</span> 
     </span>
     <span class='ocr_line' id='line_1_32' title="bbox 234 2375 1617 2440; baseline 0.001 -17"><span class='ocrx_word' id='word_1_178' title='bbox 234 2376 296 2424; x_wconf 94' lang='lat' dir='ltr'>de</span> <span class='ocrx_word' id='word_1_179' title='bbox 334 2375 520 2424; x_wconf 87' lang='lat' dir='ltr'>umbris</span> <span class='ocrx_word' id='word_1_180' title='bbox 547 2376 646 2423; x_wconf 85' lang='lat' dir='ltr'>sive</span> <span class='ocrx_word' id='word_1_181' title='bbox 683 2377 905 2440; x_wconf 80' lang='lat' dir='ltr'>spectriS,</span> <span class='ocrx_word' id='word_1_182' title='bbox 928 2385 980 2424; x_wconf 89' lang='lat' dir='ltr'>et</span> <span class='ocrx_word' id='word_1_183' title='bbox 1015 2376 1268 2424; x_wconf 86' lang='lat' dir='ltr'>nocturnis</span> <span class='ocrx_word' id='word_1_184' title='bbox 1301 2391 1470 2424; x_wconf 92' lang='lat' dir='ltr'>eorum</span> <span class='ocrx_word' id='word_1_185' title='bbox 1496 2376 1617 2424; x_wconf 87' lang='lat' dir='ltr'>faci-</span> 
     </span>
     <span class='ocr_line' id='line_1_33' title="bbox 234 2451 447 2499; baseline -0.005 0"><span class='ocrx_word' id='word_1_186' title='bbox 234 2451 447 2499; x_wconf 78' lang='lat' dir='ltr'>notibus.</span> 
     </span>
    </p>

    <p class='ocr_par' dir='ltr' id='par_1_13' title="bbox 234 2524 1618 2815">
     <span class='ocr_line' id='line_1_34' title="bbox 302 2524 1618 2589; baseline -0.001 -16"><span class='ocrx_word' id='word_1_187' title='bbox 302 2526 643 2589; x_wconf 86' lang='lat' dir='ltr'>Cogitantibus</span> <span class='ocrx_word' id='word_1_188' title='bbox 665 2526 794 2575; x_wconf 90' lang='lat' dir='ltr'>enim</span> <span class='ocrx_word' id='word_1_189' title='bbox 813 2527 1016 2575; x_wconf 88' lang='lat' dir='ltr'>dominii</span> <span class='ocrx_word' id='word_1_190' title='bbox 1038 2526 1162 2575; x_wconf 88' lang='lat' dir='ltr'>tanti</span> <span class='ocrx_word' id='word_1_191' title='bbox 1186 2524 1500 2574; x_wconf 55' lang='lat' dir='ltr'>ecclesiastici</span> <span class='ocrx_word' id='word_1_192' title='bbox 1522 2525 1618 2573; x_wconf 89' lang='lat' dir='ltr'>ori-</span> 
     </span>
     <span class='ocr_line' id='line_1_35' title="bbox 234 2600 1616 2667; baseline -0.002 -17"><span class='ocrx_word' id='word_1_193' title='bbox 234 2602 416 2666; x_wconf 86' lang='lat' dir='ltr'>ginem,</span> <span class='ocrx_word' id='word_1_194' title='bbox 432 2601 550 2664; x_wconf 90' lang='lat' dir='ltr'>quid</span> <span class='ocrx_word' id='word_1_195' title='bbox 572 2601 706 2650; x_wconf 88' lang='lat' dir='ltr'>aliud</span> <span class='ocrx_word' id='word_1_196' title='bbox 726 2602 881 2651; x_wconf 86' lang='lat' dir='ltr'>videri</span> <span class='ocrx_word' id='word_1_197' title='bbox 902 2603 1071 2667; x_wconf 58' lang='lat' dir='ltr'>potui&lt;</span> <span class='ocrx_word' id='word_1_198' title='bbox 1082 2609 1286 2665; x_wconf 86' lang='lat' dir='ltr'>papatus</span> <span class='ocrx_word' id='word_1_199' title='bbox 1308 2601 1403 2648; x_wconf 90' lang='lat' dir='ltr'>nisi</span> <span class='ocrx_word' id='word_1_200' title='bbox 1426 2600 1616 2664; x_wconf 88' lang='lat' dir='ltr'>imperii</span> 
     </span>
     <span class='ocr_line' id='line_1_36' title="bbox 234 2675 1616 2740; baseline -0.001 -15"><span class='ocrx_word' id='word_1_201' title='bbox 234 2676 363 2725; x_wconf 89' lang='lat' dir='ltr'>illius</span> <span class='ocrx_word' id='word_1_202' title='bbox 388 2676 597 2723; x_wconf 90' lang='lat' dir='ltr'>Romani</span> <span class='ocrx_word' id='word_1_203' title='bbox 619 2676 830 2739; x_wconf 82' lang='lat' dir='ltr'>ingentis</span> <span class='ocrx_word' id='word_1_204' title='bbox 869 2677 885 2725; x_wconf 93' lang='lat' dir='ltr'>i</span> <span class='ocrx_word' id='word_1_205' title='bbox 934 2726 951 2740; x_wconf 34' lang='grc' dir='ltr'><em>λ</em></span> <span class='ocrx_word' id='word_1_206' title='bbox 1017 2693 1040 2724; x_wconf 94' lang='lat' dir='ltr'>s</span> <span class='ocrx_word' id='word_1_207' title='bbox 1075 2683 1332 2740; x_wconf 88' lang='lat' dir='ltr'>spectrum,</span> <span class='ocrx_word' id='word_1_208' title='bbox 1358 2675 1616 2739; x_wconf 85' lang='lat' dir='ltr'>sepulchro</span> 
     </span>
     <span class='ocr_line' id='line_1_37' title="bbox 236 2749 1246 2815; baseline -0.001 -15"><span class='ocrx_word' id='word_1_209' title='bbox 236 2750 427 2815; x_wconf 89' lang='lat' dir='ltr'>imperii</span> <span class='ocrx_word' id='word_1_210' title='bbox 449 2749 666 2798; x_wconf 89' lang='lat' dir='ltr'>defuncti</span> <span class='ocrx_word' id='word_1_211' title='bbox 689 2766 871 2799; x_wconf 89' lang='lat' dir='ltr'>corona</span> <span class='ocrx_word' id='word_1_212' title='bbox 951 2770 978 2799; x_wconf 81' lang='lat'>.1</span> <span class='ocrx_word' id='word_1_213' title='bbox 1000 2751 1246 2799; x_wconf 88' lang='lat' dir='ltr'>insidens?</span> 
     </span>
    </p>

    <p class='ocr_par' dir='ltr' id='par_1_14' title="bbox 307 2825 1617 2889">
     <span class='ocr_line' id='line_1_38' title="bbox 307 2825 1617 2889; baseline 0.001 -15"><span class='ocrx_word' id='word_1_214' title='bbox 307 2826 469 2874; x_wconf 86' lang='lat' dir='ltr'>Etiam</span> <span class='ocrx_word' id='word_1_215' title='bbox 506 2841 681 2883; x_wconf 86' lang='lat' dir='ltr'>sermo,</span> <span class='ocrx_word' id='word_1_216' title='bbox 706 2841 804 2889; x_wconf 88' lang='lat' dir='ltr'>quo</span> <span class='ocrx_word' id='word_1_217' title='bbox 826 2835 882 2875; x_wconf 87' lang='lat' dir='ltr'>ut</span> <span class='ocrx_word' id='word_1_218' title='bbox 920 2835 1034 2875; x_wconf 87' lang='lat' dir='ltr'>ntur</span> <span class='ocrx_word' id='word_1_219' title='bbox 1056 2827 1104 2875; x_wconf 89' lang='lat' dir='ltr'>in</span> <span class='ocrx_word' id='word_1_220' title='bbox 1130 2826 1265 2875; x_wconf 90' lang='lat' dir='ltr'>cultu</span> <span class='ocrx_word' id='word_1_221' title='bbox 1290 2825 1380 2874; x_wconf 90' lang='lat' dir='ltr'>Dei</span> <span class='ocrx_word' id='word_1_222' title='bbox 1404 2825 1617 2889; x_wconf 86' lang='lat' dir='ltr'>publico,</span> 
     </span>
    </p>
   </div>
  </div>
 </body>
</html>
