1910 3236
704 268 775 300 DE
802 268 1046 302 ΗοΜιΝΕ.
1502 264 1565 306 :25

181 377 350 425 oculos
370 377 670 441 triangulum
685 380 878 440 viderit,
899 389 950 429 et
966 383 1112 446 juxta
1128 382 1427 447 triangulum
1446 384 1569 433 duos
1619 409 1722 441 οΛρ
1744 409 1808 441 1v

182 453 389 516 angulos
406 460 582 513 rectos,
602 455 768 517 quales
787 465 902 504 sunt
921 458 1089 522 anguli
1106 459 1277 523 figurae
1297 460 1566 522 quadratae,
1615 462 1811 534 „W

181 536 346 592 potest
385 535 565 588 tamen,
601 530 922 580 meditatione
957 535 1335 598 contemplando
1371 552 1570 600 compa-

181 604 452 669 randoque,
499 605 718 655 invenire
763 615 863 655 tres
909 608 1037 657 illius
1082 611 1316 675 trianguli
1361 613 1567 677 angulos

181 681 392 744 aequales
415 697 520 730 esse
551 681 740 730 duobus
771 682 867 730 illis
901 685 1092 747 angulis
1127 688 1275 736 rectis
1303 689 1446 752 juxta
1478 706 1568 754 po-

179 757 300 806 sitis.
371 757 459 806 Ille
482 766 664 817 autem,
690 759 775 823 qui
798 775 1023 808 sermone
1057 763 1293 824 praeditus
1326 772 1417 824 est,
1452 781 1566 814 cum

178 833 582 883 animadverterit
626 835 959 899 aequalitatem
1005 837 1136 885 illam
1184 849 1566 904 consequentem

178 925 300 968 esse,
327 926 427 958 non
468 911 765 975 longitudini
789 912 999 960 laterum
1035 929 1196 977 neque
1228 916 1458 980 cuiquam
1492 918 1565 966 rei

178 986 376 1049 speciali
400 987 452 1034 in
475 987 738 1051 triangulo,
774 988 861 1036 sed
883 987 998 1036 huic
1022 997 1232 1050 tantum,
1256 992 1390 1055 quod
1412 993 1567 1042 latera

178 1069 293 1110 sunt
327 1069 477 1122 recta,
516 1071 566 1111 et
603 1064 771 1127 anguli
811 1072 927 1122 treS,
973 1072 1176 1128 propter
1222 1067 1356 1129 quod
1393 1069 1566 1132 figurae

176 1153 357 1185 nomen
403 1138 614 1187 inditum
660 1147 736 1188 est
786 1139 1036 1203 trianguli,
1088 1141 1428 1191 universaliter
1478 1161 1565 1193 au-

178 1213 443 1277 dacterque
486 1216 845 1279 pronuntiabit,
894 1215 1146 1281 trianguli
1198 1218 1413 1283 angulos
1460 1227 1566 1268 tres

177 1289 402 1355 aequales
441 1307 552 1339 esse
592 1290 781 1339 duobus
827 1291 1000 1339 recti-5.
1069 1292 1232 1356 Atque
1278 1293 1372 1342 hoc
1417 1295 1565 1344 modo

177 1367 527 1430 consequentia
559 1367 762 1415 inventa
794 1368 846 1415 in
880 1383 934 1415 re
969 1368 1206 1432 singulari
1240 1371 1567 1419 conscribitur

177 1441 240 1490 ad
276 1457 355 1490 me
364 1442 571 1490 moriam
606 1451 663 1491 ut
697 1443 868 1528 regula
900 1443 1204 1504 universalis,
1240 1448 1566 1510 computatio-

175 1533 387 1582 nemque
410 1519 674 1567 mentalem
699 1520 836 1567 omni
860 1519 958 1567 loci
990 1527 1040 1567 et
1070 1521 1308 1584 temporis
1343 1522 1566 1571 conside-

175 1594 366 1643 ratione
413 1604 676 1650 exonerat;
735 1605 886 1659 atque
940 1596 1159 1644 animum
1219 1598 1354 1645 omni
1398 1599 1565 1648 labore

174 1669 351 1719 liberat
380 1680 563 1734 praeter
595 1672 842 1735 primum;
878 1672 1092 1736 facitque
1131 1681 1189 1722 ut
1224 1674 1358 1738 quod
1396 1692 1565 1724 verum

175 1746 429 1795 inventum
454 1755 530 1795 est
552 1747 635 1796 hic
670 1756 723 1796 et
744 1765 888 1807 nunc,
912 1764 1002 1812 pro
1026 1765 1142 1798 vero
1167 1751 1296 1798 omni
1319 1750 1423 1799 alio
1447 1759 1567 1818 tem-

164 1838 300 1888 pore
323 1831 375 1871 et
399 1822 506 1871 loco
530 1832 842 1888 agnoscatur.

241 1899 517 1948 Verborum
540 1908 705 1949 autem
728 1917 846 1949 usus
870 1901 922 1948 in
946 1902 1329 1966 cogitationibus
1353 1905 1567 1952 conscri-

171 1975 347 2024 bendis
369 1991 612 2039 nusquam
636 1978 706 2025 ita
728 1977 1018 2026 manifestus
1041 1986 1131 2037 est,
1162 1987 1221 2027 ut
1252 1979 1304 2026 in
1335 1980 1565 2028 numeris.

174 2051 365 2100 Stultus
388 2052 519 2099 enim
550 2054 804 2113 naturalis,
839 2054 924 2118 qui
947 2053 1171 2102 ordinem
1194 2055 1457 2104 verborum
1479 2073 1569 2104 nu-

172 2127 445 2187 meralium,
469 2144 628 2188 unum,
646 2130 759 2188 due,
779 2130 900 2189 tria,
921 2140 1033 2188 etc„
1048 2131 1334 2179 memoriter
1349 2148 1567 2195 pronun-

176 2203 304 2255 tiare
334 2219 436 2252 non
458 2211 639 2267 potest,
669 2206 929 2254 observare
959 2214 1127 2254 tamen
1157 2215 1320 2271 potest
1351 2208 1568 2271 singulos

170 2279 344 2328 ordine
383 2280 511 2328 ictus
550 2281 808 2346 horologii,
844 2290 895 2331 et
933 2298 1155 2331 annuens
1192 2283 1369 2342 dicere,
1405 2299 1565 2347 unum,

171 2373 331 2414 unum,
380 2373 524 2404 unum
539 2375 558 2411 ;
601 2358 688 2406 sed
730 2366 883 2422 quota
926 2358 1050 2407 hora
1085 2359 1252 2407 sonuit
1296 2359 1421 2407 scire
1465 2374 1568 2406 non

171 2438 352 2495 potest.
422 2431 630 2480 Videtur
671 2442 837 2482 autem
877 2433 1027 2482 fuisse
1064 2433 1328 2498 aliquando
1374 2442 1567 2496 tempus

170 2505 222 2554 in
259 2522 356 2570 quo
392 2507 594 2555 nomina
629 2508 900 2557 numeralia
937 2524 1097 2573 pauca
1132 2509 1383 2566 extabant,
1420 2524 1566 2571 coge-

170 2581 452 2647 banturque
475 2582 717 2643 homines,
742 2585 940 2648 quando
958 2592 1290 2643 numerarent,
1307 2593 1568 2632 numerata

173 2657 358 2721 digitis,
381 2658 542 2722 primo
564 2661 711 2708 unius
737 2676 924 2720 manus,
941 2661 1120 2709 deinde
1134 2662 1389 2708 ambarum
1411 2659 1567 2723 appli-

171 2748 317 2788 care;
352 2741 501 2798 atque
524 2735 639 2783 inde
663 2744 833 2785 natum
868 2753 990 2796 esse,
1025 2745 1082 2785 ut
1115 2737 1265 2784 verba
1295 2735 1567 2784 numeralia

170 2808 224 2857 in
249 2809 383 2858 omni
405 2809 508 2858 fere
541 2819 691 2874 gente
726 2827 827 2861 non
862 2813 1159 2861 excederent
1191 2812 1477 2867 denarium;
1513 2820 1566 2860 et

170 2883 223 2932 in
246 2884 488 2949 aliquibus
511 2886 653 2949 plura
687 2904 789 2936 non
824 2897 985 2936 essent
1022 2904 1168 2952 quam
1206 2888 1436 2951 quinque,
1461 2897 1511 2936 et
1534 2905 1564 2936 a
