1968 3236
172 391 196 421 C
202 391 228 421 A
233 390 259 421 P
264 412 274 422 .
292 390 319 420 X
326 390 368 421 Ll
374 390 401 420 V
408 413 417 422 .

223 445 396 466 ‘qr—a

194 485 238 514 De
253 484 379 512 tenebris

193 527 395 566 spiritualibus

193 573 229 600 nb
242 572 408 607 interpreta-

192 615 270 642 tione
280 623 338 642 non
347 617 426 641 recta

194 658 418 695 Scripturarum.

454 244 550 286 458
788 251 857 283 DE
886 248 1073 282 REGNo
1100 246 1506 279 TENEBRARUM.

455 372 690 412 oeternam
709 364 887 410 habere
911 377 998 408 sua
1016 366 1205 417 natura,
1222 375 1280 405 ex
1302 374 1359 405 eo
1385 357 1514 420 quod
1538 356 1701 404 anima
1722 371 1845 419 prae-

456 441 588 488 ditus
613 440 676 487 sit
700 436 997 490 immortali;
1034 435 1156 482 adeo
1192 441 1247 481 ut
1281 433 1472 496 gladius
1505 432 1585 480 ille
1623 432 1674 479 in
1707 430 1844 479 aditu

456 515 687 572 Paradisi,
707 527 986 577 quanquam
1005 509 1228 572 impediit
1249 509 1493 556 Adamum
1510 524 1572 554 ne
1596 523 1656 554 ex
1678 505 1845 554 fructu

454 591 640 639 arboris
664 590 778 637 vitae
803 586 1095 644 comederet,
1113 584 1349 648 impedire
1367 583 1505 631 illum
1522 599 1584 630 ne
1608 590 1735 630 esset
1757 582 1845 630 im-

455 666 671 714 mortalis
702 681 799 712 non
835 663 1011 726 potuit,
1036 677 1197 724 neque
1224 660 1385 708 facere
1420 666 1477 706 ut
1511 657 1844 721 redemptione

453 758 541 805 per
577 740 825 788 Christum
871 737 1148 800 indigeret3
1197 745 1246 783 et
1283 734 1506 798 proinde,
1551 750 1651 781 non
1697 731 1844 780 modo

456 816 636 874 fideles,
673 815 758 862 sed
797 814 946 861 etiam
984 812 1181 875 reprobi
1217 819 1266 858 et
1304 809 1488 858 ethnici
1522 809 1625 857 vita
1660 816 1845 856 aeterna

455 891 651 940 fruituri
675 896 803 938 sunt.
872 888 1072 945 Verum,
1097 894 1153 934 ut
1184 884 1549 934 incommodum
1579 885 1673 932 hoc
1697 899 1845 931 excu-

457 975 579 1024 sent,
603 982 692 1029 per
729 970 932 1012 mortem
971 969 1210 1010 (eternam
1245 960 1612 1024 intelligendam
1645 975 1750 1007 esse
1773 958 1845 1007 di-

457 1051 574 1090 cunt
608 1041 760 1089 vitam
797 1045 1046 1096 (eternam,
1071 1037 1159 1086 sed
1192 1038 1243 1085 in
1273 1036 1602 1091 cruciatibus;
1639 1050 1747 1098 quae
1770 1042 1846 1083 est

455 1119 664 1182 figurata
709 1114 950 1178 loquutio,
987 1122 1315 1177 praeterquam
1360 1112 1411 1159 in
1444 1113 1538 1159 hac
1573 1110 1845 1170 occasione,

457 1209 706 1256 nunquam
730 1197 978 1253 usurpata.

523 1267 759 1316 Doctrina
781 1273 946 1314 autem
970 1265 1076 1312 haec
1094 1263 1331 1311 fundatur
1349 1263 1401 1310 in
1419 1261 1708 1325 quibusdam
1725 1261 1846 1309 loeis

458 1343 821 1392 obscurioribus
851 1340 1155 1390 Testamenti
1191 1339 1349 1394 Novi3
1392 1355 1502 1401 quae
1526 1345 1692 1385 tamen
1721 1337 1844 1396 loca,

457 1420 608 1467 totius
639 1419 906 1481 Scripturae
939 1432 1139 1479 scopum
1164 1414 1602 1472 considerantibus,
1627 1413 1678 1460 in
1702 1427 1847 1460 sensu

458 1495 648 1542 diverso
689 1494 831 1541 facile
869 1492 1101 1556 explicari
1136 1498 1358 1555 possunt.
1442 1489 1644 1537 Utrovis
1680 1496 1846 1536 autem

456 1571 600 1618 modo
624 1570 977 1632 intelligantur,
998 1575 1238 1632 quatenus
1263 1567 1326 1614 ad
1350 1566 1557 1614 salutem
1582 1564 1846 1612 Christiani

454 1646 664 1694 hominis
699 1645 894 1702 attinet,
920 1660 1019 1691 non
1052 1643 1260 1690 multum
1295 1641 1512 1688 interest.
1584 1639 1846 1703 Supposito

456 1721 585 1768 enim
609 1720 859 1768 morientis
896 1719 1108 1767 hominis
1138 1725 1323 1765 restare
1355 1716 1474 1764 nihil
1497 1722 1680 1779 praeter
1701 1715 1846 1764 cada-

456 1813 541 1844 ver
564 1798 683 1860 ejus,
709 1812 872 1844 nonne
896 1796 1045 1854 Deus,
1072 1794 1156 1858 qui
1184 1793 1431 1841 hominem
1457 1808 1515 1839 ex
1541 1800 1674 1838 terra
1695 1792 1846 1840 verbo

457 1889 543 1920 suo
576 1872 692 1920 fecit
715 1872 893 1929 vivere,
918 1871 1089 1919 eadem
1117 1869 1353 1917 facilitate
1394 1867 1555 1915 facere
1586 1866 1767 1930 poterit
1790 1875 1846 1915 ut

458 1948 664 1995 cadaver
704 1954 951 1994 mortuum
988 1945 1261 2002 reviviscat,
1288 1951 1338 1991 et
1360 1943 1492 1990 vivat
1514 1942 1566 1990 in
1590 1949 1846 1999 aeternnm,

457 2023 627 2070 eodem
650 2020 837 2069 verbo?
909 2020 1089 2068 Anima
1121 2019 1172 2067 in
1209 2018 1475 2082 Scripturis
1505 2017 1682 2076 Sacris,
1720 2032 1846 2065 sem-

456 2114 543 2161 per
577 2098 819 2161 significat
854 2104 940 2144 aut
967 2097 1135 2153 vitam,
1160 2103 1246 2142 aut
1283 2101 1559 2142 creaturam
1582 2092 1844 2140 viventem.

459 2173 644 2236 Corpus
668 2180 832 2221 autem
856 2180 907 2220 et
930 2171 1093 2219 anima
1110 2169 1427 2233 conjunctim,
1448 2168 1579 2216 idem
1603 2166 1847 2231 significat

458 2248 590 2311 quod
629 2263 804 2311 corpus
827 2247 1012 2295 vivens.
1084 2245 1356 2293 Creationis
1398 2244 1477 2291 die
1509 2243 1698 2306 quinto,
1723 2243 1847 2292 dixit

459 2323 606 2383 Deus,
632 2323 922 2388 producant
964 2338 1104 2385 aquoe
1149 2320 1338 2385 reptile
1383 2319 1559 2368 animoe
1603 2318 1845 2367 viventis.-

458 2406 507 2446 et
532 2399 724 2446 creavit
748 2399 887 2446 Deus
911 2403 1044 2444 cetos
1075 2396 1314 2444 maximos
1346 2401 1396 2443 et
1428 2410 1611 2442 omnem
1634 2393 1846 2443 animam

457 2474 707 2521 viventem.
792 2473 917 2521 Item
964 2471 1025 2520 de
1069 2471 1282 2527 homine,
1329 2469 1520 2518 creavit
1566 2485 1672 2517 eum
1706 2470 1847 2518 Deus

459 2548 520 2595 de
559 2549 770 2613 pulvere
813 2554 978 2606 terroe,
1025 2547 1342 2610 efflavitqvce
1389 2546 1440 2593 in
1485 2560 1638 2593 nares
1684 2544 1846 2610 ipsius

457 2624 763 2687 spiraculum
792 2622 908 2671 υἱέα»
927 2641 945 2678 ,·
980 2622 1054 2669 sic
1074 2622 1262 2684 factu-s·
1297 2628 1374 2670 est
1409 2621 1547 2669 homo
1581 2620 1747 2668 anima
1774 2619 1844 2668 υἰ-

460 2715 588 2746 vens.
669 2700 732 2747 Et
761 2706 1021 2762 postquam
1061 2698 1204 2746 Noah
1246 2697 1442 2745 exiisset
1473 2713 1533 2744 ex
1563 2711 1694 2754 arca,
1730 2711 1845 2759 pro-

459 2773 590 2821 misit
618 2775 746 2822 Deus
770 2789 868 2821 non
893 2772 1100 2836 amplius
1119 2780 1376 2835 percutere
1411 2787 1594 2820 omnem
1631 2771 1845 2819 animam

458 2848 703 2896 viventem.
787 2848 850 2896 Et
892 2848 1034 2895 Deut.
1066 2848 1145 2896 xii.
1179 2854 1277 2895 23:
1328 2847 1550 2911 Sangm‘s
1607 2847 1845 2909 cujtwque
