1910 3236
160 403 262 435 CAP.
279 404 362 436 xu.

170 457 357 479 b—,f—-ae

151 499 195 527 De
208 499 353 536 religione.

417 261 478 302 94
940 269 1010 301 DE
1039 268 1280 301 HOM1NE.

416 390 607 438 hortem
630 398 716 436 aut
741 389 1026 436 centuriam.
1098 389 1193 436 Sed
1214 389 1274 436 de
1298 405 1451 452 regno
1470 390 1560 437 Dei
1584 397 1689 437 tum
1711 406 1799 452 per

414 474 628 529 pactum,
653 473 757 511 tum
781 480 868 527 per
891 470 1117 511 naturam
1141 464 1293 512 fusius
1318 464 1508 512 dicetur
1524 465 1666 513 infra.

481 541 526 587 A
561 539 908 587 constitutione
947 538 1238 601 religionum
1273 548 1475 603 apparet
1510 541 1656 588 etiam
1696 557 1798 588 mo-

415 616 519 674 dus,
541 632 636 678 quo
662 630 828 662 rursus
852 614 903 661 in
926 614 1167 678 principia
1185 631 1272 663 sua
1292 616 1450 678 prima
1473 617 1796 674 resolvuntur,

412 707 587 754 nempe
611 691 661 738 in
694 690 992 753 agnitionem
1025 690 1292 738 divinitatis
1325 691 1425 739 sive
1449 693 1682 754 potentiae
1717 708 1796 739 su-

411 766 733 829 pernaturalis
757 765 1040 828 simpliciter
1061 786 1073 820 ;
1111 782 1219 828 quae
1242 766 1429 829 agnitio
1455 782 1704 830 nunquam
1727 767 1797 815 ita

410 842 593 890 aboleri
616 849 793 905 potest,
811 842 929 904 quin
943 841 1057 889 inde
1071 857 1212 889 novae
1229 841 1501 904 religiones,
1523 843 1563 889 si
1582 843 1795 890 cultores

410 917 702 966 accesserint
726 917 904 976 idonei,
929 917 1275 981 germinaturae
1299 917 1410 965 sint.

476 994 603 1040 Cum
622 993 750 1040 enim
770 993 942 1056 religio
962 993 1118 1041 omnis
1133 992 1343 1041 formata
1356 993 1417 1041 ab
1432 993 1573 1040 initio
1587 992 1796 1041 fundata

410 1069 473 1116 sit
498 1070 549 1116 in
571 1069 668 1117 fide
685 1085 830 1132 quam
848 1069 998 1117 habet
1014 1069 1100 1116 uni
1118 1068 1263 1117 alicui
1285 1084 1507 1132 personae
1531 1067 1794 1116 multitudo

408 1144 677 1204 hominum,
702 1161 848 1208 quam
875 1161 1135 1208 personam
1169 1161 1269 1192 non
1304 1144 1451 1192 modo
1475 1144 1634 1192 virum
1656 1144 1795 1208 sapi-

409 1226 566 1267 entem
584 1236 687 1268 esse
712 1228 763 1267 et
787 1219 1079 1279 benevolum,
1100 1221 1186 1268 sed
1210 1220 1359 1268 etiam
1382 1226 1622 1278 sanetum,
1646 1227 1698 1266 et
1715 1219 1794 1268 cui

408 1296 540 1344 Deus
554 1297 856 1344 voluntatem
875 1313 1010 1344 suam
1031 1296 1388 1359 supernaturali
1403 1295 1549 1343 modo
1566 1295 1793 1358 dignatus

408 1371 472 1418 sit
494 1371 722 1419 revelare
737 1390 756 1426 ;
791 1373 1064 1420 necessario
1090 1372 1325 1435 sequitur,
1350 1380 1468 1419 tunc
1493 1370 1688 1433 quando
1711 1387 1794 1418 an-

406 1446 617 1494 tistitum
655 1446 903 1509 religionis
930 1454 1015 1494 aut
1048 1447 1304 1511 sapientia
1341 1454 1426 1494 aut
1457 1446 1793 1494 benevolentia

407 1530 494 1569 aut
507 1522 754 1569 sanet-itas
775 1530 1002 1585 suspecta
1019 1523 1096 1581 sit,
1114 1531 1201 1571 aut
1217 1522 1539 1570 revelationis
1557 1522 1793 1570 indicium

408 1613 551 1645 omne
576 1597 727 1656 deest,
759 1605 815 1644 ut
850 1598 1037 1661 religio,
1062 1614 1208 1661 quam
1248 1604 1570 1646 sustentatam
1593 1597 1790 1656 vellent,

407 1672 501 1720 nisi
523 1672 713 1736 gladius
737 1673 889 1720 civilis
911 1674 1183 1736 prohibeat,
1208 1674 1474 1737 rejiciatur.

473 1748 779 1796 Existimatio
802 1748 1066 1813 Sapientioe
1085 1749 1136 1796 in
1161 1749 1442 1797 doctoribus
1465 1748 1653 1796 tollitur
1671 1765 1792 1812 quo-

408 1824 500 1871 ties
524 1823 657 1871 credi
675 1824 850 1886 jubent
868 1824 1264 1872 contradictoria.
1337 1825 1510 1872 Sciunt
1533 1825 1662 1872 enim
1686 1842 1790 1874 om-

406 1915 509 1957 nes,
529 1899 677 1946 etiam
691 1898 874 1946 indocti
891 1899 1107 1962 quiquid
1131 1899 1194 1947 sit
1209 1899 1533 1947 contradictio
1548 1900 1788 1960 nesciunt,

406 1974 457 2022 in
500 1973 890 2022 contradictoriis
934 1975 1140 2023 alterum
1187 1991 1292 2022 esse
1337 1975 1527 2022 falsum.
1617 1977 1790 2040 Itaque

403 2058 668 2113 utrumque
692 2050 825 2098 credi
848 2050 971 2098 velle
994 2051 1229 2098 indicium
1253 2058 1327 2098 est
1355 2051 1660 2114 ignorantiae,
1686 2068 1789 2100 om-

403 2141 612 2188 nemque
637 2141 805 2173 eorum
824 2126 1097 2174 doctrinam
1116 2134 1393 2190 suspectam
1411 2126 1584 2174 reddit.
1623 2127 1790 2176 Quan-

404 2217 551 2265 quam
591 2201 721 2248 enim
757 2217 874 2248 vera
919 2217 1023 2249 esse
1067 2210 1272 2265 possunt
1325 2218 1436 2264 quae
1483 2209 1597 2250 sunt
1643 2218 1790 2266 supra

402 2276 639 2324 rationem
663 2276 951 2335 naturalem,
983 2284 1317 2324 verumtamen
1342 2286 1514 2325 contra
1547 2277 1787 2326 rationem

402 2351 524 2399 nihil
547 2359 635 2398 est.

473 2426 786 2473 Existimatio
801 2425 1093 2473 sanctitatis
1112 2426 1301 2474 tollitur
1319 2426 1544 2475 faciendo
1559 2427 1787 2476 dicendo-

402 2518 462 2550 ve
477 2517 536 2549 ea
557 2517 666 2564 quae
686 2500 953 2559 doctorem,
972 2517 1079 2564 quae
1104 2501 1262 2561 docet,
1280 2502 1440 2565 ipsum
1464 2519 1563 2550 non
1587 2503 1786 2551 credere

402 2577 638 2625 indicant.
708 2576 872 2639 Atque
909 2577 1042 2625 facta
1082 2584 1132 2625 et
1178 2578 1309 2626 dicta
1352 2579 1483 2638 talia,
1522 2579 1638 2643 quia
1671 2595 1785 2643 pro-

403 2653 632 2702 cedentes
669 2652 720 2699 in
764 2652 845 2699 via
867 2652 1117 2716 religionis
1156 2653 1412 2716 procidere
1449 2661 1536 2702 aut
1570 2655 1784 2703 titubare

402 2736 600 2792 cogunt,
636 2727 882 2775 scandala
919 2728 1162 2787 dicuntur,
1187 2729 1350 2792 qualia
1384 2743 1498 2778 sunt
1529 2730 1783 2795 injustitia,

402 2804 679 2861 crudelitas,
699 2803 991 2867 hypocrism,
1016 2804 1234 2863 avaritia,
1250 2805 1454 2865 luxuria,
1479 2813 1572 2854 etc.
1610 2805 1662 2854 Si
1676 2806 1784 2870 quis

401 2879 530 2927 enim
555 2895 614 2927 ea
636 2878 855 2942 quotidie
879 2879 1042 2939 faciat,
1069 2896 1178 2943 quae
1201 2881 1261 2928 ab
1286 2881 1361 2929 his
1391 2889 1635 2945 exurgunt
1657 2882 1784 2931 radi-
