1968 3236
490 251 561 286 ns
587 252 773 286 nmmo
799 252 1199 288 rssnnnnAnuu.
1432 241 1524 286 481

157 361 370 412 tollere:
403 370 454 412 et
490 366 625 430 quod
655 366 842 414 lethale
885 374 976 425 est,
1021 367 1127 415 sine
1160 382 1291 414 noxa
1330 364 1532 413 bibere:
1561 382 1664 415 car.
1683 381 1791 414 xtv.

158 445 380 505 egrotos
403 456 623 488 manuum
650 442 960 506 impositione
982 457 1167 490 sanare
1182 444 1211 489 ἓ
1278 432 1352 489 De
1375 456 1530 505 quaes-
1550 436 1779 507 „em

157 514 292 564 tione
326 515 419 564 hac
456 515 750 575 difficillima,
786 518 905 565 nihil
942 517 1097 565 habeo
1137 517 1258 565 certi
1293 516 1424 581 quod
1456 533 1532 565 re·
1548 520 1797 599 fflbeffigffik

158 590 437 654 spondeam.
508 592 606 639 Sed
641 593 746 640 fieri
780 601 957 656 potest,
982 593 1111 641 dona
1140 593 1245 641 haec
1268 592 1534 656 spiritualia
1548 607 1740 636 amic-mm.

158 666 375 716 ecclesiae
400 684 629 716 concessa
651 669 798 717 fuisse
821 669 1022 726 tamdiu,
1045 684 1135 716 nec
1167 668 1364 726 diutius,
1388 683 1533 731 quam

159 741 431 791 doctrinam
476 744 804 806 evangelicam
842 760 941 792 non
985 744 1222 791 haberent
1267 742 1533 791 Christiani

158 817 405 882 scriptam.
477 818 651 867 Postea
673 835 804 875 vero,
827 827 883 867 ut
912 819 990 882 pie
1014 818 1147 866 credi
1171 826 1349 882 potest,
1382 818 1533 881 scrip-

156 899 320 942 turam
341 893 473 941 illam
495 910 585 957 pro
620 894 727 958 lege
762 902 999 958 perpetua
1021 894 1189 942 haberi
1210 894 1364 943 voluit
1386 894 1532 951 Deus,

157 983 318 1033 neque
340 969 545 1032 amplius
569 970 812 1017 miraculis
835 969 1184 1027 aestimandam,
1209 986 1239 1017 a
1261 970 1436 1033 quibus
1460 969 1533 1017 di-

157 1044 366 1108 ligenter
387 1045 449 1092 ab
474 1044 639 1093 electis
662 1045 931 1093 cavendum
963 1061 1067 1093 esse
1098 1053 1148 1093 et
1185 1045 1407 1093 Christus
1430 1045 1532 1109 ipse

159 1127 212 1168 et
233 1120 440 1184 apostoli
462 1121 565 1183 ejus
600 1120 887 1179 docuerunt,
911 1137 973 1169 ne
1009 1120 1205 1185 atsalsis
1242 1121 1448 1169 Christis
1484 1130 1534 1168 et

157 1196 411 1260 prophetis
434 1195 785 1259 deciperentur.

228 1271 362 1319 Inter
390 1271 618 1335 reliquias
655 1272 930 1319 ethnicismi
961 1271 1260 1319 numeranda
1291 1273 1439 1320 etiam
1462 1279 1536 1320 est

161 1346 395 1394 adoratio
426 1346 708 1411 imaginum,
733 1363 843 1410 quae
865 1347 1110 1410 prohibita
1132 1363 1162 1395 a
1184 1347 1324 1395 Mose
1347 1348 1398 1395 in
1420 1348 1535 1395 Tes-

160 1429 380 1470 tamento
403 1421 584 1480 Veteri,
605 1430 654 1469 et
685 1438 715 1470 a
739 1422 937 1470 Christo
962 1418 1012 1470 et
1042 1422 1272 1486 apostolis
1295 1423 1347 1470 in
1368 1423 1537 1471 Testa-

158 1505 328 1545 mento
364 1496 522 1555 Novo,
562 1514 660 1545 non
695 1514 725 1546 a
754 1498 978 1561 gentibus
1013 1498 1064 1545 in
1098 1498 1351 1546 ecclesiam
1386 1498 1535 1557 illata,

159 1571 247 1620 sed
278 1572 448 1620 relicta
480 1580 569 1631 est,
606 1573 836 1621 nimirum
877 1574 928 1621 in
964 1573 1072 1632 illis,
1103 1574 1186 1637 qui
1219 1575 1417 1622 nomina
1451 1590 1538 1622 sua

161 1646 358 1696 Christo
381 1648 630 1707 dederant,
648 1666 748 1697 non
770 1649 964 1713 penitus
982 1649 1211 1697 extincta.
1264 1650 1538 1712 Antequam

161 1722 291 1772 enim
337 1723 567 1772 Servator
612 1734 778 1773 noster
821 1725 969 1773 fidem
1002 1741 1165 1773 veram
1208 1725 1537 1788 praedicasset,

158 1798 449 1863 religionum
468 1800 685 1848 omnium
703 1801 1006 1849 ethnicarum
1024 1817 1227 1860 summa,
1248 1808 1298 1848 et
1312 1801 1447 1864 quasi
1462 1816 1538 1848 re-

159 1873 358 1938 ligionis
381 1875 606 1934 essentia,
630 1876 788 1924 cultus
813 1883 919 1924 erat
942 1876 1234 1934 daemonum,
1253 1876 1304 1924 id
1328 1884 1417 1935 est,
1438 1876 1539 1923 ido-

159 1948 321 1998 lorum
336 1949 439 1999 sive
461 1950 855 2014 phantasmatum
877 1951 1119 2007 adoratio;
1145 1968 1253 2015 quae
1276 1951 1407 1999 idola
1422 1967 1540 2014 gen-

160 2032 236 2073 tae
251 2024 449 2088 quidem
470 2034 765 2089 putaverunt
779 2042 882 2074 esse
897 2026 1094 2090 aliquid,
1115 2026 1164 2075 S.
1182 2026 1357 2074 Paulus
1375 2035 1539 2074 autem

166 2099 216 2160 (1
236 2100 347 2149 Cor.
362 2101 461 2148 viii.
480 2102 534 2162 4)
556 2102 685 2150 nihil
700 2118 804 2150 esse
827 2102 1074 2151 docuerat.
1113 2102 1162 2150 S.
1179 2102 1354 2150 Paulus
1377 2110 1540 2150 tamen

163 2174 427 2239 imaginem
449 2191 511 2224 ex
541 2193 675 2236 auro,
699 2186 919 2242 argento,
942 2178 1119 2241 lapide,
1143 2177 1220 2225 vel
1254 2177 1386 2240 ligno
1418 2177 1540 2224 nihil

165 2266 271 2299 esse
291 2266 392 2299 non
413 2252 635 2314 putavit3
671 2253 755 2301 sed
796 2253 926 2316 quod
957 2253 1007 2301 in
1043 2253 1254 2316 imagine
1286 2252 1539 2299 coluerunt

164 2333 352 2390 gentes,
376 2326 428 2374 id
460 2327 716 2376 affirmavit
746 2344 933 2376 merum
966 2329 1255 2392 figmentum
1287 2343 1407 2385 esse,
1436 2327 1539 2375 sine

165 2401 291 2460 loeo,
313 2401 629 2461 habitatione,
654 2411 804 2463 motu,
828 2411 878 2452 et
908 2404 1178 2452 existentia.
1248 2403 1323 2450 Illi
1359 2411 1539 2461 autem,

167 2477 253 2541 qui
275 2493 332 2525 ea
354 2476 575 2536 adorant,
594 2478 645 2526 id
668 2487 758 2536 est,
782 2479 947 2528 divino
969 2480 1154 2527 honore
1178 2478 1360 2536 colunt,
1375 2478 1541 2541 appel-

165 2553 331 2601 lantur
348 2553 399 2600 in
423 2553 685 2616 Scripturis
707 2554 969 2603 idololatri
996 2563 1046 2603 et
1069 2555 1119 2602 in
1142 2555 1299 2601 Deum
1321 2553 1539 2601 rebelles.

168 2627 425 2691 Regnante
455 2628 585 2676 enim
614 2628 664 2676 in
688 2629 871 2678 Judaeis
894 2631 1015 2690 Deo,
1039 2639 1089 2678 et
1129 2629 1291 2677 locum
1331 2629 1434 2691 ejus
1468 2636 1541 2676 te-

166 2703 397 2752 nentibus
420 2703 558 2752 Mose
581 2712 631 2752 et
653 2705 904 2754 sacerdote
928 2722 1133 2762 summo,
1158 2704 1198 2752 si
1220 2704 1399 2768 populo
1422 2704 1543 2751 ima-

166 2779 321 2843 gines,
356 2778 410 2826 id
441 2787 531 2837 est,
561 2779 900 2842 phantasmata
937 2796 1026 2828 sua
1064 2779 1222 2827 colere
1254 2778 1542 2842 permissum

168 2855 355 2911 fuisset,
379 2870 479 2902 non
514 2855 720 2919 amplius
759 2856 998 2920 obligatos
1021 2871 1072 2904 se
1096 2870 1202 2903 esse
1225 2853 1543 2903 credidissent

301 2944 426 2978 vol..
446 2945 531 2978 111.
1345 2945 1361 2978 1
1393 2945 1408 2978 1
