<?xml version="1.0" encoding="UTF-8"?>
<!DOCTYPE html PUBLIC "-//W3C//DTD XHTML 1.0 Transitional//EN"
    "http://www.w3.org/TR/xhtml1/DTD/xhtml1-transitional.dtd">
<html xmlns="http://www.w3.org/1999/xhtml" xml:lang="en" lang="en">
 <head>
  <title>
</title>
<meta http-equiv="Content-Type" content="text/html;charset=utf-8" />
  <meta name='ocr-system' content='tesseract 3.04.00' />
  <meta name='ocr-capabilities' content='ocr_page ocr_carea ocr_par ocr_line ocrx_word'/>
</head>
<body>
  <div class='ocr_page' id='page_1' title='image "./operaphilosophic03hobbuoft_0464.png"; bbox 0 0 1968 3236; ppageno 0'>
   <div class='ocr_carea' id='block_1_1' title="bbox 453 233 1505 278">
    <p class='ocr_par' dir='ltr' id='par_1_1' title="bbox 453 233 1505 278">
     <span class='ocr_line' id='line_1_1' title="bbox 453 233 1505 278; baseline 0.004 -4"><span class='ocrx_word' id='word_1_1' title='bbox 453 233 547 274; x_wconf 87' lang='lat'>464</span> <span class='ocrx_word' id='word_1_2' title='bbox 788 243 858 275; x_wconf 84' lang='lat' dir='ltr'>DE</span> <span class='ocrx_word' id='word_1_3' title='bbox 887 243 1074 276; x_wconf 84' lang='lat' dir='ltr'>REGNO</span> <span class='ocrx_word' id='word_1_4' title='bbox 1102 244 1505 278; x_wconf 77' lang='lat' dir='ltr'><strong>TENEBRARVM.</strong></span> 
     </span>
    </p>
   </div>
   <div class='ocr_carea' id='block_1_2' title="bbox 185 351 1838 493">
    <p class='ocr_par' dir='ltr' id='par_1_2' title="bbox 185 351 1838 493">
     <span class='ocr_line' id='line_1_2' title="bbox 185 351 1838 416; baseline 0.004 -18"><span class='ocrx_word' id='word_1_5' title='bbox 185 372 287 405; x_wconf 65' lang='lat' dir='ltr'>eff,</span> <span class='ocrx_word' id='word_1_6' title='bbox 305 373 430 406; x_wconf 69' lang='grc' dir='ltr'>κων,</span> <span class='ocrx_word' id='word_1_7' title='bbox 453 351 616 399; x_wconf 88' lang='lat' dir='ltr'>dotem</span> <span class='ocrx_word' id='word_1_8' title='bbox 638 369 878 400; x_wconf 88' lang='lat' dir='ltr'>summum</span> <span class='ocrx_word' id='word_1_9' title='bbox 904 362 954 400; x_wconf 89' lang='lat' dir='ltr'>et</span> <span class='ocrx_word' id='word_1_10' title='bbox 978 353 1102 400; x_wconf 86' lang='lat' dir='ltr'>filios</span> <span class='ocrx_word' id='word_1_11' title='bbox 1132 355 1235 416; x_wconf 88' lang='lat' dir='ltr'>ejus</span> <span class='ocrx_word' id='word_1_12' title='bbox 1261 371 1565 414; x_wconf 81' lang='lat' dir='ltr'>consecranS,</span> <span class='ocrx_word' id='word_1_13' title='bbox 1591 356 1709 404; x_wconf 89' lang='lat' dir='ltr'>lavit</span> <span class='ocrx_word' id='word_1_14' title='bbox 1732 357 1838 405; x_wconf 91' lang='lat' dir='ltr'>illos</span> 
     </span>
     <span class='ocr_line' id='line_1_3' title="bbox 206 428 1836 493; baseline 0.004 -20"><span class='ocrx_word' id='word_1_15' title='bbox 206 428 392 450; x_wconf 65' lang='grc'>“““”““”</span> <span class='ocrx_word' id='word_1_16' title='bbox 450 444 590 490; x_wconf 86' lang='lat' dir='ltr'>aqua,</span> <span class='ocrx_word' id='word_1_17' title='bbox 616 445 714 475; x_wconf 91' lang='lat' dir='ltr'>non</span> <span class='ocrx_word' id='word_1_18' title='bbox 739 445 866 491; x_wconf 89' lang='lat' dir='ltr'>aqua</span> <span class='ocrx_word' id='word_1_19' title='bbox 884 430 1156 491; x_wconf 90' lang='lat' dir='ltr'>conjurata,</span> <span class='ocrx_word' id='word_1_20' title='bbox 1183 429 1386 493; x_wconf 91' lang='lat' dir='ltr'>illosque</span> <span class='ocrx_word' id='word_1_21' title='bbox 1411 430 1642 489; x_wconf 87' lang='lat' dir='ltr'>amicivit,</span> <span class='ocrx_word' id='word_1_22' title='bbox 1660 439 1710 479; x_wconf 90' lang='lat' dir='ltr'>et</span> <span class='ocrx_word' id='word_1_23' title='bbox 1728 432 1836 480; x_wconf 80' lang='lat' dir='ltr'>oleo</span> 
     </span>
    </p>
   </div>
   <div class='ocr_carea' id='block_1_3' title="bbox 186 467 1837 558">
    <p class='ocr_par' dir='ltr' id='par_1_3' title="bbox 186 467 1837 558">
     <span class='ocr_line' id='line_1_4' title="bbox 188 467 373 495; baseline 0 0"><span class='ocrx_word' id='word_1_24' title='bbox 188 467 232 495; x_wconf 81' lang='lat' dir='ltr'>De</span> <span class='ocrx_word' id='word_1_25' title='bbox 272 490 274 493; x_wconf 68' lang='grc'>,</span> <span class='ocrx_word' id='word_1_26' title='bbox 314 469 332 495; x_wconf 95' lang='lat' dir='ltr'>b</span> <span class='ocrx_word' id='word_1_27' title='bbox 350 469 373 495; x_wconf 83' lang='lat' dir='ltr'>&#39;s</span> 
     </span>
     <span class='ocr_line' id='line_1_5' title="bbox 186 471 1837 558; baseline 0.004 -9"><span class='ocrx_word' id='word_1_28' title='bbox 186 471 388 547; x_wconf 47' lang='grc' dir='ltr'>ψῑτιῗιῗῖῐίἷυε</span> <span class='ocrx_word' id='word_1_29' title='bbox 448 505 620 558; x_wconf 86' lang='lat' dir='ltr'>unxit;</span> <span class='ocrx_word' id='word_1_30' title='bbox 658 512 707 551; x_wconf 91' lang='lat' dir='ltr'>et</span> <span class='ocrx_word' id='word_1_31' title='bbox 742 505 1013 552; x_wconf 86' lang='lat' dir='ltr'>consecrati</span> <span class='ocrx_word' id='word_1_32' title='bbox 1049 513 1163 552; x_wconf 90' lang='lat' dir='ltr'>sunt</span> <span class='ocrx_word' id='word_1_33' title='bbox 1192 505 1632 554; x_wconf 86' lang='lat' dir='ltr'>administrandum</span> <span class='ocrx_word' id='word_1_34' title='bbox 1672 523 1837 555; x_wconf 89' lang='lat' dir='ltr'>coram</span> 
     </span>
    </p>
   </div>
   <div class='ocr_carea' id='block_1_4' title="bbox 186 555 1837 2912">
    <p class='ocr_par' dir='ltr' id='par_1_4' title="bbox 186 555 1837 2912">
     <span class='ocr_line' id='line_1_6' title="bbox 186 555 1837 647; baseline 0.003 -22"><span class='ocrx_word' id='word_1_35' title='bbox 186 555 422 647; x_wconf 50' lang='grc' dir='ltr'>ἓξιζὲῗᾞῖζῗω</span> <span class='ocrx_word' id='word_1_36' title='bbox 450 579 675 636; x_wconf 89' lang='lat' dir='ltr'>Domino,</span> <span class='ocrx_word' id='word_1_37' title='bbox 692 587 747 626; x_wconf 91' lang='lat' dir='ltr'>ut</span> <span class='ocrx_word' id='word_1_38' title='bbox 766 580 1043 627; x_wconf 82' lang='lat' dir='ltr'>sacerdotes</span> <span class='ocrx_word' id='word_1_39' title='bbox 1066 602 1076 635; x_wconf 92' lang='lat'>;</span> <span class='ocrx_word' id='word_1_40' title='bbox 1103 597 1212 643; x_wconf 89' lang='lat' dir='ltr'>quae</span> <span class='ocrx_word' id='word_1_41' title='bbox 1236 581 1414 629; x_wconf 89' lang='lat' dir='ltr'>decora</span> <span class='ocrx_word' id='word_1_42' title='bbox 1438 590 1486 629; x_wconf 86' lang='lat' dir='ltr'>et</span> <span class='ocrx_word' id='word_1_43' title='bbox 1510 582 1714 646; x_wconf 86' lang='lat' dir='ltr'><strong>simplex</strong></span> <span class='ocrx_word' id='word_1_44' title='bbox 1732 591 1837 630; x_wconf 87' lang='lat' dir='ltr'>erat</span> 
     </span>
     <span class='ocr_line' id='line_1_7' title="bbox 186 640 1835 720; baseline 0.004 -21"><span class='ocrx_word' id='word_1_45' title='bbox 186 640 411 679; x_wconf 57' lang='lat' dir='ltr'><strong>&amp;np‘ummm‘</strong></span> <span class='ocrx_word' id='word_1_46' title='bbox 448 654 717 712; x_wconf 91' lang='lat' dir='ltr'>mundatio,</span> <span class='ocrx_word' id='word_1_47' title='bbox 743 661 792 701; x_wconf 92' lang='lat' dir='ltr'>et</span> <span class='ocrx_word' id='word_1_48' title='bbox 833 656 1040 714; x_wconf 89' lang='lat' dir='ltr'>ornatio,</span> <span class='ocrx_word' id='word_1_49' title='bbox 1067 664 1332 719; x_wconf 89' lang='lat' dir='ltr'>antequam</span> <span class='ocrx_word' id='word_1_50' title='bbox 1367 672 1450 704; x_wconf 90' lang='lat' dir='ltr'>eos</span> <span class='ocrx_word' id='word_1_51' title='bbox 1474 657 1685 705; x_wconf 91' lang='lat' dir='ltr'>Domino</span> <span class='ocrx_word' id='word_1_52' title='bbox 1709 673 1835 720; x_wconf 85' lang='lat' dir='ltr'>prae-</span> 
     </span>
     <span class='ocr_line' id='line_1_8' title="bbox 447 730 1835 795; baseline 0.003 -19"><span class='ocrx_word' id='word_1_53' title='bbox 447 738 676 777; x_wconf 86' lang='lat' dir='ltr'>sentaret.</span> <span class='ocrx_word' id='word_1_54' title='bbox 729 730 939 778; x_wconf 76' lang='lat' dir='ltr'>Quando</span> <span class='ocrx_word' id='word_1_55' title='bbox 961 746 1046 778; x_wconf 91' lang='lat' dir='ltr'>rex</span> <span class='ocrx_word' id='word_1_56' title='bbox 1063 731 1309 789; x_wconf 83' lang='lat' dir='ltr'>Solomon,</span> <span class='ocrx_word' id='word_1_57' title='bbox 1326 733 1409 795; x_wconf 90' lang='lat' dir='ltr'>qui</span> <span class='ocrx_word' id='word_1_58' title='bbox 1429 748 1668 780; x_wconf 90' lang='lat' dir='ltr'>summam</span> <span class='ocrx_word' id='word_1_59' title='bbox 1693 732 1743 780; x_wconf 93' lang='lat' dir='ltr'>in</span> <span class='ocrx_word' id='word_1_60' title='bbox 1767 733 1835 780; x_wconf 93' lang='lat' dir='ltr'>Is-</span> 
     </span>
     <span class='ocr_line' id='line_1_9' title="bbox 447 805 1832 870; baseline 0.004 -19"><span class='ocrx_word' id='word_1_61' title='bbox 447 805 575 852; x_wconf 89' lang='lat' dir='ltr'>raele</span> <span class='ocrx_word' id='word_1_62' title='bbox 616 805 827 853; x_wconf 86' lang='lat' dir='ltr'>habebat</span> <span class='ocrx_word' id='word_1_63' title='bbox 874 813 1186 869; x_wconf 86' lang='lat' dir='ltr'>potestatem,</span> <span class='ocrx_word' id='word_1_64' title='bbox 1229 807 1465 870; x_wconf 90' lang='lat' dir='ltr'>templum</span> <span class='ocrx_word' id='word_1_65' title='bbox 1501 808 1832 866; x_wconf 89' lang='lat' dir='ltr'>consecrabat,</span> 
     </span>
     <span class='ocr_line' id='line_1_10' title="bbox 450 881 1832 943; baseline 0.004 -17"><span class='ocrx_word' id='word_1_66' title='bbox 450 882 494 941; x_wconf 96' lang='lat' dir='ltr'>(l</span> <span class='ocrx_word' id='word_1_67' title='bbox 527 881 647 943; x_wconf 87' lang='lat' dir='ltr'>Reg.</span> <span class='ocrx_word' id='word_1_68' title='bbox 674 882 745 942; x_wconf 83' lang='lat'>8),</span> <span class='ocrx_word' id='word_1_69' title='bbox 775 882 1074 930; x_wconf 78' lang='lat' dir='ltr'>consistebat</span> <span class='ocrx_word' id='word_1_70' title='bbox 1113 899 1277 930; x_wconf 87' lang='lat' dir='ltr'>coram</span> <span class='ocrx_word' id='word_1_71' title='bbox 1313 891 1419 931; x_wconf 90' lang='lat' dir='ltr'>toto</span> <span class='ocrx_word' id='word_1_72' title='bbox 1444 893 1576 931; x_wconf 90' lang='lat' dir='ltr'>coetu</span> <span class='ocrx_word' id='word_1_73' title='bbox 1611 884 1832 939; x_wconf 90' lang='lat' dir='ltr'>Israelis;</span> 
     </span>
     <span class='ocr_line' id='line_1_11' title="bbox 445 956 1832 1022; baseline 0.003 -19"><span class='ocrx_word' id='word_1_74' title='bbox 445 956 651 1003; x_wconf 90' lang='lat' dir='ltr'>cuicum</span> <span class='ocrx_word' id='word_1_75' title='bbox 675 957 1018 1016; x_wconf 84' lang='lat' dir='ltr'>benedixisset,</span> <span class='ocrx_word' id='word_1_76' title='bbox 1045 958 1150 1006; x_wconf 92' lang='lat' dir='ltr'>Deo</span> <span class='ocrx_word' id='word_1_77' title='bbox 1173 959 1356 1022; x_wconf 84' lang='lat' dir='ltr'>gratias</span> <span class='ocrx_word' id='word_1_78' title='bbox 1371 958 1600 1017; x_wconf 86' lang='lat' dir='ltr'>reddidit,</span> <span class='ocrx_word' id='word_1_79' title='bbox 1625 959 1758 1022; x_wconf 91' lang='lat' dir='ltr'>quod</span> <span class='ocrx_word' id='word_1_80' title='bbox 1782 959 1832 1007; x_wconf 86' lang='lat' dir='ltr'>in</span> 
     </span>
     <span class='ocr_line' id='line_1_12' title="bbox 445 1032 1830 1097; baseline 0.003 -19"><span class='ocrx_word' id='word_1_81' title='bbox 445 1032 659 1079; x_wconf 89' lang='lat' dir='ltr'>animum</span> <span class='ocrx_word' id='word_1_82' title='bbox 694 1033 846 1096; x_wconf 86' lang='lat' dir='ltr'>patris</span> <span class='ocrx_word' id='word_1_83' title='bbox 883 1034 972 1092; x_wconf 88' lang='lat' dir='ltr'>sui,</span> <span class='ocrx_word' id='word_1_84' title='bbox 1013 1042 1071 1081; x_wconf 88' lang='lat' dir='ltr'>ut</span> <span class='ocrx_word' id='word_1_85' title='bbox 1111 1035 1350 1097; x_wconf 90' lang='lat' dir='ltr'>templum</span> <span class='ocrx_word' id='word_1_86' title='bbox 1390 1034 1512 1082; x_wconf 91' lang='lat' dir='ltr'>illud</span> <span class='ocrx_word' id='word_1_87' title='bbox 1549 1035 1830 1094; x_wconf 79' lang='lat' dir='ltr'>aedificaret,</span> 
     </span>
     <span class='ocr_line' id='line_1_13' title="bbox 443 1108 1830 1173; baseline 0.002 -18"><span class='ocrx_word' id='word_1_88' title='bbox 443 1108 696 1170; x_wconf 86' lang='lat' dir='ltr'>posuisset,</span> <span class='ocrx_word' id='word_1_89' title='bbox 731 1109 957 1172; x_wconf 91' lang='lat' dir='ltr'>quodque</span> <span class='ocrx_word' id='word_1_90' title='bbox 983 1110 1075 1157; x_wconf 90' lang='lat' dir='ltr'>sibi</span> <span class='ocrx_word' id='word_1_91' title='bbox 1093 1117 1148 1157; x_wconf 92' lang='lat' dir='ltr'>ut</span> <span class='ocrx_word' id='word_1_92' title='bbox 1165 1110 1437 1173; x_wconf 89' lang='lat' dir='ltr'>perficeret,</span> <span class='ocrx_word' id='word_1_93' title='bbox 1465 1110 1709 1165; x_wconf 91' lang='lat' dir='ltr'>dedisset;</span> <span class='ocrx_word' id='word_1_94' title='bbox 1747 1111 1830 1159; x_wconf 85' lang='lat' dir='ltr'>de-</span> 
     </span>
     <span class='ocr_line' id='line_1_14' title="bbox 444 1183 1830 1250; baseline 0.003 -20"><span class='ocrx_word' id='word_1_95' title='bbox 444 1183 556 1231; x_wconf 90' lang='lat' dir='ltr'>inde</span> <span class='ocrx_word' id='word_1_96' title='bbox 581 1184 684 1232; x_wconf 91' lang='lat' dir='ltr'>Deo</span> <span class='ocrx_word' id='word_1_97' title='bbox 708 1186 1015 1248; x_wconf 82' lang='lat' dir='ltr'>precabatur,</span> <span class='ocrx_word' id='word_1_98' title='bbox 1031 1186 1205 1249; x_wconf 87' lang='lat' dir='ltr'>primo,</span> <span class='ocrx_word' id='word_1_99' title='bbox 1223 1194 1280 1234; x_wconf 92' lang='lat' dir='ltr'>ut</span> <span class='ocrx_word' id='word_1_100' title='bbox 1298 1187 1497 1234; x_wconf 92' lang='lat' dir='ltr'>domum</span> <span class='ocrx_word' id='word_1_101' title='bbox 1512 1186 1660 1247; x_wconf 87' lang='lat' dir='ltr'>illam,</span> <span class='ocrx_word' id='word_1_102' title='bbox 1676 1203 1830 1250; x_wconf 89' lang='lat' dir='ltr'>quan-</span> 
     </span>
     <span class='ocr_line' id='line_1_15' title="bbox 444 1260 1827 1327; baseline 0.003 -21"><span class='ocrx_word' id='word_1_103' title='bbox 444 1275 588 1322; x_wconf 90' lang='lat' dir='ltr'>quam</span> <span class='ocrx_word' id='word_1_104' title='bbox 611 1260 939 1324; x_wconf 85' lang='lat' dir='ltr'>magnitudini</span> <span class='ocrx_word' id='word_1_105' title='bbox 965 1261 1055 1308; x_wconf 90' lang='lat' dir='ltr'>Dei</span> <span class='ocrx_word' id='word_1_106' title='bbox 1073 1262 1276 1310; x_wconf 83' lang='lat' dir='ltr'>infinitae</span> <span class='ocrx_word' id='word_1_107' title='bbox 1295 1263 1630 1325; x_wconf 85' lang='lat' dir='ltr'>incongruam,</span> <span class='ocrx_word' id='word_1_108' title='bbox 1656 1279 1827 1327; x_wconf 87' lang='lat' dir='ltr'>accep-</span> 
     </span>
     <span class='ocr_line' id='line_1_16' title="bbox 441 1337 1827 1401; baseline 0.003 -19"><span class='ocrx_word' id='word_1_109' title='bbox 441 1342 584 1391; x_wconf 87' lang='lat' dir='ltr'>taret,</span> <span class='ocrx_word' id='word_1_110' title='bbox 620 1345 671 1383; x_wconf 89' lang='lat' dir='ltr'>et</span> <span class='ocrx_word' id='word_1_111' title='bbox 712 1337 957 1384; x_wconf 87' lang='lat' dir='ltr'>orationes</span> <span class='ocrx_word' id='word_1_112' title='bbox 993 1353 1242 1385; x_wconf 88' lang='lat' dir='ltr'>servorum</span> <span class='ocrx_word' id='word_1_113' title='bbox 1284 1354 1498 1396; x_wconf 91' lang='lat' dir='ltr'>suorum,</span> <span class='ocrx_word' id='word_1_114' title='bbox 1537 1338 1620 1401; x_wconf 91' lang='lat' dir='ltr'>qui</span> <span class='ocrx_word' id='word_1_115' title='bbox 1668 1338 1719 1385; x_wconf 91' lang='lat' dir='ltr'>in</span> <span class='ocrx_word' id='word_1_116' title='bbox 1754 1354 1827 1396; x_wconf 89' lang='lat' dir='ltr'>ea,</span> 
     </span>
     <span class='ocr_line' id='line_1_17' title="bbox 441 1411 1826 1477; baseline 0.004 -20"><span class='ocrx_word' id='word_1_117' title='bbox 441 1411 532 1470; x_wconf 92' lang='lat' dir='ltr'>vel,</span> <span class='ocrx_word' id='word_1_118' title='bbox 559 1412 599 1459; x_wconf 91' lang='lat' dir='ltr'>si</span> <span class='ocrx_word' id='word_1_119' title='bbox 623 1412 847 1460; x_wconf 82' lang='lat' dir='ltr'>absentes</span> <span class='ocrx_word' id='word_1_120' title='bbox 873 1422 1051 1471; x_wconf 89' lang='lat' dir='ltr'>essent,</span> <span class='ocrx_word' id='word_1_121' title='bbox 1076 1414 1298 1461; x_wconf 87' lang='lat' dir='ltr'>conversi</span> <span class='ocrx_word' id='word_1_122' title='bbox 1322 1430 1489 1461; x_wconf 87' lang='lat' dir='ltr'>versus</span> <span class='ocrx_word' id='word_1_123' title='bbox 1509 1430 1632 1472; x_wconf 89' lang='lat' dir='ltr'>eam,</span> <span class='ocrx_word' id='word_1_124' title='bbox 1657 1430 1826 1477; x_wconf 89' lang='lat' dir='ltr'>preca-</span> 
     </span>
     <span class='ocr_line' id='line_1_18' title="bbox 440 1489 1826 1552; baseline 0.003 -19"><span class='ocrx_word' id='word_1_125' title='bbox 440 1495 624 1546; x_wconf 90' lang='lat' dir='ltr'>rentur,</span> <span class='ocrx_word' id='word_1_126' title='bbox 642 1489 923 1544; x_wconf 82' lang='lat' dir='ltr'>exaudiret3</span> <span class='ocrx_word' id='word_1_127' title='bbox 949 1497 1213 1552; x_wconf 90' lang='lat' dir='ltr'>postremo,</span> <span class='ocrx_word' id='word_1_128' title='bbox 1238 1490 1529 1537; x_wconf 88' lang='lat' dir='ltr'>sacrificium</span> <span class='ocrx_word' id='word_1_129' title='bbox 1549 1489 1749 1545; x_wconf 90' lang='lat' dir='ltr'>obtulit;</span> <span class='ocrx_word' id='word_1_130' title='bbox 1775 1499 1826 1539; x_wconf 93' lang='lat' dir='ltr'>et</span> 
     </span>
     <span class='ocr_line' id='line_1_19' title="bbox 441 1562 1823 1628; baseline 0.003 -19"><span class='ocrx_word' id='word_1_131' title='bbox 441 1562 612 1610; x_wconf 91' lang='lat' dir='ltr'>domus</span> <span class='ocrx_word' id='word_1_132' title='bbox 650 1563 874 1611; x_wconf 88' lang='lat' dir='ltr'>dedicata</span> <span class='ocrx_word' id='word_1_133' title='bbox 898 1573 984 1613; x_wconf 88' lang='lat' dir='ltr'>est.</span> <span class='ocrx_word' id='word_1_134' title='bbox 1056 1565 1204 1612; x_wconf 87' lang='lat' dir='ltr'>Nulla</span> <span class='ocrx_word' id='word_1_135' title='bbox 1234 1565 1315 1612; x_wconf 90' lang='lat' dir='ltr'>hic</span> <span class='ocrx_word' id='word_1_136' title='bbox 1350 1571 1456 1613; x_wconf 88' lang='lat' dir='ltr'>erat</span> <span class='ocrx_word' id='word_1_137' title='bbox 1478 1581 1686 1628; x_wconf 89' lang='lat' dir='ltr'>pompa;</span> <span class='ocrx_word' id='word_1_138' title='bbox 1722 1581 1823 1623; x_wconf 87' lang='lat' dir='ltr'>rex,</span> 
     </span>
     <span class='ocr_line' id='line_1_20' title="bbox 440 1638 1823 1704; baseline 0.004 -20"><span class='ocrx_word' id='word_1_139' title='bbox 440 1638 524 1684; x_wconf 91' lang='lat' dir='ltr'>ubi</span> <span class='ocrx_word' id='word_1_140' title='bbox 548 1646 662 1686; x_wconf 89' lang='lat' dir='ltr'>ante</span> <span class='ocrx_word' id='word_1_141' title='bbox 688 1648 807 1697; x_wconf 88' lang='lat' dir='ltr'>erat,</span> <span class='ocrx_word' id='word_1_142' title='bbox 834 1641 900 1688; x_wconf 93' lang='lat' dir='ltr'>ibi</span> <span class='ocrx_word' id='word_1_143' title='bbox 937 1641 1185 1688; x_wconf 88' lang='lat' dir='ltr'>constitit:</span> <span class='ocrx_word' id='word_1_144' title='bbox 1223 1641 1357 1688; x_wconf 88' lang='lat' dir='ltr'>nulla</span> <span class='ocrx_word' id='word_1_145' title='bbox 1391 1657 1518 1704; x_wconf 88' lang='lat' dir='ltr'>aqua</span> <span class='ocrx_word' id='word_1_146' title='bbox 1554 1642 1823 1704; x_wconf 86' lang='lat' dir='ltr'>conjurata,</span> 
     </span>
     <span class='ocr_line' id='line_1_21' title="bbox 439 1717 1825 1780; baseline 0.004 -21"><span class='ocrx_word' id='word_1_147' title='bbox 439 1729 596 1776; x_wconf 90' lang='lat' dir='ltr'>neque</span> <span class='ocrx_word' id='word_1_148' title='bbox 617 1731 863 1779; x_wconf 74' lang='lat' dir='ltr'>asperges</span> <span class='ocrx_word' id='word_1_149' title='bbox 883 1734 970 1775; x_wconf 78' lang='lat' dir='ltr'>me,</span> <span class='ocrx_word' id='word_1_150' title='bbox 990 1733 1149 1780; x_wconf 91' lang='lat' dir='ltr'>neque</span> <span class='ocrx_word' id='word_1_151' title='bbox 1173 1717 1268 1764; x_wconf 90' lang='lat' dir='ltr'>alia</span> <span class='ocrx_word' id='word_1_152' title='bbox 1294 1717 1548 1764; x_wconf 89' lang='lat' dir='ltr'>verborum</span> <span class='ocrx_word' id='word_1_153' title='bbox 1570 1717 1665 1764; x_wconf 88' lang='lat' dir='ltr'>alio</span> <span class='ocrx_word' id='word_1_154' title='bbox 1681 1732 1825 1765; x_wconf 90' lang='lat' dir='ltr'>sensu</span> 
     </span>
     <span class='ocr_line' id='line_1_22' title="bbox 439 1787 1826 1855; baseline 0.004 -21"><span class='ocrx_word' id='word_1_155' title='bbox 439 1787 681 1836; x_wconf 89' lang='lat' dir='ltr'>dictorum</span> <span class='ocrx_word' id='word_1_156' title='bbox 719 1790 885 1854; x_wconf 88' lang='lat' dir='ltr'>inepta</span> <span class='ocrx_word' id='word_1_157' title='bbox 924 1792 1216 1855; x_wconf 88' lang='lat' dir='ltr'>applicatio;</span> <span class='ocrx_word' id='word_1_158' title='bbox 1252 1791 1339 1838; x_wconf 84' lang='lat' dir='ltr'>sed</span> <span class='ocrx_word' id='word_1_159' title='bbox 1379 1807 1536 1839; x_wconf 89' lang='lat' dir='ltr'>sermo</span> <span class='ocrx_word' id='word_1_160' title='bbox 1566 1791 1743 1839; x_wconf 89' lang='lat' dir='ltr'>decens</span> <span class='ocrx_word' id='word_1_161' title='bbox 1775 1800 1826 1840; x_wconf 91' lang='lat' dir='ltr'>et</span> 
     </span>
     <span class='ocr_line' id='line_1_23' title="bbox 438 1863 1824 1931; baseline 0.005 -22"><span class='ocrx_word' id='word_1_162' title='bbox 438 1863 702 1921; x_wconf 87' lang='lat' dir='ltr'>rationalis,</span> <span class='ocrx_word' id='word_1_163' title='bbox 731 1867 801 1914; x_wconf 89' lang='lat' dir='ltr'>rei</span> <span class='ocrx_word' id='word_1_164' title='bbox 842 1884 984 1930; x_wconf 90' lang='lat' dir='ltr'>quam</span> <span class='ocrx_word' id='word_1_165' title='bbox 1021 1869 1200 1931; x_wconf 91' lang='lat' dir='ltr'>agebat</span> <span class='ocrx_word' id='word_1_166' title='bbox 1231 1876 1604 1915; x_wconf 88' lang='lat' dir='ltr'>consentaneus.</span> <span class='ocrx_word' id='word_1_167' title='bbox 1675 1868 1824 1917; x_wconf 77' lang='lat' dir='ltr'>Quod</span> 
     </span>
     <span class='ocr_line' id='line_1_24' title="bbox 440 1938 1821 2007; baseline 0.004 -22"><span class='ocrx_word' id='word_1_168' title='bbox 440 1938 487 1985; x_wconf 84' lang='lat' dir='ltr'>S.</span> <span class='ocrx_word' id='word_1_169' title='bbox 511 1939 758 1989; x_wconf 88' lang='lat' dir='ltr'>Johannes</span> <span class='ocrx_word' id='word_1_170' title='bbox 782 1959 958 2006; x_wconf 89' lang='lat' dir='ltr'>aquam</span> <span class='ocrx_word' id='word_1_171' title='bbox 981 1943 1225 2001; x_wconf 86' lang='lat' dir='ltr'>Jordanis,</span> <span class='ocrx_word' id='word_1_172' title='bbox 1261 1950 1347 1991; x_wconf 91' lang='lat' dir='ltr'>aut</span> <span class='ocrx_word' id='word_1_173' title='bbox 1371 1943 1618 2006; x_wconf 89' lang='lat' dir='ltr'>Philippus</span> <span class='ocrx_word' id='word_1_174' title='bbox 1643 1959 1821 2007; x_wconf 85' lang='lat' dir='ltr'>aquam</span> 
     </span>
     <span class='ocr_line' id='line_1_25' title="bbox 436 2015 1819 2083; baseline 0.004 -21"><span class='ocrx_word' id='word_1_175' title='bbox 436 2015 648 2064; x_wconf 91' lang='lat' dir='ltr'>fluminis</span> <span class='ocrx_word' id='word_1_176' title='bbox 672 2018 722 2065; x_wconf 90' lang='lat' dir='ltr'>in</span> <span class='ocrx_word' id='word_1_177' title='bbox 748 2035 843 2082; x_wconf 92' lang='lat' dir='ltr'>quo</span> <span class='ocrx_word' id='word_1_178' title='bbox 880 2019 1171 2067; x_wconf 90' lang='lat' dir='ltr'>Eunuchum</span> <span class='ocrx_word' id='word_1_179' title='bbox 1208 2019 1491 2083; x_wconf 89' lang='lat' dir='ltr'>baptizavit,</span> <span class='ocrx_word' id='word_1_180' title='bbox 1530 2019 1819 2082; x_wconf 88' lang='lat' dir='ltr'>conjuravit,</span> 
     </span>
     <span class='ocr_line' id='line_1_26' title="bbox 436 2093 1819 2159; baseline 0.004 -21"><span class='ocrx_word' id='word_1_181' title='bbox 436 2106 677 2154; x_wconf 90' lang='lat' dir='ltr'>nusquam</span> <span class='ocrx_word' id='word_1_182' title='bbox 713 2093 951 2156; x_wconf 86' lang='lat' dir='ltr'>legimus:</span> <span class='ocrx_word' id='word_1_183' title='bbox 988 2111 1146 2158; x_wconf 89' lang='lat' dir='ltr'>neque</span> <span class='ocrx_word' id='word_1_184' title='bbox 1193 2094 1325 2158; x_wconf 91' lang='lat' dir='ltr'>quod</span> <span class='ocrx_word' id='word_1_185' title='bbox 1358 2102 1526 2159; x_wconf 88' lang='lat' dir='ltr'>pastor</span> <span class='ocrx_word' id='word_1_186' title='bbox 1563 2094 1819 2158; x_wconf 87' lang='lat' dir='ltr'>quisquam</span> 
     </span>
     <span class='ocr_line' id='line_1_27' title="bbox 436 2170 1819 2234; baseline 0.004 -21"><span class='ocrx_word' id='word_1_187' title='bbox 436 2174 655 2230; x_wconf 89' lang='lat' dir='ltr'>tempore</span> <span class='ocrx_word' id='word_1_188' title='bbox 679 2171 1026 2232; x_wconf 88' lang='lat' dir='ltr'>apostolorum,</span> <span class='ocrx_word' id='word_1_189' title='bbox 1051 2172 1251 2219; x_wconf 88' lang='lat' dir='ltr'>salivam</span> <span class='ocrx_word' id='word_1_190' title='bbox 1276 2187 1411 2219; x_wconf 89' lang='lat' dir='ltr'>suam</span> <span class='ocrx_word' id='word_1_191' title='bbox 1431 2170 1631 2218; x_wconf 90' lang='lat' dir='ltr'>naribus</span> <span class='ocrx_word' id='word_1_192' title='bbox 1653 2186 1819 2234; x_wconf 86' lang='lat' dir='ltr'>perso-</span> 
     </span>
     <span class='ocr_line' id='line_1_28' title="bbox 435 2243 1818 2309; baseline 0.002 -20"><span class='ocrx_word' id='word_1_193' title='bbox 435 2257 510 2289; x_wconf 88' lang='lat' dir='ltr'>nae</span> <span class='ocrx_word' id='word_1_194' title='bbox 528 2243 833 2306; x_wconf 83' lang='lat' dir='ltr'>baptizandae</span> <span class='ocrx_word' id='word_1_195' title='bbox 851 2247 1092 2309; x_wconf 90' lang='lat' dir='ltr'>apposuit,</span> <span class='ocrx_word' id='word_1_196' title='bbox 1110 2246 1292 2305; x_wconf 88' lang='lat' dir='ltr'>dicens,</span> <span class='ocrx_word' id='word_1_197' title='bbox 1313 2246 1362 2293; x_wconf 77' lang='lat' dir='ltr'>in</span> <span class='ocrx_word' id='word_1_198' title='bbox 1382 2245 1580 2293; x_wconf 79' lang='lat' dir='ltr'>odorem</span> <span class='ocrx_word' id='word_1_199' title='bbox 1597 2245 1818 2293; x_wconf 76' lang='lat' dir='ltr'>suavita-</span> 
     </span>
     <span class='ocr_line' id='line_1_29' title="bbox 436 2317 1817 2385; baseline 0.004 -22"><span class='ocrx_word' id='word_1_200' title='bbox 436 2317 503 2364; x_wconf 77' lang='lat' dir='ltr'>tis</span> <span class='ocrx_word' id='word_1_201' title='bbox 522 2337 539 2372; x_wconf 93' lang='lat'><em>;</em></span> <span class='ocrx_word' id='word_1_202' title='bbox 574 2319 658 2366; x_wconf 90' lang='lat' dir='ltr'>ubi</span> <span class='ocrx_word' id='word_1_203' title='bbox 681 2336 839 2384; x_wconf 89' lang='lat' dir='ltr'>neque</span> <span class='ocrx_word' id='word_1_204' title='bbox 864 2323 1140 2369; x_wconf 87' lang='lat' dir='ltr'>ceremonia</span> <span class='ocrx_word' id='word_1_205' title='bbox 1162 2322 1246 2370; x_wconf 94' lang='lat' dir='ltr'>illa</span> <span class='ocrx_word' id='word_1_206' title='bbox 1282 2322 1460 2381; x_wconf 89' lang='lat' dir='ltr'>salivae,</span> <span class='ocrx_word' id='word_1_207' title='bbox 1489 2328 1692 2385; x_wconf 91' lang='lat' dir='ltr'>propter</span> <span class='ocrx_word' id='word_1_208' title='bbox 1727 2321 1817 2369; x_wconf 91' lang='lat' dir='ltr'>im-</span> 
     </span>
     <span class='ocr_line' id='line_1_30' title="bbox 435 2394 1815 2459; baseline 0.004 -19"><span class='ocrx_word' id='word_1_209' title='bbox 435 2394 737 2451; x_wconf 92' lang='lat' dir='ltr'>munditiem,</span> <span class='ocrx_word' id='word_1_210' title='bbox 762 2412 919 2459; x_wconf 89' lang='lat' dir='ltr'>neque</span> <span class='ocrx_word' id='word_1_211' title='bbox 955 2397 1217 2459; x_wconf 89' lang='lat' dir='ltr'>applicatio</span> <span class='ocrx_word' id='word_1_212' title='bbox 1252 2398 1514 2445; x_wconf 87' lang='lat' dir='ltr'>verborum</span> <span class='ocrx_word' id='word_1_213' title='bbox 1550 2412 1815 2456; x_wconf 88' lang='lat' dir='ltr'>sacrorum,</span> 
     </span>
     <span class='ocr_line' id='line_1_31' title="bbox 434 2470 1781 2535; baseline 0.004 -20"><span class='ocrx_word' id='word_1_214' title='bbox 434 2476 634 2531; x_wconf 89' lang='lat' dir='ltr'>propter</span> <span class='ocrx_word' id='word_1_215' title='bbox 656 2470 918 2530; x_wconf 86' lang='lat' dir='ltr'>levitatem,</span> <span class='ocrx_word' id='word_1_216' title='bbox 943 2472 1243 2520; x_wconf 84' lang='lat' dir='ltr'>authoritate</span> <span class='ocrx_word' id='word_1_217' title='bbox 1266 2473 1366 2520; x_wconf 87' lang='lat' dir='ltr'>ulla</span> <span class='ocrx_word' id='word_1_218' title='bbox 1390 2472 1586 2520; x_wconf 90' lang='lat' dir='ltr'>defendi</span> <span class='ocrx_word' id='word_1_219' title='bbox 1604 2478 1781 2535; x_wconf 90' lang='lat' dir='ltr'>potest.</span> 
     </span>
     <span class='ocr_line' id='line_1_32' title="bbox 502 2543 1815 2611; baseline 0.004 -21"><span class='ocrx_word' id='word_1_220' title='bbox 502 2543 578 2591; x_wconf 87' lang='lat' dir='ltr'>Ad</span> <span class='ocrx_word' id='word_1_221' title='bbox 601 2545 924 2606; x_wconf 84' lang='lat' dir='ltr'>probandum,</span> <span class='ocrx_word' id='word_1_222' title='bbox 949 2546 1080 2608; x_wconf 92' lang='lat' dir='ltr'>quod</span> <span class='ocrx_word' id='word_1_223' title='bbox 1104 2547 1279 2595; x_wconf 89' lang='lat' dir='ltr'>animae</span> <span class='ocrx_word' id='word_1_224' title='bbox 1303 2564 1333 2595; x_wconf 88' lang='lat' dir='ltr'>a</span> <span class='ocrx_word' id='word_1_225' title='bbox 1357 2547 1642 2610; x_wconf 86' lang='lat' dir='ltr'>corporibus</span> <span class='ocrx_word' id='word_1_226' title='bbox 1676 2562 1815 2611; x_wconf 84' lang='lat' dir='ltr'>sepa-</span> 
     </span>
     <span class='ocr_line' id='line_1_33' title="bbox 434 2618 1814 2678; baseline 0.005 -14"><span class='ocrx_word' id='word_1_227' title='bbox 434 2624 554 2665; x_wconf 88' lang='lat' dir='ltr'>ratae</span> <span class='ocrx_word' id='word_1_228' title='bbox 577 2618 744 2667; x_wconf 88' lang='lat' dir='ltr'>vivant</span> <span class='ocrx_word' id='word_1_229' title='bbox 767 2620 818 2667; x_wconf 91' lang='lat' dir='ltr'>in</span> <span class='ocrx_word' id='word_1_230' title='bbox 842 2627 1096 2678; x_wconf 84' lang='lat' dir='ltr'>aeternum,</span> <span class='ocrx_word' id='word_1_231' title='bbox 1122 2637 1220 2668; x_wconf 89' lang='lat' dir='ltr'>non</span> <span class='ocrx_word' id='word_1_232' title='bbox 1256 2622 1410 2670; x_wconf 90' lang='lat' dir='ltr'>solum</span> <span class='ocrx_word' id='word_1_233' title='bbox 1435 2622 1610 2670; x_wconf 84' lang='lat' dir='ltr'>animae</span> <span class='ocrx_word' id='word_1_234' title='bbox 1633 2621 1814 2670; x_wconf 85' lang='lat' dir='ltr'>electo-</span> 
     </span>
     <span class='ocr_line' id='line_1_34' title="bbox 433 2694 1814 2761; baseline 0.005 -22"><span class='ocrx_word' id='word_1_235' title='bbox 433 2707 555 2751; x_wconf 89' lang='lat' dir='ltr'>rum,</span> <span class='ocrx_word' id='word_1_236' title='bbox 584 2694 745 2756; x_wconf 87' lang='lat' dir='ltr'>gratia</span> <span class='ocrx_word' id='word_1_237' title='bbox 781 2695 993 2758; x_wconf 88' lang='lat' dir='ltr'>speciali,</span> <span class='ocrx_word' id='word_1_238' title='bbox 1024 2695 1109 2742; x_wconf 88' lang='lat' dir='ltr'>sed</span> <span class='ocrx_word' id='word_1_239' title='bbox 1152 2697 1299 2744; x_wconf 87' lang='lat' dir='ltr'>etiam</span> <span class='ocrx_word' id='word_1_240' title='bbox 1332 2698 1668 2761; x_wconf 89' lang='lat' dir='ltr'>reproborum,</span> <span class='ocrx_word' id='word_1_241' title='bbox 1703 2713 1814 2761; x_wconf 88' lang='lat' dir='ltr'>pro-</span> 
     </span>
     <span class='ocr_line' id='line_1_35' title="bbox 432 2767 1813 2831; baseline 0.005 -17"><span class='ocrx_word' id='word_1_242' title='bbox 432 2767 638 2829; x_wconf 83' lang='lat' dir='ltr'>prietate</span> <span class='ocrx_word' id='word_1_243' title='bbox 663 2770 885 2818; x_wconf 88' lang='lat' dir='ltr'>essentiae</span> <span class='ocrx_word' id='word_1_244' title='bbox 907 2770 1134 2819; x_wconf 82' lang='lat' dir='ltr'>humanae</span> <span class='ocrx_word' id='word_1_245' title='bbox 1168 2772 1465 2831; x_wconf 73' lang='lat' dir='ltr'>adhaerente,</span> <span class='ocrx_word' id='word_1_246' title='bbox 1501 2780 1613 2821; x_wconf 92' lang='lat' dir='ltr'>sunt</span> <span class='ocrx_word' id='word_1_247' title='bbox 1648 2779 1813 2820; x_wconf 84' lang='lat' dir='ltr'>textus</span> 
     </span>
     <span class='ocr_line' id='line_1_36' title="bbox 432 2843 1810 2912; baseline 0.004 -22"><span class='ocrx_word' id='word_1_248' title='bbox 432 2843 644 2905; x_wconf 88' lang='lat' dir='ltr'>quidam,</span> <span class='ocrx_word' id='word_1_249' title='bbox 670 2846 751 2907; x_wconf 94' lang='lat' dir='ltr'>qui</span> <span class='ocrx_word' id='word_1_250' title='bbox 775 2846 932 2908; x_wconf 90' lang='lat' dir='ltr'>primo</span> <span class='ocrx_word' id='word_1_251' title='bbox 956 2846 1138 2894; x_wconf 88' lang='lat' dir='ltr'>intuitu</span> <span class='ocrx_word' id='word_1_252' title='bbox 1163 2848 1382 2895; x_wconf 87' lang='lat' dir='ltr'>sufficere</span> <span class='ocrx_word' id='word_1_253' title='bbox 1405 2847 1561 2896; x_wconf 90' lang='lat' dir='ltr'>videri</span> <span class='ocrx_word' id='word_1_254' title='bbox 1592 2856 1810 2912; x_wconf 90' lang='lat' dir='ltr'>possunt.</span> 
     </span>
    </p>
   </div>
   <div class='ocr_carea' id='block_1_5' title="bbox 1938 2678 1968 3236">
    <p class='ocr_par' dir='ltr' id='par_1_5' title="bbox 1938 2678 1968 3236">
     <span class='ocr_line' id='line_1_37' title="bbox 1938 2678 1968 3236; baseline 0 0"><span class='ocrx_word' id='word_1_255' title='bbox 1938 2678 1968 3236; x_wconf 95' lang='lat' dir='ltr'> </span> 
     </span>
    </p>
   </div>
  </div>
 </body>
</html>
