1968 3236
390 184 479 229 176
901 198 970 230 DE
1000 197 1275 232 ciVl'rA'rE.

116 326 218 358 CAp.
239 326 357 360 xxn,
383 306 516 370 leges
540 323 650 354 suas
673 307 910 370 fregerint
931 328 942 360 ;
978 308 1211 356 mulctam
1246 318 1410 358 tamen
1433 311 1565 359 illam
1598 311 1772 374 exequi

134 380 323 402 κ--Ὑ--κ

118 421 163 449 De
176 424 314 459 systema-

116 465 195 494 tibus
208 465 325 494 civium.

384 390 521 430 extra
558 383 798 431 coloniam
836 383 992 446 ipsam
1023 385 1133 447 jure
1156 401 1257 433 non
1281 393 1458 448 potest.
1512 387 1658 441 Quod
1685 404 1772 435 au-

383 466 485 507 tem
519 459 598 506 hic
632 459 816 506 dictum
849 467 921 507 est
955 460 1015 508 de
1051 460 1472 509 administratione
1508 463 1771 525 provinciae

382 537 459 584 vel
484 537 702 594 coloniae,
729 537 991 584 dicendum
1017 553 1212 600 quoque
1237 546 1311 585 est
1346 537 1407 585 de
1426 537 1663 601 regimine
1683 555 1771 601 op-

380 613 498 676 pidi,
535 613 613 660 vel
647 612 996 671 universitatis,
1019 613 1098 660 vel
1122 613 1330 676 collegii,
1355 614 1433 661 vel
1457 614 1688 662 ecclesiae.

448 689 505 736 In
525 688 748 736 omnibus
773 688 1116 750 systematibus
1142 687 1488 747 subordinatis,
1513 689 1554 736 si
1578 689 1685 752 quis
1709 705 1769 737 ex

381 771 642 827 systemate
674 780 871 812 causam
911 765 1090 812 habeat
1127 771 1300 812 contra
1340 772 1554 827 systema
1593 765 1768 828 ipsum,

379 839 595 902 cognitio
627 855 787 888 causae
826 840 1044 903 pertinet
1072 839 1135 887 ad
1167 839 1383 903 judicem
1408 840 1613 898 civilem,
1633 841 1716 903 qui
1739 856 1769 889 a

378 931 568 963 summa
589 922 832 979 potestate
864 915 1073 963 civitatis
1106 915 1376 973 ordinatur,
1401 931 1500 962 non
1524 915 1587 963 ad
1610 916 1767 979 ipsum

378 1000 604 1056 systema,
630 992 763 1056 quod
797 993 1016 1040 membro
1041 1008 1128 1039 suo
1153 991 1368 1039 concivis
1392 998 1482 1039 est.
1553 991 1610 1039 In
1635 1000 1766 1040 coetu

377 1084 617 1116 summam
639 1068 852 1116 habente
875 1074 1171 1131 potestatem
1197 1066 1422 1125 civitatis,
1448 1066 1591 1114 aliter
1615 1083 1691 1115 res
1715 1083 1767 1116 se

376 1143 557 1199 habet;
593 1143 661 1191 ibi
681 1144 811 1191 enim
834 1143 889 1202 is,
913 1143 996 1206 qui
1020 1159 1259 1190 summam
1283 1143 1432 1190 habet
1455 1150 1765 1205 potestatem,

376 1219 526 1267 etiam
548 1219 600 1267 in
623 1236 710 1267 sua
732 1219 883 1282 ipsius
903 1235 1050 1267 causa
1068 1219 1219 1282 judex
1244 1219 1338 1266 erit
1359 1239 1370 1273 ;
1395 1227 1482 1266 aut
1501 1218 1654 1281 judex
1672 1219 1767 1266 erit

374 1295 573 1343 omnino
597 1295 774 1344 nullus.

444 1371 731 1435 Systematis
779 1370 1098 1428 subordinati‚
1146 1370 1210 1418 ad
1255 1369 1525 1433 regulanda
1565 1371 1764 1433 negotia

375 1454 702 1495 mercatorum
727 1446 998 1504 constituti,
1019 1462 1229 1509 persona
1252 1442 1648 1494 commodissima
1665 1461 1762 1493 coe-

374 1529 454 1570 tus
494 1530 601 1579 est;
638 1530 810 1579 coetus,
846 1521 1062 1585 inquam,
1098 1537 1267 1568 eorum
1300 1522 1517 1568 omnium
1553 1537 1762 1583 quorum

373 1599 572 1661 negotia
611 1596 878 1660 regulanda
913 1605 1056 1652 sunt;
1092 1597 1143 1644 in
1180 1612 1325 1660 quem
1356 1597 1634 1654 convenire,
1660 1598 1762 1645 suf-

370 1674 528 1737 fragia
544 1674 739 1732 habere,
754 1673 1086 1736 unusquisque
1106 1689 1290 1730 eorum,
1301 1673 1384 1735 qui
1403 1673 1634 1736 pecunias
1649 1688 1760 1721 suas

371 1749 646 1808 conferunt,
683 1749 723 1797 si
763 1749 896 1807 velit,
931 1748 1100 1811 possit.
1172 1748 1438 1806 Mercator,
1465 1748 1548 1811 qui
1585 1764 1760 1796 navem

370 1841 531 1874 emere
557 1833 607 1872 et
630 1825 873 1872 mercibus
891 1839 1094 1871 onerare
1118 1831 1297 1886 potest,
1318 1839 1457 1871 rarus
1482 1832 1570 1871 est.
1621 1824 1757 1887 Opus

369 1916 485 1964 ergo
509 1901 706 1957 habent,
725 1908 781 1947 ut
806 1900 855 1947 in
871 1916 1023 1947 unum
1042 1906 1255 1963 systema
1271 1899 1434 1962 plures
1454 1900 1754 1963 conjungan-

367 1982 463 2025 tur.
490 2000 494 2003 ·
534 1976 667 2024 Finis
705 1983 869 2024 autem
909 1975 1186 2038 systematis
1217 1975 1499 2023 mercatorii
1523 1975 1563 2022 is
1587 1983 1676 2034 est,
1699 1984 1757 2024 ut

366 2052 557 2116 possint
581 2058 630 2100 et
652 2051 842 2099 facilius
861 2059 911 2098 et
927 2050 1093 2097 utilius
1116 2050 1375 2114 negotiari,
1396 2051 1539 2112 juxta
1562 2051 1755 2114 regulas

366 2145 397 2176 a
431 2144 482 2177 se
520 2127 717 2192 quidem
752 2126 1070 2190 excogitatas,
1102 2126 1189 2173 sed
1224 2143 1254 2173 a
1285 2142 1474 2173 summa
1507 2133 1754 2190 potestate

365 2204 521 2253 literis
541 2204 869 2251 confirmatas.
942 2202 1131 2250 Quibus
1146 2201 1300 2249 literis
1315 2201 1355 2248 si
1375 2218 1660 2249 concessum
1675 2202 1752 2262 sit,

364 2287 422 2327 ut
443 2280 634 2343 possint
653 2296 725 2338 ea,
746 2295 854 2342 quae
873 2294 903 2325 a
926 2277 1143 2325 dominio
1168 2277 1376 2325 civitatis
1401 2279 1647 2340 exportari
1673 2295 1754 2327 ex-

363 2356 515 2419 pedit,
536 2357 626 2404 soli
650 2371 825 2412 emere,
851 2362 901 2402 et
925 2370 1033 2417 quae
1057 2354 1107 2401 in
1132 2353 1341 2401 civitatis
1367 2354 1636 2402 dominium
1662 2355 1753 2403 im-

362 2432 566 2494 portari,
586 2432 677 2480 soli
700 2431 928 2486 vendere,
949 2431 1089 2493 juxta
1125 2430 1404 2494 systematis
1428 2431 1502 2478 sui
1526 2430 1749 2494 regulas;

363 2508 566 2571 duplum
582 2508 832 2556 habebunt
850 2506 1197 2569 monopolium.
1252 2507 1474 2555 Quorum
1490 2514 1750 2570 utrumque

361 2583 478 2646 ipsis
494 2583 847 2632 mercatoribus
869 2582 1115 2630 lucrosum
1134 2588 1224 2639 est,
1245 2583 1331 2630 sed
1350 2582 1535 2631 civibus
1559 2583 1749 2631 caeteris

361 2675 422 2707 ex
444 2666 584 2722 parte
607 2659 823 2707 noxium.
895 2657 1142 2707 Quoniam
1160 2657 1290 2705 enim
1306 2658 1395 2706 soli
1418 2659 1548 2706 bona
1569 2658 1750 2706 civium

361 2733 492 2788 domi
534 2741 718 2794 emunt,
755 2733 898 2782 vilius
939 2740 1107 2781 emunt
1127 2754 1139 2788 ;
1175 2732 1226 2780 id
1269 2733 1402 2797 quod
1436 2733 1748 2798 sibimetipsis

358 2809 511 2869 lucre,
537 2811 734 2875 reliquis
752 2817 916 2859 autem
933 2809 1119 2858 civibus
1135 2808 1314 2857 damno
1334 2817 1423 2858 est.
1496 2809 1746 2868 Similiter,
