1968 3236
359 521 762 576 APPENDIX
800 522 912 575 AD
951 522 1438 579 LEVIATHAN.

756 797 971 846 CAPUT
1005 798 1043 846 Ι.

641 914 702 946 DE
727 914 943 947 SYMBOLO
968 915 1159 947 NlcssNo.

208 990 274 1040 A.
310 990 555 1039 Expch
580 991 698 1039 mihi
723 1008 888 1055 quaeso
913 992 1186 1055 symbolum
1211 992 1468 1051 Nicenum,
1494 1008 1593 1040 non

209 1065 336 1124 dico,
374 1073 430 1114 ut
466 1082 543 1114 res
579 1066 707 1130 ipsas
748 1067 911 1114 animo
955 1067 1380 1139 comprehendam,
1420 1067 1506 1115 sed
1538 1074 1595 1115 ut

208 1142 359 1190 verba
403 1142 518 1189 fidei
568 1142 638 1190 ita
688 1142 958 1204 intelligam
1003 1149 1066 1190 ut
1106 1150 1433 1190 consentanea
1480 1150 1595 1191 sunt

212 1218 476 1282 Scripturis
519 1217 708 1265 Sacris:
747 1225 798 1264 et
837 1217 994 1280 primo
1031 1217 1136 1265 haec
1171 1218 1336 1276 verba,
1363 1207 1515 1266 credo
1544 1218 1596 1266 in

209 1310 352 1341 unum
383 1292 544 1340 Deum
567 1292 774 1341 Patrem
804 1292 1178 1356 omnipotentem
1198 1293 1459 1358 factorem
1482 1292 1598 1341 coeli

210 1375 261 1417 et
285 1375 454 1428 terroe,
480 1376 632 1434 atque
663 1368 929 1416 visibilium
960 1369 1167 1416 omnium
1190 1375 1240 1417 et
1264 1368 1596 1416 invisibilium.

210 1445 273 1492 Et
317 1444 493 1508 primo,
531 1444 650 1508 quid
691 1453 764 1491 est
797 1443 933 1501 illud,
970 1443 1119 1491 credo
1155 1444 1222 1502 in,
1256 1444 1334 1491 vel
1373 1444 1599 1492 Graecum

209 1529 346 1566 πιςέυω
363 1519 445 1569 etc?
499 1519 628 1566 Nam
652 1518 783 1582 apud
805 1518 1036 1566 authores
1056 1518 1253 1567 Graecos
1275 1535 1375 1566 non
1397 1519 1598 1566 memini

210 1613 290 1644 me
311 1595 427 1644 alibi
451 1594 583 1642 illam
606 1594 807 1657 phrasin
831 1594 1085 1657 reperisse.
1155 1594 1305 1658 Lego,
1330 1594 1480 1642 credo
1504 1593 1599 1642 ali-

211 1671 306 1731 cui,
331 1681 464 1718 πιςένω
494 1678 584 1727 τινὶ,
609 1668 760 1716 credo
786 1668 862 1716 ita
885 1684 1009 1727 8888,
1032 1668 1110 1716 vel
1132 1679 1265 1716 πιςένω
1283 1677 1394 1721 ὅντως
1412 1677 1523 1717 εἶναι.

276 1746 343 1795 Β.
380 1744 582 1807 Propria
617 1753 692 1792 est
728 1744 812 1791 illa
834 1760 931 1791 vox
962 1744 1374 1792 consentientium
1404 1744 1456 1792 in
1479 1745 1597 1792 arti-

212 1821 364 1870 culos.
420 1820 551 1868 Nam
573 1819 855 1884 praepositio
878 1826 928 1869 ἐις
946 1819 1189 1883 significat
1211 1820 1340 1868 inter
1362 1820 1459 1868 alia
1480 1820 1598 1868 liac-

213 1903 354 1946 temcs
373 1914 393 1952 ,·
426 1903 483 1944 ut
525 1896 721 1960 quando
757 1895 938 1943 dicitur
970 1905 1110 1942 πιςέυω
1132 1904 1183 1947 ἑις
1210 1903 1295 1942 θεὸν
1325 1906 1479 1955 πατέρα,
1505 1903 1597 1943 etc.

213 1972 256 2020 si
271 1987 362 2035 pro
385 1977 488 2031 θεὸν,
514 1979 607 2020 etc.
631 1980 843 2035 ponetur
864 1978 963 2030 τετὸ,
987 1971 1118 2018 idem
1142 1979 1272 2019 esset
1295 1970 1427 2034 quod
1450 1970 1597 2019 credo

214 2046 310 2094 huc
340 2062 495 2112 usque
528 2047 629 2095 sive
663 2046 918 2095 hactenus.
989 2046 1246 2110 Significat
1269 2062 1387 2110 ergo
1410 2062 1599 2109 praepo-

215 2121 330 2169 sitio
346 2129 398 2171 εις
421 2121 875 2170 determinationem
890 2121 1206 2170 articulorum
1226 2121 1596 2179 credendorum,

214 2210 408 2259 nempe,
448 2211 700 2260 quousque
736 2213 848 2244 cum
881 2197 1084 2245 consilio
1130 2195 1441 2244 consentiunt
1485 2196 1599 2243 sub-

215 2270 491 2334 scriptores.
559 2271 743 2319 Mirum
772 2272 924 2336 igitur
945 2272 1100 2320 videri
1137 2287 1237 2319 non
1267 2271 1427 2329 debet,
1453 2270 1494 2318 si
1517 2286 1599 2318 ex-

215 2352 295 2393 tra
330 2344 684 2394 consessionem
716 2346 832 2395 fidei
867 2347 1066 2411 phrasin
1101 2347 1233 2395 illam
1278 2362 1377 2393 non
1422 2345 1599 2408 legisti.

216 2419 402 2468 Eadem
441 2421 572 2468 enim
608 2428 682 2469 est
716 2437 774 2469 ac
809 2421 851 2470 si
886 2430 937 2470 te
977 2421 1176 2470 credere
1212 2420 1412 2478 diceres,
1443 2419 1602 2468 Deum

217 2510 339 2554 esse,
375 2495 679 2559 eundemque
709 2512 861 2544 unum
885 2512 1004 2555 esse,
1027 2505 1219 2561 patrem
1242 2510 1360 2553 esse,
1385 2493 1603 2558 omnipo-

218 2578 405 2618 tentem
429 2586 551 2629 esse,
566 2579 616 2618 et
638 2571 707 2619 sic
730 2570 791 2619 de
813 2571 1018 2620 caeteris.
1067 2570 1269 2633 Legitur
1286 2568 1435 2616 etiam
1452 2568 1602 2616 credo

219 2644 270 2692 in
301 2644 577 2710 evangelio,
604 2643 656 2692 id
691 2652 780 2704 aet,
804 2644 951 2693 credo
988 2643 1255 2707 evangelio,
1280 2642 1331 2691 id
1365 2651 1455 2701 est,
1478 2658 1603 2706 prae-

218 2719 518 2768 dicatoribus
541 2718 808 2784 evangelii3
844 2719 931 2768 sed
953 2719 1021 2768 ibi
1055 2719 1285 2767 Graecum
1323 2733 1423 2766 non
1447 2725 1522 2766 est
1536 2723 1602 2777 εις,

218 2793 304 2843 Sed
322 2802 378 2842 ὲν.

1659 1007 1761 1039 ΟΑΡ.
1788 1006 1820 1039 1.

1643 1099 1688 1127 De
1701 1097 1832 1136 symbolo

1643 1143 1763 1172 Niceno.
