1968 3236
148 387 252 418 CAP.
278 387 409 419 XLIII.

185 442 374 462 ὓ-Ὗῄκ

149 478 195 506 De
204 479 249 512 iis,
255 489 319 517 quae
329 480 366 508 ad
373 489 412 507 re-

144 523 308 559 ceptionem
314 523 344 550 in
353 533 403 560 reg

147 574 220 593 num
244 566 385 594 coelorum

145 612 218 636 sunt
230 610 399 638 neccssaria.

430 244 524 286 444
752 254 822 287 DE
851 255 1108 288 cwi'rA'rE
1136 255 1493 289 cnms'rlANA.

431 363 664 427 cujusque
704 378 826 427 opus
857 361 1172 425 manifestum·
1192 363 1326 424 fiet:
1363 363 1472 411 dies
1503 364 1629 412 enim
1652 364 1711 412 id
1730 365 1816 413 de-

429 438 648 485 clarabit
664 457 682 492 ;
706 454 817 485 nam
836 452 934 500 per
953 437 1117 501 ignem
1140 437 1450 486 revelabitur
1464 458 1481 487 :
1506 446 1557 487 et
1580 441 1816 504 cujusque

429 529 550 577 opus
574 513 722 577 quale
745 512 827 570 sit,
849 512 984 576 ignis
998 511 1245 576 probabit
1263 531 1280 559 .·
1304 513 1351 560 si
1371 515 1510 577 cujus
1533 531 1657 579 opu-s·
1680 533 1815 564 man-

427 589 554 636 serit
576 589 711 652 quod
740 587 1235 652 superoedificaverit,
1260 590 1530 637 mercedem
1560 592 1778 656 accipiet
1795 611 1812 640 .-

426 665 475 711 si
498 666 636 727 cujus
660 681 781 728 opu-s·
801 670 1023 711 exustum
1028 663 1219 728 fuerit,
1241 664 1678 729 damnumfaciet:
1704 667 1815 732 ipse

427 756 542 787 vcro
579 739 876 798 servabitur,
913 739 988 786 ita
1021 745 1182 787 tamen
1218 747 1273 787 ut
1304 757 1407 805 per
1438 741 1616 806 ignem.
1689 743 1813 792 Quae

426 815 575 862 verba
598 831 708 862 cum
738 815 836 862 sint
864 815 1043 877 partim
1080 816 1336 879 perspicua
1373 825 1422 864 et
1459 817 1712 866 intellectu
1741 819 1813 867 fa-

426 890 551 948 cilia,
595 897 643 938 et
684 890 864 953 partim
901 890 1164 953 allegorica
1200 900 1251 939 et
1289 892 1534 948 difficilia;
1571 894 1812 944 concludo

424 981 484 1013 ex
523 966 804 1029 perspicuis,
836 973 1071 1030 pastores,
1098 968 1137 1015 si
1175 967 1551 1016 fundamentum
1589 969 1812 1031 doceant,

424 1057 599 1105 nempe
614 1041 784 1089 Jesum
807 1059 917 1090 9336
940 1042 1206 1102 Christum,
1226 1061 1504 1108 quanquam
1527 1045 1674 1094 falsas
1698 1047 1812 1095 inde

424 1119 796 1181 consequentias
819 1119 1005 1181 aliquas
1025 1119 1286 1179 deducant,
1307 1122 1383 1182 (ut
1405 1121 1684 1170 hominibus
1699 1123 1807 1186 qui—

422 1193 704 1257 buscunque
739 1211 949 1257 pronum
991 1202 1064 1242 est
1105 1198 1307 1258 errare),
1350 1197 1607 1245 salvandos
1643 1205 1811 1247 tamen

422 1285 527 1316 esse
545 1291 556 1325 ;
581 1270 736 1317 multo
754 1271 923 1333 magis.
934 1271 1108 1318 salvari
1126 1288 1268 1334 posse
1287 1273 1394 1320 illos
1410 1273 1492 1335 qui
1513 1289 1571 1321 ea
1585 1273 1808 1334 credunt,

423 1360 533 1407 quae
557 1361 586 1392 a
608 1345 885 1408 pastoribus
921 1346 1019 1393 suis
1055 1346 1285 1409 legitimis
1319 1347 1548 1395 didicere.
1619 1348 1810 1398 Sufficit

424 1435 540 1482 ergo
557 1421 789 1468 articulus
807 1421 886 1468 hic
905 1421 967 1469 ad
985 1422 1207 1480 salutem,
1224 1430 1272 1470 et
1289 1439 1378 1486 per
1396 1439 1715 1487 consequens,
1734 1441 1810 1474 so-

422 1495 496 1542 lus
513 1497 814 1544 necessarius
831 1505 918 1544 est,
977 1497 1123 1545 Quod
1146 1499 1323 1546 attinet
1345 1498 1409 1546 ad
1426 1499 1575 1547 verba
1592 1499 1675 1547 illa
1691 1500 1808 1548 alle-

421 1571 602 1634 gorica,
627 1572 1008 1636 uniuscujusque
1040 1589 1162 1637 opu-s·
1183 1590 1286 1638 per
1311 1574 1476 1638 ignem
1495 1574 1807 1638 probandum

420 1662 545 1705 esse,
570 1654 619 1694 et
642 1646 909 1695 salvandos
935 1665 1058 1708 esse,
1085 1650 1159 1697 ita
1184 1656 1344 1697 tamen
1382 1656 1435 1697 ut
1463 1666 1567 1714 per
1598 1650 1764 1716 ignem
1787 1672 1806 1708 ;

420 1721 647 1769 videntur
665 1723 879 1770 alludere
896 1724 959 1771 ad
977 1725 1126 1772 verba
1144 1726 1396 1788 prophetae
1415 1725 1804 1788 Zachariae,(xiii.

421 1802 467 1854 8,
483 1799 534 1858 9)
551 1816 561 1844 z
578 1798 780 1846 Dictum
804 1799 1020 1859 Jelzovce,
1036 1807 1091 1848 ut
1104 1801 1348 1866 partibus
1373 1801 1564 1849 duabus
1587 1802 1638 1849 in
1662 1807 1806 1850 terra

419 1873 603 1919 eaecisis
623 1880 673 1921 et
697 1874 1060 1938 expirantibuS,
1078 1878 1232 1925 tertia
1252 1877 1561 1941 relinquetur
1581 1877 1632 1925 in
1649 1893 1734 1932 ea,·
1755 1885 1806 1926 et

418 1947 648 1996 inducam
673 1950 874 1997 tertiam
911 1951 1058 1998 istam
1084 1952 1134 1999 in
1159 1952 1341 2017 ignem,
1366 1953 1683 2017 constansque
1705 1970 1804 2013 eos,

422 2028 477 2068 ut
515 2024 760 2084 conflatur
801 2033 1078 2089 argentum,
1106 2027 1339 2091 probabo
1367 2044 1466 2086 303,
1500 2029 1806 2092 quemadmo-

418 2096 529 2144 dum
544 2098 800 2162 probatur
825 2116 1000 2148 aurum
1019 2119 1038 2156 ,·
1064 2109 1114 2149 et
1137 2102 1431 2150 invocabunt
1449 2119 1618 2151 nomen
1637 2120 1804 2163 meum,

417 2179 468 2219 et
491 2190 585 2238 ego
610 2175 874 2222 exaudiam
889 2192 988 2223 eos.
1059 2178 1174 2225 Dies
1194 2178 1367 2241 judicii
1391 2185 1467 2226 est
1490 2178 1592 2227 dies
1611 2179 1805 2228 restitu-

417 2247 561 2295 tionis
596 2250 735 2312 regni
759 2250 882 2305 Dei;
919 2258 967 2298 et
1004 2251 1086 2299 illo
1123 2252 1200 2300 die
1239 2253 1455 2301 futuram
1491 2269 1597 2302 esse
1634 2254 1803 2303 mundi

418 2324 866 2386 conflagrationem,
893 2325 1011 2374 dicit
1037 2327 1085 2374 S.
1107 2328 1296 2386 Petrus,
1315 2335 1344 2376 2
1361 2328 1515 2391 Epist.
1540 2329 1606 2376 iii.
1634 2334 1681 2387 7,
1705 2338 1800 2378 etc.

415 2397 471 2445 In
516 2415 612 2461 qua
645 2401 1025 2464 conflagratione
1067 2403 1297 2465 peribunt
1333 2404 1530 2467 quidem
1574 2405 1799 2468 improbi,

413 2474 587 2536 reliqui
618 2483 797 2534 autem,
823 2492 944 2538 quos
985 2477 1116 2525 Deus
1157 2479 1314 2527 salvos
1350 2495 1453 2527 esse
1476 2479 1595 2538 vult,
1623 2481 1800 2529 transi-

412 2548 536 2597 bunt
555 2566 642 2612 per
664 2551 829 2614 ignem
851 2551 1004 2609 illaesi,
1026 2561 1075 2600 et
1098 2553 1148 2600 in
1173 2570 1230 2601 eo
1255 2554 1383 2617 igne,
1403 2555 1530 2603 sicut
1553 2571 1725 2604 aurum
1749 2563 1801 2604 et

413 2632 686 2686 argentum,
723 2627 1076 2689 probabuntur,
1115 2636 1165 2676 et
1196 2630 1393 2693 purgati
1428 2632 1490 2678 ab
1525 2630 1800 2679 idololatria

414 2714 591 2747 nomen
629 2700 927 2748 invocabunt
958 2701 1049 2749 Dei
1072 2703 1189 2750 veri.
1260 2704 1339 2751 Ad
1375 2705 1481 2753 haec
1504 2706 1654 2754 verba
1676 2705 1799 2754 allu-

413 2772 534 2821 dens
573 2775 619 2822 S.
646 2775 839 2832 Paulus,
864 2776 1008 2834 diem,
1034 2777 1209 2841 inquit,
1240 2779 1291 2826 id
1327 2787 1416 2837 est,
1445 2780 1574 2829 diem
1606 2780 1796 2845 judicii,

413 2846 540 2895 diem
582 2865 813 2913 magnum
858 2851 1180 2900 restitutionis
1220 2854 1358 2917 regni
1399 2855 1507 2914 Dei,
1543 2865 1798 2919 pastorum

411 2921 656 2972 doctrinas
673 2925 993 2987 probaturum
1018 2942 1138 2986 esse,
1155 2944 1217 2975 an
1241 2929 1338 2977 sint
1356 2945 1509 2993 purae,
1525 2939 1582 2979 ut
1605 2947 1797 2991 aurum,

1956 1544 1968 1780 ἒ
