1968 3236
503 248 574 282 nss
595 247 852 282 οινιτΑτΕ
879 246 1234 282 cums‘nANA·
1455 236 1544 279 331

167 359 404 410 naturalis
440 368 530 417 est,
555 375 665 407 cum
703 375 833 407 mors
870 368 921 407 et
960 359 1154 407 miseria
1182 356 1374 423 punitio
1403 356 1552 404 fuerit
1599 376 1803 411 xxxvm,

167 442 495 500 peecatorum,
519 443 576 481 ut
607 435 825 482 remissio
857 443 1167 497 peccatorum
1198 432 1399 482 abolitio
1426 438 1555 479 esset
1573 430 1837 516 „emm

169 510 339 559 mortis
362 519 413 559 et
435 510 754 568 miseriarum,
775 518 823 558 et
847 510 1052 573 proinde
1075 509 1285 568 salvari,
1304 516 1355 556 et
1369 523 1555 573 pecca·
1572 531 1661 560 qum
1679 522 1791 571 tabent
1805 521 1836 569 {n

170 592 226 635 ea
258 586 358 634 siba·
396 586 602 644 remitti,
629 586 799 633 eadem
830 601 909 633 res
945 586 1045 641 εἰη
1080 594 1131 634 et
1157 586 1219 633 ab
1258 585 1351 633 hac
1386 566 1838 643 remis-fflffiizffffl

169 662 305 711 sione
343 670 655 726 peccatorum
693 677 781 725 per
820 669 1025 709 mortem
1068 660 1248 709 Christi
1293 667 1383 718 est,
1424 657 1557 723 quod

171 738 420 787 Christum
437 738 735 801 appellemus
756 737 1075 784 Servatorem
1098 744 1335 784 nostrum.
1608 732 1614 740 “

237 813 312 861 De
334 813 680 861 salvationibus
708 812 1012 875 specialibus,
1044 811 1211 875 quales
1238 818 1353 858 sunt
1378 808 1558 857 intelli-

171 889 347 953 gendae
394 895 411 937 l
444 889 573 936 Sam.
599 888 694 935 xiv.
721 893 800 945 39,
841 886 925 934 ubi
959 886 1091 934 Deus
1131 885 1339 934 salvasse
1379 884 1560 932 dicitur

169 964 413 1012 Israelitas
430 964 491 1011 ab
512 963 730 1011 hostibus
750 963 849 1010 suis
869 961 1126 1010 Philistaeis
1143 981 1155 1016 ;
1174 970 1225 1008 et
1242 966 1271 1008 2
1294 961 1422 1008 Sam.
1441 959 1557 1007 xxii.

170 1045 232 1088 2:
252 1038 493 1086 Dominus
507 1045 661 1101 petra
685 1053 806 1095 mea,
822 1043 872 1083 et
895 1035 1047 1083 robur
1069 1051 1237 1094 meum,
1261 1041 1311 1082 et
1333 1034 1561 1082 salvator

172 1130 323 1168 meus,-
344 1123 393 1162 et
411 1121 440 1162 2
458 1114 579 1176 Reg.
594 1113 694 1160 xiii.
712 1119 763 1160 5:
780 1119 829 1159 et
848 1111 1245 1185 deditjDominus
1259 1109 1560 1157 salvatorem

172 1189 379 1246 Israeli,
402 1196 454 1236 et
481 1189 726 1236 liberatus
749 1195 826 1235 est
849 1187 912 1234 de
935 1202 1079 1234 manu
1102 1186 1245 1250 regis
1270 1185 1474 1249 Syrioe3
1509 1195 1560 1232 et.

172 1265 234 1313 de
271 1265 521 1323 similibus,
546 1272 601 1312 ut
641 1264 811 1326 loquar
848 1278 946 1310 non
981 1270 1055 1310 est
1085 1277 1220 1324 opuS.
1290 1261 1419 1308 Nam
1450 1260 1559 1308 loca

173 1341 295 1397 haec,
310 1357 468 1404 neque
491 1340 674 1388 habeut
697 1338 1048 1395 difficultatem,
1068 1351 1226 1399 neque
1250 1344 1474 1399 spectant
1496 1336 1559 1383 ad

174 1416 452 1464 institutum
476 1423 709 1462 nostrum.

241 1491 339 1539 Sed
361 1491 423 1539 de
447 1491 555 1538 loco
590 1488 868 1537 salvationis
906 1487 1194 1535 universalis
1232 1486 1450 1535 fidelium
1471 1485 1560 1533 ho-

175 1566 360 1615 minum
384 1566 434 1613 in
452 1581 604 1628 regno
624 1564 826 1621 coelesti,
842 1563 1100 1610 difficultas
1118 1577 1297 1625 magua
1315 1569 1405 1609 est.
1430 1561 1555 1609 Cum

174 1641 306 1690 enim
336 1656 541 1704 regnum
565 1639 761 1687 coeleste
785 1638 956 1686 civitas
980 1638 1059 1694 sit,
1091 1638 1152 1685 ab
1175 1637 1454 1685 hominibus
1481 1652 1556 1684 se-

175 1716 398 1765 curitatis
431 1731 578 1763 causa
601 1722 775 1762 contra
796 1714 964 1761 hostes
986 1713 1228 1771 instituta,
1251 1712 1446 1760 videtur
1468 1712 1560 1760 sal-

175 1793 308 1841 vatio
338 1800 511 1840 contra
532 1791 696 1838 hostes
720 1790 896 1838 debere
921 1804 1026 1837 esse
1048 1789 1099 1836 in
1122 1797 1270 1836 terra.
1354 1788 1445 1836 Per
1467 1787 1561 1835 sal-

176 1868 422 1916 vationem
439 1867 569 1915 enim
588 1865 807 1914 innuitur
825 1881 1031 1928 regnum
1053 1864 1182 1912 illius
1201 1864 1330 1927 regis
1350 1863 1559 1912 coelestis

176 1958 267 2007 per
280 1943 550 2001 victoriam,
564 1957 664 1990 non
683 1941 989 1989 incolumitas
1002 1955 1091 2004 per
1103 1940 1287 2003 fugam.
1325 1939 1423 1987 Ubi
1439 1954 1556 2001 ergo

177 2018 383 2067 salutem
401 2018 532 2067 illam
550 2026 876 2082 expectamus,
899 2024 1211 2080 expectamus
1226 2015 1529 2078 triumphum
1546 2034 1559 2067 ;

177 2101 229 2142 et
261 2102 377 2142 ante
409 2094 725 2158 triumphum,
754 2093 1042 2148 victoriam3
1078 2100 1128 2139 et
1151 2099 1265 2139 ante
1287 2090 1559 2147 victoriam,

177 2169 423 2233 praelium;
442 2185 551 2233 quae
565 2186 663 2217 non
678 2169 821 2218 facile
839 2169 1048 2233 supponi
1062 2176 1265 2232 possunt
1278 2167 1444 2215 futura
1457 2181 1561 2212 esse

179 2245 232 2293 in
266 2244 406 2294 ooelo.
475 2244 738 2293 Videamus
762 2253 925 2293 autem
949 2244 1010 2292 de
1042 2243 1134 2291 hac
1156 2258 1210 2290 re
1244 2241 1363 2305 quid
1396 2241 1563 2288 dicant

181 2320 446 2383 Scripturae
461 2320 624 2368 Sacrae
641 2339 652 2366 :
675 2319 785 2367 lsai.
804 2320 971 2367 xxxiii.
987 2322 1163 2368 20-24:
1188 2316 1405 2381 Respice
1419 2315 1560 2374 Zion,

180 2395 430 2444 civitatem
451 2394 782 2443 solemnitatis
803 2401 989 2442 nostroe
1003 2412 1023 2448 ;
1057 2392 1190 2442 oculi
1223 2392 1298 2439 tui
1331 2389 1563 2438 videbunt

180 2470 463 2519 Jerusalem
493 2469 846 2518 habitationem
867 2469 1165 2535 opulentam,
1190 2464 1563 2515 tabernaculum

182 2544 318 2608 quod
326 2561 633 2609 nequaquam
647 2545 925 2609 transferri
930 2545 1126 2608 poterit
1134 2561 1152 2598 ;
1167 2558 1255 2590 nec
1269 2541 1562 2605 auferentur

183 2618 316 2667 clavi
338 2620 445 2682 ejus
467 2619 520 2667 iu
542 2619 907 2684 sempiternum,
931 2626 983 2667 et
1012 2634 1174 2666 omnes
1189 2615 1419 2680 funiculi
1452 2616 1561 2678 ejus

184 2709 279 2741 non
318 2700 622 2757 rumpentur.
695 2694 824 2750 Quia
846 2693 1143 2741 solummodo
1172 2691 1243 2739 ibi
1269 2690 1562 2755 magnificus

185 2774 262 2815 est
277 2766 515 2815 Dominus
531 2774 698 2815 noster
707 2786 726 2823 ‚·
744 2768 880 2816 loeus
880 2768 1150 2830 fluviorum
1161 2785 1179 2820 ,·
1199 2765 1295 2813 rivi
1310 2764 1561 2824 latissimi,

186 2849 236 2890 et
263 2848 505 2907 patentes
524 2861 542 2896 ;
578 2858 670 2891 non
706 2843 943 2892 transibit
968 2859 1070 2908 per
1104 2858 1211 2890 eum
1247 2841 1389 2889 navis
1419 2841 1563 2889 reui-
