1968 3236
382 228 478 271 390
705 239 775 271 DE
805 237 1062 272 clv1TA'rE
1091 237 1449 273 chs'rlANA.

113 371 212 403 CAp,
234 371 348 404 XLu,
380 350 642 397 habuisset.
727 350 1067 397 Successorem
1113 356 1280 397 tamen
1326 367 1468 398 suum
1516 350 1773 414 episcopus

136 426 326 448 fi——f——d

133 466 178 494 De
191 469 333 503 potestate

131 509 332 538 ecelesiastica

384 426 633 473 Romanus
675 442 925 487 nunquam
967 425 1131 488 elegit,
1169 426 1255 473 sed
1290 427 1501 475 civitatis
1537 427 1773 475 Romanae

385 500 647 548 Christiani
672 523 682 555 ;
722 509 774 548 ut
807 501 1119 548 manifestum
1144 510 1218 550 est
1241 518 1300 550 ex
1326 503 1565 551 seditione
1590 511 1700 552 orta
1722 503 1772 550 in

385 577 623 624 electione
660 577 858 624 Damasi
892 593 994 640 prae
1030 577 1226 635 Ursino,
1253 594 1362 641 quae
1394 586 1532 627 tanta
1566 587 1688 637 erat,
1719 587 1773 626 ut

383 652 641 715 praefectus
664 652 815 710 urbiS,
840 668 952 699 cum
987 669 1160 715 pacem
1194 653 1322 701 inter
1353 654 1460 702 illos
1484 670 1773 702 conservare

384 735 584 774 conatus
621 727 804 774 frustra
840 737 981 786 esset,
1007 729 1140 775 exire
1166 745 1191 776 e
1217 729 1414 778 civitate
1450 740 1648 778 coactus
1682 738 1772 789 est,

384 803 554 850 occisis
573 803 623 850 in
642 803 724 850 illa
743 802 985 851 seditione
1000 804 1260 867 plusquam
1279 812 1478 852 centum
1495 805 1774 854 hominibus

384 879 433 925 in
474 879 676 926 ecclesia
714 879 834 942 ipsa.
917 880 981 927 Et
1018 888 1205 943 postea,
1242 897 1520 944 quanquam
1557 881 1774 945 episcopi

385 954 591 1001 Romani
616 955 927 1018 eligerentur,
947 956 1105 1018 primo
1129 972 1159 1003 a
1179 957 1309 1004 clero
1329 957 1570 1015 Romano,
1596 956 1773 1004 deinde

383 1046 411 1076 a
435 1030 788 1085 cardinalibus3
826 1032 887 1078 ab
913 1033 1305 1080 antecessoribus
1341 1041 1508 1080 tamen
1531 1033 1773 1096 episcopis

382 1122 631 1168 nunquam
657 1106 798 1154 electi
824 1116 979 1155 erant.
1053 1108 1298 1157 Quoniam
1323 1124 1439 1171 ergo
1465 1124 1772 1157 successores

382 1197 494 1228 suos
538 1182 793 1244 pontifices
844 1183 1054 1230 Romani
1108 1184 1289 1247 eligere
1340 1201 1439 1232 non
1487 1191 1772 1247 potuerunt,

382 1257 535 1304 multo
567 1258 727 1305 minus
763 1267 966 1321 potuere
1003 1276 1308 1308 successores
1344 1260 1551 1308 aliorum
1585 1260 1774 1324 episco-

380 1348 554 1395 porum
592 1334 908 1393 constituere,
945 1335 1048 1383 sine
1085 1337 1388 1384 authoritate
1422 1337 1483 1384 ab
1524 1336 1607 1384 illo
1644 1335 1774 1384 deri-

380 1416 509 1466 vata,
530 1409 613 1471 qui
637 1410 687 1456 in
711 1410 968 1458 ecclesiam
988 1412 1068 1474 jus
1093 1411 1266 1459 habuit
1290 1411 1580 1475 imperandi,
1605 1411 1657 1460 id
1681 1421 1772 1469 est,

382 1484 483 1531 sine
508 1486 804 1534 authoritate
829 1487 974 1534 civili.

448 1560 702 1619 Minister,
728 1562 897 1610 Graece
921 1562 1132 1622 διάκονος,
1157 1563 1296 1611 illum
1319 1563 1564 1626 significat
1587 1564 1672 1627 qui
1695 1579 1774 1612 τω

381 1635 482 1698 agit
505 1636 715 1684 hominis
735 1638 963 1693 alterius;
1002 1638 1166 1686 differt
1184 1646 1346 1686 autem
1371 1655 1400 1686 a
1423 1655 1563 1687 servo
1586 1639 1638 1687 in
1661 1639 1772 1698 hoc,

383 1711 514 1773 quod
537 1713 663 1759 servi
696 1713 935 1777 imperata
969 1714 1280 1762 dominorum
1303 1714 1466 1762 facere
1491 1714 1773 1778 obligantur

381 1785 485 1849 ipsa
508 1788 754 1836 servitutis
779 1790 1092 1846 conditione;
1129 1791 1339 1838 ministri
1375 1798 1540 1838 autem
1577 1806 1635 1838 eo
1669 1791 1774 1839 solo

382 1862 674 1925 obligantur,
701 1865 833 1926 quod
872 1867 1192 1930 susceperint,
1229 1882 1387 1929 neque
1424 1866 1559 1914 aliud
1593 1867 1772 1926 facere,

382 1954 527 2000 quam
542 1939 674 2001 quod
699 1950 1034 2004 susceperunt,
1051 1943 1346 2006 obligantur.
1416 1942 1588 2005 Itaque
1613 1951 1664 1991 et
1686 1943 1772 2002 illi,

381 2013 464 2075 qui
487 2014 688 2062 verbum
726 2016 815 2063 Dei
840 2017 1126 2079 praedicant,
1153 2026 1202 2066 et
1235 2018 1320 2074 illi,
1347 2018 1430 2081 qui
1454 2018 1674 2067 ecclesiae
1697 2035 1773 2067 se-

380 2089 563 2137 cularia
579 2090 938 2151 administrant,
955 2094 1098 2141 ambo
1118 2094 1331 2142 ministri
1356 2101 1486 2153 sunt,
1506 2094 1593 2143 sed
1616 2095 1772 2144 diver·

380 2179 541 2212 sarum
583 2182 902 2229 personarum
943 2170 1166 2218 ministri.
1252 2171 1477 2218 Pastores
1519 2171 1651 2219 enim
1687 2171 1772 2235 qui

379 2248 617 2288 vocantur
639 2243 771 2303 (Act.
786 2243 851 2290 vi.
870 2245 924 2305 4)
947 2245 1165 2293 ministri
1187 2245 1341 2304 verbi,
1359 2246 1544 2294 Christi
1559 2246 1771 2295 ministri

380 2322 509 2373 sunt,
535 2317 672 2379 cujus
700 2318 903 2365 verbum
940 2320 1241 2382 praedicant:
1279 2322 1366 2370 sed
1407 2322 1644 2370 diaconus
1678 2322 1771 2371 mi-

379 2390 532 2437 nister
555 2402 628 2439 est
653 2392 884 2450 ecclesiae,
910 2402 961 2441 et
989 2395 1310 2445 ministerium
1338 2398 1443 2461 ejus
1466 2398 1598 2459 (Act.
1625 2398 1687 2446 vi.
1712 2399 1767 2459 2)

380 2472 452 2511 est
467 2465 757 2514 ministrare
772 2469 969 2516 mensis,
1014 2470 1185 2534 Itaque
1205 2472 1266 2520 de
1284 2481 1484 2536 pastore
1503 2489 1592 2522 suo
1606 2489 1769 2534 nemo,

378 2554 534 2602 neque
572 2542 778 2590 ecclesia
813 2543 933 2605 ipsa,
969 2544 1132 2594 dicere
1166 2549 1329 2610 potuit
1371 2549 1505 2612 quod
1544 2549 1769 2599 minister

379 2630 493 2662 suus
517 2625 674 2670 esset;
711 2618 795 2665 sed
826 2618 886 2665 de
912 2619 1119 2668 diacono
1145 2630 1355 2681 tantum,
1381 2624 1463 2687 qui
1487 2625 1767 2674 ministrare

378 2691 571 2749 mensis,
589 2692 663 2739 vel
690 2693 993 2751 Christianis,
1031 2711 1142 2743 cum
1162 2697 1382 2747 viverent
1403 2699 1454 2747 in
1473 2715 1769 2765 unaquaque

379 2763 573 2813 civitate
612 2767 671 2814 de
715 2784 766 2815 re
808 2770 1070 2828 communi,
1095 2771 1329 2822 alimenta
1353 2774 1663 2835 distribuere,
1687 2777 1766 2825 vel

377 2837 546 2888 domus
572 2842 842 2892 Dominicae
867 2844 941 2892 vel
967 2846 1183 2896 ecelesiae
1200 2850 1562 2911 possessionum
1591 2867 1760 2901 curam
