1968 3236
154 408 338 439 xxxvn.

160 463 341 484 ——r—2

134 504 176 531 De
190 503 345 535 miraculis,

130 552 157 574 et
171 556 269 574 eorum
285 555 347 573 usn.

398 264 490 306 314
726 272 794 304 DE
824 268 1079 303 CIVITATE
1109 267 1458 301 CHRISTIANA.

397 391 501 431 est:
539 399 676 445 aeque
718 390 879 429 tamen
922 382 1217 443 ignoramus,
1242 380 1485 443 quomodo
1519 379 1569 427 id
1606 379 1657 427 in
1691 380 1776 428 ho-

397 459 525 506 mine
549 467 598 505 et
622 458 754 520 ligno
779 457 908 503 Deus
934 463 1175 518 operetur.

460 535 614 580 Arcus
638 533 821 596 primus
846 532 897 578 in
922 531 1044 578 coelo
1061 546 1314 594 apparens,
1333 531 1622 578 miraculum
1641 538 1774 585 erat;

394 609 505 671 quia
524 607 722 671 primus,
749 606 797 653 id
823 615 909 664 est,
936 606 1158 653 insolitus
1180 627 1190 661 ;
1228 613 1276 653 et
1301 606 1415 669 quia
1447 622 1537 669 pro
1562 606 1701 669 signo
1724 606 1775 653 in

394 684 515 731 coelo
540 699 568 729 a
592 683 695 729 Deo
719 688 941 729 ostensus
961 688 1049 738 est,
1070 681 1133 728 ad
1157 681 1532 743 significandum
1549 697 1648 729 non
1672 697 1775 728 am—

391 759 516 821 plius
541 758 721 805 diluvio
745 758 1020 820 periturum
1045 773 1149 804 esse
1172 756 1425 804 mundum.
1482 757 1664 804 Verum
1688 756 1776 803 ho-

393 835 485 890 die,
511 834 625 895 quia
659 849 800 880 arcus
837 833 1060 880 coelestes
1087 832 1316 879 videntur
1358 848 1502 895 saepe,
1543 831 1778 879 miracula

392 909 572 956 nemini
599 917 726 955 sunt.
782 908 986 965 RurSUS,
1006 924 1155 970 opera
1178 907 1419 955 mirabilia
1436 915 1541 955 arte
1564 907 1779 955 humana

391 985 541 1031 multa
579 984 945 1046 producuntur3
983 983 1098 1046 quia
1132 993 1298 1030 tamen
1343 990 1603 1045 postquam
1646 981 1779 1030 facta

392 1069 520 1118 sunt,
557 1059 800 1122 quomodo
835 1059 966 1106 facta
1001 1067 1116 1105 sunt
1151 1058 1483 1121 intelligimus,
1508 1074 1607 1105 non
1630 1058 1778 1105 habe-

392 1152 498 1182 mus
524 1151 581 1182 ea
603 1151 692 1198 pro
717 1134 978 1181 miraculis.

459 1210 730 1275 Admiratio
755 1209 998 1273 dependet
1031 1209 1319 1272 plerumque
1344 1225 1374 1255 a
1398 1208 1604 1256 scientia
1626 1216 1676 1255 et
1696 1223 1779 1255 ex-

391 1287 631 1350 perientia
654 1287 924 1344 hominum,
945 1286 1016 1332 ita
1038 1292 1094 1332 ut
1117 1285 1200 1332 alii
1223 1284 1464 1342 videatur,
1486 1283 1619 1345 quod
1641 1283 1778 1342 vidit,

392 1362 692 1420 miraculum,
718 1362 799 1409 alii
822 1378 923 1410 non
946 1361 1186 1408 videatur.
1260 1361 1432 1422 Itaque
1452 1359 1674 1407 homines
1691 1359 1780 1406 im-

390 1439 535 1501 periti
561 1446 610 1486 et
646 1438 970 1502 superstitiosi
993 1453 1082 1500 pro
1107 1437 1295 1500 magnis
1320 1434 1577 1483 miraculis
1599 1434 1780 1482 habere

391 1514 548 1562 solent
583 1530 654 1572 ea,
680 1531 788 1577 quae
811 1514 955 1577 periti
991 1513 1219 1575 doctique
1254 1511 1454 1560 omnino
1478 1527 1578 1558 non
1602 1510 1781 1558 miran-

392 1598 486 1637 tur.
560 1583 776 1653 Eclipses
802 1589 916 1637 solis
941 1597 990 1636 et
1013 1588 1142 1636 lunae
1175 1603 1264 1651 pro
1301 1587 1528 1650 operibus
1552 1601 1781 1648 superna-

391 1666 627 1713 turalibus
652 1682 681 1712 a
703 1666 849 1729 vulgo
886 1665 1066 1712 habitae
1101 1663 1348 1726 quondam
1393 1671 1537 1715 sunt;
1575 1677 1780 1725 quarum

392 1758 560 1789 causas
586 1741 831 1789 naturales
849 1741 980 1788 docti
998 1739 1090 1787 viri
1109 1738 1458 1801 intelligentes,
1476 1754 1557 1785 eas
1574 1737 1783 1800 praedix-

391 1825 546 1865 erunt.
603 1817 765 1864 Etiam
789 1817 1012 1864 homines
1038 1814 1201 1863 callidi
1224 1813 1354 1860 inter
1379 1830 1429 1860 se
1445 1812 1781 1871 confoederati,

395 1900 605 1940 secretas
631 1892 847 1940 actiones
873 1892 1055 1940 incauti
1081 1898 1131 1938 et
1149 1890 1362 1953 imperiti
1377 1889 1587 1937 hominis
1612 1889 1782 1952 exqui-

392 1977 568 2027 rentes,
595 1968 888 2031 easdemque
924 1967 1016 2031 ipsi
1038 1974 1152 2030 post
1187 1972 1456 2022 narrantes,
1482 1980 1673 2027 magnae
1696 1964 1784 2012 ad-

392 2043 637 2091 mirationi
668 2044 886 2102 fuerunt,
912 2060 1024 2091 cum
1049 2042 1205 2090 cautis
1227 2041 1646 2105 prudentibusque
1670 2041 1784 2088 viris

392 2134 489 2165 non
515 2126 616 2166 tam
644 2120 786 2167 facile
811 2120 1062 2183 imponere
1086 2117 1371 2181 potuissent.

459 2194 536 2241 Ad
560 2203 781 2242 naturam
811 2194 1042 2242 miraculi
1076 2194 1223 2242 etiam
1255 2193 1483 2256 pertinet,
1507 2201 1564 2240 ut
1596 2207 1654 2240 eo
1682 2193 1780 2239 fine

392 2269 574 2317 factum
616 2271 692 2327 sit,
716 2279 771 2318 ut
807 2271 1014 2329 nunciis,
1040 2270 1291 2327 ministris,
1316 2276 1363 2316 et
1396 2267 1648 2331 prophetis
1689 2266 1779 2315 Dei

391 2345 511 2392 fides
548 2346 679 2408 apud
713 2346 947 2409 populum
971 2346 1224 2401 habeatur,
1250 2344 1467 2406 sciatque
1491 2342 1603 2390 inde
1626 2358 1781 2405 popu-

392 2420 465 2467 lus
491 2421 662 2469 missos
687 2421 794 2468 illos
820 2437 922 2468 esse
947 2438 976 2468 a
1000 2422 1119 2469 Deo.
1192 2421 1364 2483 Itaque
1390 2418 1569 2467 creatio
1594 2417 1779 2474 mundi,

392 2502 441 2541 et
464 2505 634 2557 postea
666 2496 901 2543 diluvium
927 2496 1212 2553 universale,
1242 2493 1600 2542 mirabilissima
1633 2507 1782 2556 opera

394 2579 562 2624 erant;
612 2571 841 2633 quoniam
878 2578 1041 2618 tamen
1077 2587 1176 2619 non
1212 2587 1270 2618 eo
1303 2571 1401 2618 fine
1442 2585 1472 2618 a
1507 2569 1610 2616 Deo
1650 2568 1782 2616 faeta

394 2653 548 2703 erant,
587 2655 643 2693 ut
677 2645 901 2692 ministro
937 2661 1023 2692 suo
1069 2646 1216 2693 fidem
1261 2646 1494 2702 facerent,
1535 2643 1780 2691 vafrae-ula

394 2721 625 2782 appellari
664 2737 761 2768 non
799 2721 973 2768 solent.
1046 2721 1142 2768 Sed
1179 2737 1328 2784 opera
1363 2720 1454 2768 Dei
1489 2719 1539 2767 in
1567 2718 1781 2782 AEgypto

396 2810 481 2856 per
520 2796 722 2853 Mosem,
758 2795 1002 2842 miracula
1050 2804 1219 2850 erant;
1261 2805 1522 2859 propterea
1557 2793 1690 2858 quod
1724 2808 1782 2842 eo

397 2869 490 2915 fine
536 2869 665 2917 facta
710 2878 839 2927 sunt,
882 2877 934 2917 ut
972 2869 1191 2917 crederet
1232 2871 1440 2934 populus
1488 2869 1782 2918 Israeliticus
