1910 3236
639 235 709 268 DE
738 236 980 271 noMlNss.
1438 229 1501 270 43

119 356 197 399 est
210 356 393 414 praeter
414 354 599 395 motum
615 355 777 395 ortum
796 349 857 395 ab
876 349 1067 396 actione
1082 348 1403 412 obJectorum‚
1420 349 1504 411 qui
1556 371 1660 403 eff,
1676 371 1740 403 v1,

119 433 283 475 tamen
306 423 372 472 ad
392 423 565 480 visum,
582 421 669 470 lux
693 431 742 470 et
767 423 904 470 color
921 443 938 478 ,·
973 424 1037 471 ad
1060 423 1298 482 auditum,
1321 439 1470 471 sonus
1484 442 1503 478 ,·
1518 424 1742 494 ῡθᾜ

118 500 184 550 αἱ
200 499 452 556 olfactum,
470 498 613 556 odor,
629 506 747 546 etc.:
773 499 843 546 ita
860 488 1046 563 objecti*
1058 500 1203 558 actio,
1219 499 1505 548 continuata
1516 475 1638 537 inte-guis
1650 476 1746 558 {fom-

118 575 184 624 ad
196 574 379 633 0811103,
397 589 554 631 aureS,
570 573 762 637 aliaque
778 589 1005 622 sensuum
1021 591 1221 638 organa,
1236 575 1358 623 nihil
1373 574 1506 622 aliud
1517 552 1682 586 '‘fimum'’
1694 557 1747 581 ‘w'

117 658 195 700 est
231 656 413 715 praeter
451 654 624 696 motum
660 648 738 695 vel
776 657 1015 708 conatum,
1062 650 1407 698 consistentem
1452 650 1505 698 in

118 725 342 792 appetitu
370 724 448 773 vel
482 723 602 787 fuga
636 724 831 786 objecti.
899 725 1153 788 Apparitio
1184 734 1350 773 tamen
1373 725 1504 773 illius

118 810 283 852 motus
324 800 410 849 illa
448 807 524 847 est
560 815 670 862 quae
692 808 897 847 vocatur
931 808 1015 848 aut
1048 800 1279 866 voluptas
1301 809 1388 849 aut
1408 816 1507 848 mo-

119 877 271 928 lestia
295 875 463 925 animi.
1064 878 1069 881 '

186 951 433 1002 Quoniam
455 958 623 998 autem
659 958 821 997 motus
845 949 941 1006 hic,
964 957 1166 1013 propter
1187 950 1506 1014 voluptatem,

118 1027 313 1078 videtur
335 1042 439 1075 aese
456 1034 620 1074 motus
642 1024 805 1072 vitalis
828 1024 1051 1087 adjutor;
1092 1040 1151 1073 ea
1180 1041 1290 1089 quae
1316 1033 1506 1074 motum

117 1103 251 1152 hunc
264 1101 482 1151 efficiunt
493 1100 662 1149 vocari
680 1099 854 1159 solent,
869 1115 962 1147 nec
979 1099 1259 1163 improprie,
1277 1101 1507 1148 nimirum

119 1194 151 1227 a
166 1177 400 1248 juvando,
421 1176 651 1240 jucunda
670 1194 689 1231 ;
725 1183 774 1223 et
805 1191 974 1223 eorum
997 1177 1257 1235 contraria,
1283 1176 1506 1224 molesta.

118 1253 401 1304 Jucundum
418 1268 535 1316 ergo
558 1260 634 1300 ost
650 1267 909 1317 apparens
925 1252 1109 1299 bonum
1128 1271 1139 1298 :
1176 1260 1227 1299 et
1249 1252 1506 1300 molestum

120 1345 379 1395 apparens
395 1327 593 1376 malum.
642 1327 814 1390 Itaque
831 1326 1076 1390 appetitus
1094 1326 1252 1374 omnis
1275 1342 1508 1389 amorque

120 1405 411 1469 conjunctus
446 1410 521 1452 est
556 1419 668 1451 cum
690 1402 943 1466 voluptate
965 1402 1158 1466 aliqua;
1194 1409 1246 1450 et
1268 1401 1435 1451 odium
1458 1408 1509 1449 et

119 1480 255 1545 fuga,
279 1496 392 1528 cum
415 1478 640 1527 molestia
661 1478 838 1541 aliqua.

186 1556 506 1620 Voluptatum
542 1554 649 1603 aliae
689 1555 751 1602 ab
783 1553 964 1617 objecti
995 1553 1250 1616 praesentis
1283 1552 1507 1600 sensione

120 1631 360 1690 oriuntur,
376 1647 487 1695 quae
504 1630 672 1678 vocari
692 1636 900 1694 possunt
917 1628 1200 1694 voluptates
1222 1626 1479 1676 sensuales
1488 1645 1506 1681 ;
1519 1603 1717 1695 3530}
1729 1656 1775 1696 *5*

121 1722 232 1771 quae
251 1723 365 1766 vox,
388 1714 653 1770 antequam
688 1706 797 1770 lege
834 1704 1237 1763 condemnentur,
1260 1703 1383 1751 nihil
1406 1691 1645 1750 cul-¹¹¹¹'¹⁸¹²⁵
1665 1699 1762 1718 “mm

120 1782 281 1846 pabile
319 1781 674 1845 consignificat.
751 1781 914 1845 Hujus
948 1780 1143 1844 generis
1183 1787 1298 1827 sunt
1337 1794 1508 1827 onera-

119 1859 279 1908 tiones
300 1865 352 1907 et
373 1858 743 1907 exonerationoe
766 1856 1015 1920 corporis;
1051 1854 1285 1919 quicquid
1307 1854 1429 1902 item
1445 1853 1510 1901 ad

121 1935 295 1994 visum,
329 1934 567 1993 auditum,
602 1933 852 1992 olfactum,
887 1939 1100 1996 gustum,
1124 1931 1203 1979 vel
1227 1938 1414 1978 tactum
1433 1931 1510 1992 ju-

122 2010 337 2058 cundum
350 2017 440 2058 oet.
509 2009 634 2057 Aliae
651 2009 714 2057 ab
733 2008 1070 2072 expectatione
1094 2007 1333 2065 oriuntur,
1354 2004 1405 2052 id
1420 2012 1508 2062 est,

121 2101 155 2134 a
188 2085 476 2150 praevisione
511 2085 684 2132 finium
714 2084 791 2132 vel
830 2082 1288 2146 consequentiarum
1328 2096 1508 2137 rerum,

124 2161 225 2209 sive
257 2160 343 2208 illa
377 2160 442 2208 ad
476 2175 672 2208 sensum
707 2158 927 2223 jucunda
963 2158 1063 2206 sive
1097 2155 1365 2221 injucunda
1395 2155 1508 2202 sint.

124 2235 288 2300 Atque
323 2235 473 2284 animi
507 2236 786 2299 voluptates
820 2235 897 2282 hae
931 2241 1046 2281 sunt
1078 2233 1188 2291 illis,
1222 2232 1305 2294 qui
1340 2245 1509 2278 conse-

29 2316 35 2326 *
125 2310 349 2375 quentias
371 2310 478 2359 illas
495 2310 797 2374 praevident;
821 2316 1154 2372 vocanturque
1173 2323 1272 2355 uno
1295 2305 1675 2363 nomine,c.u‹nu.„.

26 2399 42 2402 ·’
121 2386 380 2452 gaudium.
465 2386 713 2444 Similiter,
753 2385 1085 2434 molestiarum
1124 2383 1232 2431 aliae
1277 2382 1328 2429 in
1364 2396 1509 2428 sensu

120 2468 256 2525 sunt,
293 2470 627 2525 vocanturque
660 2460 860 2509 dolores
899 2458 1119 2522 corporis
1139 2479 1152 2513 ;
1188 2457 1295 2505 aliae
1332 2456 1383 2503 in
1427 2470 1509 2502 ex-

124 2537 418 2600 pectatione,
442 2545 492 2585 et
513 2536 822 2600 appellantur
845 2535 1043 2584 dolores
1065 2532 1231 2581 animi.

194 2611 446 2660 Passiones
462 2619 627 2660 autem
641 2612 748 2660 istae
762 2610 1021 2674 simplices,
1029 2606 1303 2673 appetitus,
1311 2603 1507 2668 cupido,

127 2702 281 2745 amor,
306 2687 519 2746 aversio,
544 2687 724 2746 odium,
740 2685 999 2751 gaudium,
1018 2691 1067 2731 et
1082 2681 1242 2739 dolor,
1260 2696 1291 2727 a
1308 2678 1510 2727 diversis

128 2761 596 2810 considerationibus
614 2761 905 2825 quandoque
922 2759 1172 2807 variantur
1188 2756 1336 2803 etiam
1354 2754 1509 2802 uomi-

128 2836 286 2885 nibus.
357 2837 426 2886 Ut
447 2837 622 2900 primo,
643 2844 790 2901 prout
811 2835 1040 2884 videntur
1061 2832 1168 2882 aliae
1189 2831 1296 2880 aliis
1320 2845 1510 2878 succos-
