1968 3236
406 275 503 318 316
732 284 800 317 DE
829 284 1086 318 οινῐΤΑΤΕ
1115 285 1469 320 οΗΒιεΤιΑΝΑ.

158 414 340 449 xxxvn,
404 395 683 442 mirabatur
700 402 919 459 propter
945 395 1347 444 incredulitatem
1379 413 1560 444 eorum.
1634 394 1791 454 Absit,

143 470 355 543 Dm,
403 479 458 518 ut
481 479 705 534 putemus
728 471 946 533 potentia
970 472 1211 528 caruisse;
1248 481 1332 521 aut
1354 474 1503 520 finem
1527 470 1792 519 miraculo-

139 555 167 578 τί
181 561 280 579 e⁰¹⁰¹¹¹
295 562 360 580 usu·
402 564 506 594 rum
525 547 673 594 alium
690 547 852 603 fuisse,
868 564 1013 609 quam
1033 556 1317 596 convertere
1335 547 1626 596 incredulos.
1661 546 1791 594 Nam

402 638 508 684 quae
540 622 761 669 fecerunt
796 622 1027 670 miracula
1064 623 1226 671 Moses
1251 631 1301 671 et
1323 625 1591 688 prophetae,
1615 630 1665 671 et
1687 623 1792 686 ipse

402 698 621 745 Christus
657 705 706 745 et
740 698 963 761 Apostoli
999 700 1119 762 ejus,
1155 700 1377 747 homines
1425 700 1489 748 ad
1533 698 1790 747 eeclesiam

400 773 698 836 aggregandi
722 790 868 822 causa
892 775 1058 823 omnia
1086 775 1325 823 fecerunt.
1397 775 1530 824 Quid
1570 790 1687 838 ergo
1716 773 1790 821 di-

400 848 608 896 cendum
651 856 739 907 est,
781 850 873 898 nisi
910 851 1043 913 quod
1080 851 1310 899 Servator
1345 858 1526 908 noster,
1549 851 1726 898 missus
1761 865 1792 897 a

400 924 555 983 Patre,
579 925 801 987 potentia
828 942 857 973 a
894 926 1036 974 Patre
1074 927 1189 974 data
1217 927 1359 974 aliter
1391 927 1465 975 uti
1487 942 1587 974 non
1610 925 1790 989 potuit,

399 1017 543 1062 quam
567 1001 630 1048 ad
662 1002 1033 1050 conversionem
1062 1018 1233 1050 eorum
1267 1009 1460 1051 tantum
1496 1018 1616 1066 quos
1646 1002 1791 1049 Pater

396 1076 498 1137 ejus
522 1092 622 1124 non
646 1077 1007 1140 reprobaverat.
1046 1078 1193 1127 Quod
1215 1078 1379 1126 locum
1401 1078 1536 1125 hune
1559 1077 1608 1125 S.
1625 1076 1787 1124 Marci

395 1159 692 1213 exponentes
712 1152 1050 1216 quidam,poni
1073 1153 1244 1200 dieunt
1260 1170 1353 1200 non
1364 1159 1574 1217 poterat
1594 1168 1789 1215 pronon

393 1226 564 1284 voluit,
590 1244 689 1275 non
723 1229 999 1276 necessario
1034 1229 1085 1276 id
1118 1228 1325 1287 faciunt,
1349 1235 1400 1275 et
1435 1228 1540 1275 sine
1567 1226 1790 1290 exemplo

392 1302 571 1365 linguae
609 1303 806 1350 Graecae.
889 1304 965 1352 Ab
1004 1304 1096 1362 his,
1133 1320 1242 1367 quae
1272 1305 1375 1367 jam
1412 1303 1545 1351 dicta
1578 1310 1692 1351 sunt
1727 1303 1789 1351 de

393 1385 569 1425 natura
609 1378 854 1438 miraculi,
897 1379 1092 1427 definiri
1136 1387 1299 1442 potest
1344 1378 1638 1426 miraculum
1683 1394 1789 1428 esse

395 1469 517 1516 opus
536 1454 651 1512 Dei,
659 1461 859 1519 proeter
883 1455 1222 1519 operationem
1245 1461 1441 1502 naturoe
1460 1454 1511 1501 in
1535 1454 1790 1502 creatione

396 1529 693 1588 ordinatam,
719 1546 774 1577 eo
793 1531 907 1592 fine
923 1530 1148 1594 factum,
1172 1536 1227 1578 ut
1251 1535 1608 1594 cognoscerent
1640 1528 1790 1577 electi

396 1605 618 1652 nuncium
653 1622 684 1652 a
722 1607 831 1653 Deo
869 1605 1332 1654 extraordinarium
1373 1604 1446 1652 ad
1482 1620 1565 1651 eos
1605 1603 1789 1653 salutis

398 1694 561 1726 eorum
582 1697 734 1727 causa
757 1681 953 1729 missum
978 1696 1102 1728 esse.

462 1754 538 1801 Ab
570 1755 661 1803 hae
693 1764 853 1804 autem
892 1757 1176 1805 definitione
1206 1755 1473 1812 inferimus,
1497 1755 1672 1818 primo,
1697 1754 1787 1802 mi-

394 1829 615 1876 raculum
648 1846 747 1878 non
779 1847 883 1879 esse
907 1833 1135 1880 effectum
1158 1831 1355 1879 virtutis
1378 1830 1582 1893 alicujus
1605 1829 1656 1878 in
1680 1830 1788 1894 ipso

394 1905 647 1967 propheta,
673 1907 735 1953 ad
773 1908 909 1970 eujus
947 1909 1149 1956 verbum
1189 1907 1375 1955 factum
1413 1914 1503 1964 est,
1537 1905 1623 1954 sed
1663 1921 1787 1969 opus

395 1979 485 2026 Dei
510 1979 856 2029 immediatum.

461 2055 702 2112 Secundo,
721 2073 876 2120 neque
896 2059 1159 2117 diabolum,
1179 2073 1338 2122 neque
1357 2057 1604 2120 angelum,
1623 2072 1785 2120 neque

392 2129 615 2191 spiritum
656 2139 871 2179 creatum
913 2149 1250 2196 quemcunque
1288 2132 1579 2180 miraculum
1615 2131 1783 2180 faeere

391 2221 547 2268 posse.
618 2205 743 2253 Nam
791 2224 947 2271 neque
994 2209 1033 2256 si
1079 2209 1262 2256 virtute
1304 2207 1541 2256 naturalis
1578 2207 1784 2271 alicujus

392 2280 606 2328 scientiae
641 2281 691 2328 id
724 2282 925 2342 faciunt,
951 2301 1108 2348 neque
1139 2284 1178 2332 si
1212 2284 1566 2342 incantatione,
1590 2291 1676 2330 aut
1699 2298 1783 2330 ex-

391 2357 687 2414 eantatione‚
727 2357 778 2404 id
817 2367 904 2417 est,
945 2361 1125 2407 virtute
1171 2361 1448 2418 verborum,
1491 2357 1783 2406 miraculum

392 2432 654 2480 dicendum
677 2442 765 2481 est.
838 2435 888 2482 Si
906 2436 1104 2498 propria
1126 2436 1348 2498 potentia
1370 2435 1421 2482 id
1443 2435 1603 2482 facere
1626 2433 1783 2497 possit

390 2508 684 2566 incantator,
707 2510 931 2571 potentia
970 2511 1131 2573 aliqua
1167 2519 1310 2569 esset,
1334 2526 1443 2575 quae
1478 2526 1507 2558 a
1539 2510 1643 2557 Deo
1680 2524 1782 2556 non

391 2582 718 2645 dependeret;
755 2584 884 2646 quod
919 2601 1085 2633 omnes
1114 2594 1310 2649 negant.
1383 2586 1468 2634 Sin
1503 2584 1727 2649 potentia
1752 2600 1783 2633 a

392 2658 496 2705 Deo
532 2658 647 2706 data
681 2659 1066 2707 extraordinaria
1101 2661 1262 2720 faeiat,
1288 2660 1577 2710 miraculum
1610 2676 1779 2708 eorum

392 2749 488 2781 non
513 2741 601 2791 est,
626 2734 712 2781 sed
736 2734 827 2782 Dei
849 2734 1033 2783 factum
1059 2736 1408 2785 immediatum.

457 2809 582 2855 Sunt
606 2809 869 2872 Scripturae
908 2810 1070 2858 Saorae
1094 2811 1201 2858 loca
1223 2812 1400 2875 aliqua,
1425 2828 1534 2875 quae
1561 2811 1778 2860 miracu-

390 2882 543 2930 lorum
564 2885 897 2947 operationem
916 2886 1181 2934 attribuere
1199 2887 1425 2936 videntur
1449 2886 1778 2936 incantation-
