1968 3236
692 222 762 254 nn
791 222 1066 256 civi'rA‘rE.
1478 209 1570 252 143

183 350 245 384 ex
273 341 421 393 coetu,
445 349 702 397 personam
732 333 1004 381 naturalem
1042 347 1177 387 esse;
1214 338 1265 379 et
1290 346 1571 395 quanquam

183 410 235 459 in
259 426 467 474 persona
489 426 578 457 sua
601 410 800 473 politica
823 410 1011 457 civitati
1046 408 1257 467 studeat,
1282 423 1381 455 non
1404 415 1570 454 tamen

183 486 295 535 ideo
329 486 392 535 ad
421 502 524 533 rem
547 486 836 534 familiarem
870 502 1023 543 suam,
1061 493 1112 532 et
1146 492 1486 547 cognatorum,
1522 490 1572 529 et

185 562 452 611 amicorum
474 562 635 609 minus
660 562 922 625 respicere;
948 570 998 609 et
1015 560 1295 623 saepissime,
1315 559 1354 606 si
1380 557 1570 606 contin-

1608 352 1710 385 CAP.
1731 350 1831 384 xlx,

1629 406 1819 429 *qd

1593 448 1637 476 De
1650 448 1805 482 generibus

1591 492 1742 520 civitatum
1757 499 1809 528 per

1590 535 1811 566 institutionem.

1590 582 1619 606 et
1642 577 1678 606 de
1700 586 1811 605 succes-

1590 622 1671 650 sione
1691 621 1728 649 ad
1742 630 1817 648 nurn-

184 645 271 702 gat
292 638 474 685 bonum
498 637 746 700 publicum
778 653 890 684 cum
923 637 1115 700 privato
1150 651 1248 683 non
1285 650 1570 698 congruere,
1589 674 1666 693 mm
1677 667 1855 702 pomum,

184 713 429 778 privatum
448 713 643 775 publico
668 712 927 760 anteferre.
998 711 1127 759 Nam
1144 710 1391 776 passiones
1415 709 1573 757 homi-

184 804 304 838 num
340 788 530 835 ratione
569 788 855 851 plerumque
892 787 1119 834 fortiores
1157 794 1287 834 sunt.
1359 784 1570 835 Quando

184 879 304 928 ergo
326 864 512 912 bonum
535 864 785 927 publicum
820 872 870 911 et
903 863 1150 926 privatum
1173 862 1444 910 arctissime
1467 861 1574 909 uni-

183 945 349 997 untur,
373 946 493 986 tunc
517 938 727 985 maxime
761 946 1055 1002 procuratur
1084 937 1270 985 bonum
1305 936 1570 1000 publicum.

186 1014 246 1063 In
269 1014 556 1062 monarchia
579 1021 745 1061 autem
768 1014 952 1061 bonum
975 1012 1227 1076 publicum
1252 1019 1302 1060 et
1325 1011 1571 1075 privatum

185 1089 317 1138 idem
352 1097 441 1136 est.
525 1089 674 1151 Regis
699 1088 829 1136 enim
853 1088 1053 1146 divitiae,
1078 1087 1315 1151 potentia,
1341 1095 1392 1134 et
1414 1087 1574 1135 honor

186 1181 218 1214 a
251 1165 437 1213 viribus
469 1171 519 1211 et
559 1164 916 1211 existimatione
962 1163 1142 1210 civium
1181 1162 1572 1226 proficiscuntur.

188 1241 319 1289 Nam
341 1256 443 1297 rex,
463 1240 603 1303 cujus
628 1239 811 1287 subditi
835 1254 1089 1302 paupereS,
1126 1237 1324 1296 debiles,
1348 1245 1433 1286 aut
1454 1238 1575 1287 viles

187 1323 317 1374 sunt,
343 1331 500 1378 neque
538 1314 687 1373 diveS,
723 1330 881 1377 neque
919 1329 1139 1376 magnuS,
1181 1329 1341 1377 neque
1378 1329 1577 1362 securus

187 1406 292 1439 oese
318 1397 497 1454 potest.
574 1390 631 1436 In
667 1389 967 1436 democratia
1000 1396 1166 1436 autem
1199 1389 1383 1436 bonum
1417 1390 1576 1452 publi-

187 1482 301 1515 cum
323 1466 484 1513 minus
507 1464 770 1528 aliquando
805 1464 1018 1512 hominis
1053 1464 1278 1528 improbi,
1315 1465 1465 1523 avari,
1501 1465 1579 1512 vel

187 1541 433 1592 ambitiosi
472 1541 603 1588 bono
640 1541 832 1604 privato
873 1539 1088 1603 expedit,
1130 1556 1278 1603 quam
1319 1540 1578 1588 consilium

189 1616 450 1683 perfidum,
475 1617 606 1665 actio
630 1615 916 1680 proditoria,
940 1615 1019 1663 vel
1039 1615 1223 1663 bellum
1248 1615 1403 1664 civile.

257 1693 501 1751 Secundo,
524 1692 793 1740 monarcha
817 1707 977 1755 quem,
1001 1691 1213 1755 quando,
1227 1691 1312 1739 ubi
1331 1692 1438 1739 vult
1460 1708 1578 1740 con-

189 1769 322 1819 sulit.
359 1769 532 1831 Itaque
551 1783 736 1825 eorum,
755 1766 908 1830 quiin
927 1782 980 1814 re
1001 1766 1062 1814 de
1086 1782 1183 1830 qua
1206 1767 1446 1815 deliberat
1468 1783 1576 1815 ver-

191 1844 420 1894 satissimi
456 1851 587 1901 sunt,
621 1842 972 1906 qualiscunque
995 1842 1093 1891 sint
1115 1842 1318 1901 ordinis,
1338 1843 1442 1890 sine
1464 1842 1579 1891 fuco

192 1920 423 1978 oratorio,
446 1926 561 1967 ante
592 1918 864 1981 exequendi
888 1926 1098 1982 tempus,
1124 1927 1364 1982 quantum
1386 1918 1507 1977 vult,
1531 1925 1582 1966 et

191 2003 381 2045 secreto
405 1995 610 2043 consilia
632 1994 802 2043 audire
824 2002 1004 2058 potest.
1074 1994 1221 2043 Coetu
1254 2002 1461 2052 sautem,
1496 1994 1581 2042 ubi

193 2071 397 2120 consilio
433 2086 557 2135 opus
593 2078 683 2129 est,
708 2070 1009 2119 consiliarios
1033 2070 1193 2119 nullos
1229 2078 1369 2118 extra
1404 2085 1581 2133 corpus

195 2161 338 2195 suum
362 2146 543 2195 habere
566 2154 746 2210 potest,
785 2162 995 2209 quorum
1022 2146 1237 2194 maxima
1266 2161 1380 2209 pars
1416 2161 1581 2192 rerum

197 2221 412 2271 civilium
443 2221 657 2286 imperiti
694 2229 836 2277 sunt;
873 2221 1054 2280 caeteri,
1079 2238 1192 2270 cum
1215 2228 1433 2269 oratores
1465 2219 1579 2277 sint,

199 2296 500 2346 orationibus
523 2303 609 2345 aut
630 2295 813 2344 fucosis
836 2304 922 2345 aut
944 2297 1108 2360 inepte
1133 2297 1292 2345 doctis
1315 2295 1582 2343 sententias

199 2371 434 2431 dicentes,
471 2372 719 2420 civitatem
754 2380 839 2420 aut
875 2373 1077 2421 turbant
1113 2381 1198 2420 aut
1234 2371 1356 2419 nihil
1390 2372 1580 2433 juvant.

199 2446 375 2511 Neque
405 2447 604 2496 omnino
629 2448 779 2495 coetui
802 2448 1057 2496 hominum
1080 2447 1283 2502 consilii,
1307 2444 1439 2509 quod
1462 2445 1583 2492 taci-

199 2530 307 2571 tum
345 2538 451 2571 mse
486 2523 701 2587 expedit,
732 2524 972 2587 capiendi,
995 2531 1197 2587 propter
1219 2519 1582 2569 multitudinem

200 2606 393 2661 tempus
416 2604 502 2646 aut
518 2598 655 2647 locus
673 2607 764 2647 est.

266 2673 451 2731 Terti0‚
468 2674 845 2723 monarchamm
863 2674 1061 2722 decreta
1073 2671 1452 2720 inconstantiam
1475 2671 1583 2719 nul-

201 2749 300 2797 lam
334 2748 519 2796 habent
555 2757 736 2812 praeter
773 2766 896 2808 eam,
938 2765 1049 2813 quae
1094 2756 1319 2795 naturam
1365 2746 1584 2810 sequitur

201 2823 494 2880 humanam;
529 2823 615 2873 sed
636 2824 689 2872 in
707 2824 916 2873 coetibus
939 2822 1129 2871 accedit
1144 2820 1472 2869 inconstantia
1487 2820 1584 2869 alia
