1910 3236
87 375 189 406 CAP.
206 375 308 407 XIII.

105 430 292 450 »ῆν-ὀ

66 476 111 504 De
125 476 289 504 conditione

65 520 178 556 generis
191 519 321 553 humani,

64 566 206 599 quantum
220 563 322 591 attinet

66 605 103 634 ad
116 606 280 635 felicitatem

65 650 215 686 praesentis
228 650 302 678 vitae.

354 231 443 274 102
868 242 938 275 DE
968 242 1211 275 HOMINE.

348 352 543 415 prietas,
568 352 755 399 nullum
778 367 940 399 meum
959 359 1044 399 aut
1066 364 1221 411 tuum,
1241 354 1327 401 sed
1343 362 1400 402 ut
1423 354 1544 402 illud
1566 355 1734 402 unius-

349 429 584 491 cujusque
600 428 678 484 sit,
695 427 825 490 quod
843 427 1113 490 acquisivit,
1130 435 1180 476 et
1195 429 1426 492 quamdiu
1445 446 1733 478 conservare

385 511 525 552 otest.

350 521 382 567 p
416 580 578 642 Atque
602 579 707 625 haec
732 577 974 625 sufficiant
989 577 1120 626 dicta
1143 578 1203 626 de
1219 580 1498 628 conditione
1521 581 1734 629 humana

349 671 481 703 mere
503 653 743 708 naturali3
780 670 810 700 a
833 669 930 716 qua
951 661 1115 700 tamen
1138 655 1316 717 partim
1340 671 1369 703 a
1392 657 1596 715 ratione,
1620 673 1733 720 par-

347 732 434 779 tim
459 731 605 778 etiam
629 746 658 777 a
679 729 986 792 passionibus
1010 730 1206 777 liberari
1229 732 1404 793 potuit.

413 807 666 855 Passiones
681 805 855 868 quibus
878 805 1099 853 homines
1123 805 1186 852 ad
1207 822 1379 869 pacem
1403 807 1604 871 perduci
1620 823 1732 870 pos-

346 890 474 941 sunt,
517 889 630 929 sunt
671 888 843 936 metus,
894 880 1164 943 praesertim
1205 896 1320 929 vero
1363 891 1520 930 metus
1560 883 1732 930 mortis

346 957 586 1015 violentae,
604 964 654 1004 et
677 956 917 1019 cupiditas
941 972 1104 1004 rerum
1129 957 1192 1004 ad
1214 957 1338 1006 bene
1361 958 1622 1007 vivendum
1646 974 1732 1007 ne-

346 1031 681 1088 cessariarum,
700 1040 750 1079 et
774 1047 882 1094 spes
905 1047 993 1095 per
1016 1031 1306 1080 industriam
1329 1034 1436 1082 illas
1461 1034 1731 1082 obtinendi.

344 1109 481 1156 Pacis
505 1116 670 1156 autem
694 1107 926 1155 articulos
952 1108 1187 1171 quosdam
1211 1111 1429 1173 suggerit
1454 1111 1596 1170 ratio,
1622 1127 1733 1174 quae

343 1185 475 1247 leges
507 1193 620 1232 sunt
657 1184 931 1238 naturales3
969 1183 1029 1231 de
1067 1184 1242 1246 quibus
1265 1185 1417 1234 fusius
1441 1186 1657 1235 dicemus
1680 1186 1733 1235 in

346 1261 533 1308 duobus
558 1259 797 1323 capitibus
821 1259 1042 1322 proxime
1067 1261 1397 1323 sequentibus.

848 1471 1062 1519 CAPUT
1097 1471 1230 1520 XIV.

425 1578 486 1610 DE
513 1578 695 1609 DUABUS
720 1578 880 1609 PRIMIS
907 1579 1101 1610 LEGIBUS
1126 1578 1468 1621 NATURALJBUS,
1494 1579 1554 1611 ET
1578 1580 1639 1612 DE

854 1645 1223 1677 CONTRACTIBUS.

340 1714 367 1760 J
375 1727 440 1761 us
466 1713 688 1760 naturale
713 1721 786 1761 est
815 1713 1032 1772 libertas,
1058 1729 1203 1776 quam
1227 1714 1375 1762 habet
1397 1715 1730 1779 unusquisque

340 1788 561 1851 potentia
584 1804 670 1836 sua
693 1788 755 1835 ad
779 1795 968 1836 naturae
991 1804 1091 1837 suae
1107 1790 1527 1838 conservationem
1546 1806 1635 1838 suo
1650 1807 1728 1839 ar-

339 1863 487 1912 bitrio
506 1864 690 1922 utendi,
716 1871 766 1911 et
788 1880 876 1927 per
909 1880 1208 1927 consequens
1235 1865 1318 1913 illa
1341 1866 1518 1925 omnia,
1536 1882 1644 1929 quae
1668 1883 1728 1915 eo

340 1939 635 1987 videbuntur
658 1939 874 1998 tendere,
899 1939 1123 1987 faciendi.

408 2015 499 2063 Per
520 2015 793 2062 libertatem
825 2014 1043 2078 intelligo
1081 2015 1152 2076 (id
1176 2015 1310 2078 quod
1333 2031 1391 2063 ea
1411 2032 1507 2064 vox
1529 2017 1728 2080 proprie

341 2090 603 2154 significat)
627 2098 937 2138 externorum
958 2091 1415 2154 impedimentorum
1439 2093 1725 2141 absentiam.

407 2167 475 2214 At
496 2166 575 2214 lex
596 2166 832 2214 naturalis
855 2175 1155 2230 praeceptum
1179 2175 1253 2215 est
1270 2167 1368 2215 sive
1392 2169 1563 2231 regula
1578 2185 1726 2232 gene-

342 2242 455 2290 ralis
489 2242 679 2290 ratione
711 2242 1001 2306 excogitata,
1028 2259 1124 2306 qua
1147 2243 1480 2307 unusquisque
1504 2244 1570 2302 id,
1595 2245 1727 2309 quod

341 2317 405 2366 ad
428 2317 659 2366 damnum
674 2334 813 2366 suum
831 2318 921 2366 sibi
942 2318 1142 2367 tendere
1155 2319 1416 2378 videbitur,
1434 2320 1595 2368 facere
1612 2337 1726 2385 pro-

339 2394 550 2442 hibetur.
602 2394 709 2442 Etsi
726 2401 889 2442 autem
908 2395 1156 2443 vocabulis
1167 2395 1258 2457 jus
1276 2401 1326 2442 et
1349 2395 1432 2442 lex
1449 2396 1726 2459 promiscue

339 2485 671 2533 saepenumero
695 2476 898 2518 utantur
915 2471 1191 2534 scriptores,
1209 2471 1441 2535 distingui
1463 2480 1629 2522 tamen
1643 2473 1726 2522 de-

337 2545 470 2593 bent.
542 2545 778 2593 Consistit
801 2545 930 2593 enim
956 2547 1048 2608 jus
1076 2546 1126 2593 in
1150 2545 1359 2594 faciendi
1382 2548 1459 2595 vel
1483 2564 1582 2597 non
1603 2548 1724 2598 faci-

339 2620 452 2668 endi
474 2620 729 2675 libertate;
766 2620 853 2669 sed
875 2620 957 2668 lex
982 2620 1045 2670 ad
1066 2620 1343 2670 faciendum
1362 2623 1547 2687 obligat
1559 2625 1638 2673 vel
1659 2624 1724 2674 ad

338 2712 437 2744 non
460 2696 751 2744 faciendum.
822 2696 993 2760 Itaque
1024 2697 1104 2760 jus
1142 2705 1194 2744 et
1229 2697 1307 2744 lex
1332 2697 1563 2748 differunt
1584 2708 1642 2749 ut
1663 2700 1722 2749 li-

337 2771 502 2820 bertas
523 2778 572 2820 et
596 2771 844 2836 obligati0,
870 2788 979 2835 quae
1002 2772 1132 2821 circa
1156 2773 1359 2822 eandem
1383 2790 1487 2823 rem
1511 2783 1625 2825 sunt
1647 2776 1721 2825 in-

339 2848 674 2896 consistentes.
