1910 3236
671 250 739 283 DE
768 249 1005 283 1101111111.
1434 234 1522 276 115

151 359 283 408 aliud
306 359 580 407 actionibus
604 360 841 407 attributa
877 358 1164 422 significant.
1235 354 1527 403 Hominibus
1577 377 1613 407 c
1612 376 1677 408 ῃ»
1696 375 1773 408 xv

151 434 389 483 attributa
402 450 583 482 morem
601 451 630 481 v
634 435 677 482 el
695 435 916 483 habitum
930 434 1220 496 significant,
1228 439 1284 479 ut
1298 431 1526 478 virtutem
1580 428 1769 506 W

152 518 239 559 aut
260 510 448 558 vitium.
519 510 599 557 Sic
635 511 796 568 homo,
834 511 910 558 cui
946 517 1173 557 constans
1209 514 1284 555 est
1306 506 1529 554 voluntas
1585 519 1681 542 uatum
1680 513 1782 542 nuliis·

147 586 230 649 jus
247 601 387 633 suum
410 585 668 648 unicuique
691 585 952 643 tribuendi,
973 585 1062 632 etsi
1081 584 1296 631 actiones
1319 583 1421 645 ejus
1444 581 1530 629 ali-

153 660 347 724 qnando
367 660 560 724 injustae
578 660 774 719 fuerint,
795 661 894 724 ipse
914 669 1076 708 tamen
1091 660 1250 722 justus
1273 665 1362 716 est,
1386 656 1531 705 modo

149 736 390 801 justitiam
435 745 581 793 amet,
619 737 696 784 vel
732 736 861 799 quod
895 736 1071 799 injuste
1105 734 1302 791 fecerat,
1338 733 1526 780 etiamsi

155 811 282 860 clam
315 811 392 870 sit,
435 811 536 874 ipse
572 811 785 869 damnet,
817 811 1001 859 factum
1036 810 1174 867 nolit,
1210 809 1456 864 damnum,
1492 808 1533 855 si

155 886 286 951 quod
299 887 482 935 factum
498 889 576 944 sit,
596 887 826 935 resarciat
846 896 1079 950 quantum
1095 893 1269 948 potest.
1320 884 1534 946 Injustus

155 970 327 1011 contra
349 971 438 1021 est,
463 963 544 1026 qui
563 962 803 1026 justitiam
826 962 1045 1025 negligit,
1071 960 1162 1008 etsi
1186 966 1317 1007 metu
1338 959 1415 1006 vel
1441 958 1536 1006 alia

156 1053 303 1087 causa
320 1038 515 1086 sinistra
537 1039 718 1086 nemini
736 1054 949 1101 unquam
968 1037 1193 1101 injuriam
1215 1035 1423 1083 fecisset.
1478 1033 1535 1081 Id

156 1113 288 1177 quod
305 1115 543 1178 justitiam
567 1130 732 1162 veram
755 1122 803 1161 et
824 1114 983 1161 facere
1007 1120 1056 1160 et
1079 1110 1277 1159 condire
1301 1110 1438 1168 solet,
1464 1117 1537 1158 est

157 1189 307 1237 animi
325 1190 625 1253 generositas
650 1189 888 1252 quaedam,
912 1188 1171 1251 quicquam
1186 1185 1347 1233 fraudi
1364 1194 1412 1232 et
1428 1200 1537 1248 per-

157 1264 287 1313 fidiae
310 1265 476 1313 deberi
499 1265 821 1328 dedignantis.
888 1263 1099 1311 Justitiae
1134 1268 1295 1308 autem
1320 1261 1538 1308 actiones

159 1339 474 1388 denominant
506 1340 768 1398 hominem,
791 1355 888 1387 non
917 1340 1124 1400 justum,
1149 1335 1234 1383 sed
1269 1336 1537 1389 insontem,-

158 1423 214 1464 ut
237 1423 408 1464 contra
429 1416 678 1479 injustitiae
695 1415 926 1473 actiones,
950 1412 1002 1460 id
1018 1420 1093 1461 est
1115 1411 1320 1476 injuriae,
1344 1427 1449 1459 11011
1467 1411 1541 1459 in-

147 1492 357 1555 justum,
382 1490 468 1539 sed
490 1498 692 1539 sontem.

226 1566 482 1625 Praeterea,
501 1566 738 1630 injustitia
755 1565 965 1613 hominis
983 1571 1058 1612 est
1071 1563 1220 1611 animi
1237 1562 1300 1610 ad
1314 1561 1539 1625 injuriam

158 1641 432 1690 faciendam
446 1642 640 1690 habitus
642 1642 898 1705 ,injustum
911 1640 1094 1688 faciens
1109 1639 1257 1687 etiam
1266 1646 1380 1686 ante
1396 1653 1540 1700 quam

159 1715 290 1766 faeta
311 1718 375 1765 sit
396 1717 571 1781 injuria
604 1726 802 1781 propter
824 1716 1125 1764 voluntatem
1147 1713 1372 1763 faciendi.
1444 1712 1541 1761 Sed

161 1791 401 1856 injustitia
432 1793 638 1841 actionis
671 1808 929 1856 personam
961 1791 1173 1854 aliquam
1207 1790 1430 1837 affectam
1467 1788 1540 1835 in-

0 1862 17 1939 i
157 1867 289 1932 juria
320 1869 562 1932 supponit,
593 1883 767 1932 nempe
801 1867 952 1925 illum,
988 1866 1185 1930 quicum
1219 1871 1416 1928 pactum
1450 1870 1539 1911 est.

164 1943 333 2008 Itaque
356 1944 598 2008 contingit
620 1943 914 2008 aliquando
901 1942 1128 2006 mjuriam
1151 1941 1289 1999 alius,
1309 1940 1541 1988 damnum

164 2019 296 2083 quod
317 2020 379 2068 ab
403 2020 579 2083 injuria
601 2027 690 2078 est,
708 2019 829 2067 alius
850 2018 998 2073 facit:
1034 2024 1088 2065 ut
1106 2016 1300 2080 quando
1319 2014 1543 2063 dominus

165 2094 378 2162 debitam
401 2094 546 2142 alicui
569 2095 754 2142 solvere
777 2093 1035 2157 pecuniam
1057 2108 1251 2140 servum
1269 2090 1484 2154 jusserit,
1504 2089 1544 2136 si

166 2185 331 2219 servus
345 2186 444 2218 non
461 2170 648 2229 fecerit,
662 2169 842 2233 injuria
860 2184 969 2231 quae
984 2167 1212 2216 creditori
1228 2167 1285 2214 fit
1303 2183 1333 2214 a
1347 2165 1543 2213 domino

167 2251 256 2305 est,
280 2261 387 2309 quae
412 2246 610 2294 domino
631 2246 689 2293 fit
710 2262 741 2293 a
771 2260 910 2292 servo
933 2251 1008 2291 est
1028 2264 1040 2298 ;
1075 2259 1174 2290 11011
1198 2242 1327 2290 enim
1362 2255 1544 2296 servus,

167 2320 255 2369 sed
276 2320 500 2370 dominus
531 2337 643 2370 cum
666 2320 909 2368 creditore
931 2326 1103 2382 pactus
1139 2324 1225 2365 est.
1297 2315 1544 2372 Similiter,

169 2394 221 2444 in
238 2403 370 2444 statu
389 2396 533 2455 civili,
559 2396 725 2444 debita
746 2395 836 2443 sibi
858 2394 1105 2442 remittere
1127 2392 1347 2440 homines
1369 2389 1547 2454 privati

170 2479 401 2535 poseium
436 2471 522 2520 sed
560 2471 815 2520 latrocinia
847 2486 946 2518 non
980 2469 1115 2526 item,
1140 2467 1253 2530 quia
1275 2474 1388 2514 sunt
1412 2464 1548 2528 quasi

173 2545 338 2595 debita
358 2547 568 2611 publica,
591 2547 663 2595 ita
683 2554 740 2594 ut
761 2546 950 2610 injuriae
972 2545 1115 2592 factae
1138 2543 1234 2591 sint
1257 2541 1458 2589 civitati.

240 2621 388 2671 Quod
403 2622 586 2671 volenti
607 2623 681 2680 fit,
700 2622 878 2685 injuria
898 2636 997 2669 non
1012 2627 1100 2667 est.
1171 2618 1298 2665 Nam
1321 2615 1414 2664 nisi
1436 2629 1550 2678 pac-

174 2705 282 2744 tum
303 2697 368 2746 sit
388 2705 445 2746 ut
467 2713 565 2745 non
585 2696 784 2756 faceret,
808 2695 984 2760 injuria
1016 2710 1119 2743 esse
1142 2709 1242 2741 11011
1277 2698 1442 2755 potest
1462 2710 1474 2744 ;
1510 2689 1550 2737 si

87 2816 91 2819 ,
174 2779 372 2835 pactum
394 2773 473 2831 sit,
497 2772 684 2820 tollitur
721 2771 951 2835 obligatio
986 2785 1075 2834 per
1096 2768 1397 2816 voluntatem
1430 2763 1552 2812 obli-

174 2846 353 2910 gantis,
378 2847 429 2895 id
451 2854 524 2895 est
546 2847 666 2910 ejus,
691 2846 886 2909 quicum
908 2854 1106 2909 pactum
1129 2852 1216 2891 est.

1329 2931 1346 2963 1
1371 2933 1391 2963 2
