1968 3236
660 281 730 314 DE
758 281 1029 315 mvn-Are.
1436 270 1534 322 257

163 398 215 440 et
253 390 386 455 quod
415 392 568 455 majus
603 401 690 450 est,
728 400 1004 440 sanctorum
1045 392 1189 441 fidem
1221 393 1530 441 concusserit.
1565 414 1814 447 eAffixxxn

167 466 325 524 Quam
356 466 505 514 bonus
541 466 711 514 Israel
743 467 896 526 Deus,
921 468 1077 531 inquit
1110 468 1361 516 Psalmista
1388 468 1532 528 (Psal.
1590 468 1775 547 W

162 541 295 601 lxxii,
319 548 358 600 1,
377 549 423 599 2,
444 544 494 602 3)
517 542 594 589 his
608 543 692 607 qui
712 550 848 590 recto
866 550 978 590 sunt
996 544 1158 592 corde.
1247 543 1356 591 Mei
1374 549 1535 590 autem
1595 551 1793 582 Dvimttmli

155 634 290 683 pene
329 618 446 665 moti
485 624 597 665 sunt
629 619 805 682 pedm,
829 636 961 683 pene
1003 620 1148 682 effusi
1182 626 1294 667 sunt
1326 634 1536 684 gre-esus

163 693 290 741 mei:
323 693 443 758 qnia
481 693 638 740 zelavi
669 709 821 758 super
853 694 1061 758 iniquo-9,
1095 711 1272 759 pacem
1301 699 1536 758 peccato-

163 782 272 816 rum
294 768 478 816 videns.
526 769 685 815 Etiam
707 769 734 816 J
740 770 817 826 ob,
837 785 947 816 cum
967 769 1069 816 Deo
1094 785 1239 832 quam
1259 768 1435 817 acriter
1458 784 1538 816 ex-

164 843 392 908 postulat,
410 843 540 907 quod
558 845 717 907 justus
741 844 950 892 existens
975 852 1074 892 tam
1101 845 1311 908 graviter
1334 843 1539 891 afflictus

162 918 342 967 fuerit!
425 919 756 968 Quaestionem
797 926 957 967 autem
991 919 1051 967 de
1084 919 1399 983 quaerimonia
1424 918 1538 967 Jobi

162 994 346 1043 decidit
378 995 524 1052 Deus,
548 1011 645 1042 non
681 995 978 1058 argumentis
1012 1011 1041 1042 a
1075 1004 1275 1058 peccato
1312 996 1429 1058 ejus,
1454 994 1539 1042 sed

164 1070 226 1119 ab
254 1070 608 1133 omnipotentia
642 1086 728 1117 sua
763 1070 1005 1118 derivatis.
1076 1070 1198 1118 Cum
1233 1070 1361 1118 enim
1396 1070 1539 1118 amici

161 1145 257 1195 Job
288 1146 349 1193 ab
380 1145 717 1192 afflictionibus
748 1145 810 1193 ad
842 1153 1043 1208 peccata
1074 1154 1360 1209 argumenta
1382 1161 1539 1194 sume-

166 1229 291 1278 rent,
321 1220 400 1268 ille
434 1229 595 1268 autem
630 1221 690 1268 ab
726 1220 995 1276 innocenti!
1035 1237 1121 1268 sua
1155 1237 1206 1269 se
1241 1221 1538 1279 defenderet,

167 1296 299 1344 Deus
314 1297 430 1359 ipse,
440 1296 727 1343 sententiam
742 1297 1234 1354 laturus‚afflictiones
1249 1297 1353 1345 illas
1368 1298 1427 1345 ab
1436 1314 1539 1344 om—

167 1371 440 1436 nipotentia
463 1387 548 1419 sua
573 1372 918 1434 comprobavit,
950 1371 1172 1430 dicendo,
1199 1373 1310 1431 (Job
1343 1372 1540 1431 xxxviii,

166 1449 245 1507 4):
279 1446 376 1494 Ubi
389 1462 505 1494 eras
530 1453 596 1504 tu,
621 1447 815 1510 quando
831 1446 1075 1511 ponebam
1081 1447 1420 1511 fiandamenta
1440 1454 1541 1495 ter-

166 1538 267 1577 νας
316 1522 516 1585 aliisque
550 1522 782 1570 similibus
816 1539 845 1570 a
877 1523 1098 1586 potentia
1131 1522 1289 1571 ductis
1323 1523 1537 1578 utend03

0 1599 20 1661 ξ
165 1597 458 1660 tandemque
495 1596 824 1646 defensionem
864 1598 1057 1661 quidem
1095 1599 1207 1646 Jobi
1252 1598 1544 1655 confutavit,

165 1672 495 1721 innocentiam
518 1688 632 1720 vero
656 1674 957 1737 approbavit,
977 1674 1343 1737 doctrinamque
1362 1674 1543 1722 amico-

1 1708 26 1804 ἓ
167 1763 275 1796 rum
299 1749 403 1811 ejus
424 1763 678 1796 erroneam
701 1749 1054 1797 condemnavit.
1124 1750 1285 1813 Atque
1302 1766 1413 1797 cum
1438 1766 1545 1798 sen-

166 1823 322 1872 tentia
344 1824 435 1871 hac
459 1823 550 1871 Dei
574 1824 799 1887 congruit
831 1824 1099 1872 Servatoris
1127 1825 1282 1872 nostri
1306 1826 1547 1873 sententia

169 1898 231 1947 de
251 1898 446 1947 homine
461 1906 576 1947 nato
593 1915 743 1958 coeco,
766 1899 842 1948 his
859 1900 1035 1959 verbis,
1055 1900 1103 1961 (J
1107 1900 1250 1948 ohan.
1266 1900 1331 1959 ix,
1352 1903 1399 1962 3)
1416 1919 1426 1947 :
1447 1901 1547 1948 Ne·-

166 1989 264 2039 que
276 1974 511 2039 peccavit
533 1974 628 2032 hic,
652 1991 807 2038 neque
823 1982 1006 2039 patres
1030 1977 1137 2038 ejus
1153 1994 1171 2030 ;
1206 1976 1300 2023 sed
1320 1982 1371 2023 ut
1389 1993 1546 2041 opera

169 2048 271 2098 Dei
287 2049 742 2114 manifestarentur.
774 2051 1066 2111 Quanquam
1081 2059 1244 2099 autem
1264 2051 1447 2099 dictum
1467 2052 1543 2109 sit,

170 2123 390 2173 intrasse
408 2125 458 2172 in
481 2125 702 2173 mundum
725 2133 925 2174 mortem
934 2143 1035 2190 per
1050 2134 1312 2191 peccatum
1328 2145 1346 2181 ;
1382 2127 1431 2174 id
1456 2135 1543 2183 est,

170 2199 265 2248 nisi
285 2208 533 2264 peccasset
556 2200 728 2258 Adam,
751 2217 880 2249 mors
902 2217 1002 2249 non
1025 2202 1225 2257 fuisset;
1263 2218 1362 2249 non
1381 2210 1542 2249 tamen

171 2274 285 2323 inde
308 2275 540 2338 sequitur,
565 2275 696 2339 quod
719 2276 849 2324 Deus
873 2276 1008 2324 illum
1037 2278 1167 2340 juste
1199 2278 1411 2340 affligere
1446 2293 1543 2324 non

171 2350 423 2414 potuisset,
460 2351 554 2398 nisi
597 2359 845 2414 peccasset
866 2373 878 2407 ;
932 2353 1056 2400 sicut
1099 2362 1277 2401 caetera
1322 2352 1546 2400 animalia

170 2426 359 2490 affligit,
383 2443 491 2490 quae
513 2442 714 2490 peccare
736 2444 835 2475 non
850 2437 1066 2491 possunt.

239 2501 463 2550 Proximo
487 2502 594 2550 loco
618 2503 1021 2551 considerandum
1037 2504 1185 2560 venit,
1203 2518 1423 2566 quaenam
1448 2502 1546 2548 sint

170 2574 305 2639 {eges
329 2575 423 2624 illae
446 2576 635 2635 divinae,
661 2593 769 2640 quae
793 2577 854 2625 ad
879 2578 1036 2625 officia
1057 2578 1307 2625 hominum
1326 2583 1546 2639 spectant

174 2658 376 2706 mutua;
411 2660 462 2698 et
484 2667 591 2715 quae
623 2653 720 2701 sint
750 2653 859 2711 illae,
884 2669 994 2716 quae
1020 2660 1241 2716 spectant
1267 2652 1329 2700 ad
1364 2651 1546 2699 cultum

178 2725 269 2773 Dei
282 2726 568 2774 naturalem.
637 2727 825 2776 Priores
843 2728 937 2776 illae
955 2737 1068 2776 sunt
1088 2728 1147 2775 de
1167 2728 1339 2790 quibus
1363 2726 1548 2773 dictum

175 2808 251 2849 est
267 2800 507 2862 capitibus
527 2816 627 2848 xlv
647 2810 698 2850 et
721 2817 814 2851 xv.
890 2802 1308 2851 Considerandum
1332 2817 1448 2865 ergo
1473 2817 1548 2848 re-

176 2882 291 2934 stat,
316 2890 424 2938 quae
459 2874 555 2923 sint
589 2877 821 2925 naturalis
843 2878 1057 2936 rationis,
1081 2878 1260 2940 absque
1283 2877 1377 2924 alio
1401 2877 1548 2924 verbo

314 2964 439 2998 v01..
461 2964 545 2997 111.
1391 2966 1416 2999 s
