1968 3236
409 271 502 314 342
735 278 804 310 DE
831 272 1086 309 CIVITATE
1114 269 1466 304 cnmsTIANA.

163 414 265 445 CM),
283 413 357 445 XL,
411 389 645 443 Vitulum‚
679 403 821 450 quem
855 383 1024 444 (Exod.
1050 381 1198 429 xxxii.
1225 382 1274 443 3)
1313 381 1496 429 fecerat
1519 381 1698 438 Aaron,
1730 379 1782 427 in

150 468 377 538 „mi
414 466 576 528 ignem
618 465 759 523 (vers.
801 462 882 522 20)
918 457 1127 521 conjecit
1164 457 1343 504 MoseS.
1426 457 1692 514 Postremo,
1730 455 1782 502 in

150 520 263 580 DeiJin
289 518 378 579 Affi
415 539 739 589 controversia
762 537 821 583 de
845 533 1139 583 authoritate
1159 531 1363 579 Aaronis
1380 540 1514 579 mota
1532 532 1592 578 ab
1608 532 1711 594 ejus
1735 537 1783 577 et

150 595 378 666 ἔᾚξῖῑεᾚῖἷὲ.
415 616 583 664 Mariae
615 620 784 661 contra
815 612 1004 658 Mosem
1035 608 1315 664 rebellione,
1340 608 1470 655 Deus
1493 608 1594 670 ipse
1617 606 1782 667 (Num.

152 682 378 762 gi‘ffissuffaeffi}
415 692 495 738 xii.
522 692 571 750 8)
604 690 682 751 jus
715 685 984 750 imperandi
1022 683 1318 746 adjudicavit
1341 683 1483 730 Mosi.
1552 682 1712 730 Etiam
1733 681 1785 728 in

416 765 678 828 quaestione
704 763 762 810 de
788 763 897 825 jure
927 759 1118 823 imperii
1149 759 1275 806 inter
1298 759 1488 806 Mosem
1511 766 1561 806 et
1584 772 1786 821 congre-

413 842 675 904 gationem,
703 855 798 901 quo
834 845 1053 899 tempore
1079 834 1253 893 Corah,
1279 834 1488 892 Dathan,
1513 842 1562 881 et
1585 833 1787 888 Abiron,

414 933 522 964 cum
569 914 791 963 ducentis
847 910 1201 975 quinquaginta
1255 909 1423 972 populi
1472 908 1786 972 principibus,

414 1000 585 1040 contra
609 991 795 1037 Mosem
825 997 874 1036 et
898 988 1142 1035 Aaronem
1179 985 1592 1048 conspiraverunt,
1618 984 1787 1046 (Num.

413 1068 506 1115 xvi.
543 1067 593 1127 3)
637 1066 973 1126 dixeruntque,
1016 1061 1234 1123 Svffciat
1275 1059 1429 1118 nobis,
1470 1060 1590 1124 quia
1636 1059 1789 1106 omnis

414 1141 672 1190 multitudo
715 1146 996 1187 sanctorum
1031 1143 1122 1194 est,
1161 1142 1212 1182 et
1253 1135 1302 1182 in
1339 1135 1465 1199 ipsis
1501 1141 1576 1182 est
1618 1133 1790 1182 Domi-

414 1233 517 1264 nus.
572 1215 674 1262 Cur
699 1213 957 1262 elevamini
980 1227 1132 1276 Super
1146 1210 1386 1275 populum
1409 1208 1651 1257 Domini?
1673 1208 1791 1257 fecit

415 1294 559 1350 DeUS,
583 1300 639 1339 ut
663 1298 794 1338 terra
820 1289 999 1348 Corah,
1031 1288 1241 1345 Dathan,
1266 1294 1314 1334 et
1338 1287 1540 1345 Abiron,
1567 1301 1677 1333 cum
1702 1301 1790 1332 ux-

416 1368 577 1414 oribus
613 1374 660 1414 et
690 1365 801 1413 filiis
831 1365 965 1412 vivos
1001 1363 1311 1418 absorberet;
1355 1362 1590 1410 ducentos
1626 1367 1790 1409 autem

417 1450 464 1490 et
510 1441 861 1505 quinquaginta
906 1440 1013 1488 illos
1058 1454 1284 1502 proceres
1324 1436 1622 1500 consumpsit
1659 1436 1789 1500 igne.

418 1518 588 1580 Neque
629 1533 745 1579 ergo
785 1519 965 1574 Aaron,
989 1529 1145 1577 neque
1169 1513 1391 1576 populus,
1418 1528 1577 1575 neque
1600 1527 1661 1559 ex
1682 1527 1792 1575 pro-

418 1597 606 1644 ceribus
636 1595 955 1653 aristocratia,
989 1591 1245 1656 imperium
1278 1606 1518 1638 summum
1554 1599 1670 1638 tunc
1704 1589 1791 1637 ha-

418 1674 584 1729 buere,
609 1670 693 1718 sed
717 1671 845 1718 solus
869 1670 1032 1716 Moses
1052 1685 1064 1722 ;
1099 1667 1247 1730 idque
1272 1682 1370 1714 non
1396 1665 1549 1713 solum
1574 1666 1624 1713 in
1647 1665 1792 1713 rebus

420 1747 654 1807 civilibuS,
696 1746 781 1794 sed
816 1746 963 1793 etiam
996 1745 1046 1791 in
1082 1743 1226 1790 rebus
1250 1741 1440 1789 divinis.
1510 1740 1793 1789 Notandum

420 1823 565 1870 etiam
589 1830 662 1869 est
690 1821 821 1885 quod
848 1821 956 1879 illis,
982 1819 1066 1883 qui
1099 1826 1449 1882 praesumerent
1488 1817 1538 1864 in
1577 1825 1793 1865 montem

423 1897 570 1952 Sinai,
595 1897 645 1943 in
670 1913 764 1959 quo
789 1896 920 1944 Deus
953 1911 1065 1942 cum
1096 1894 1233 1941 Mose
1263 1893 1568 1955 colloquutus
1600 1900 1688 1951 est,
1717 1907 1771 1940 as

422 1972 641 2029 cendere,
667 1988 862 2035 poenam
893 1977 1131 2019 statuerat
1153 1970 1283 2017 Deus
1306 1977 1527 2016 mortem.
1601 1967 1794 2016 Consti-

422 2054 543 2106 tueS,
568 2048 684 2095 dicit
716 2048 847 2095 Deus
875 2047 1049 2109 (Exod.
1074 2046 1170 2093 xix.
1203 2047 1301 2106 12),
1339 2045 1571 2092 termino-s·
1602 2042 1795 2108 populo

414 2139 513 2186 per
538 2123 809 2181 circuitum,
841 2130 891 2171 et
922 2123 1058 2170 dice-s·
1089 2121 1161 2169 ad
1181 2137 1263 2168 eos
1283 2139 1300 2168 .·
1337 2126 1518 2179 cavete,
1542 2136 1602 2167 ne
1625 2135 1795 2167 ascen-

424 2198 558 2245 datis
583 2198 632 2245 in
657 2205 875 2257 montem,
899 2215 989 2245 nec
1013 2196 1239 2261 tangatis
1245 2197 1382 2258 fines
1419 2195 1556 2243 illius
1574 2213 1593 2249 ;
1627 2194 1799 2257 omnis,-

424 2273 508 2335 qui
528 2273 756 2337 tetigerit
792 2279 1010 2330 montem,
1034 2278 1189 2319 morte
1213 2270 1464 2319 morietur.
1532 2271 1596 2318 Et
1631 2284 1798 2317 rursus

429 2350 571 2407 (vers.
597 2350 714 2409 21):
752 2347 1025 2404 Descende,
1063 2353 1112 2394 et
1150 2352 1429 2394 contestare
1459 2344 1713 2410 populum,
1737 2361 1798 2393 ne

406 2423 556 2486 forte
602 2423 720 2470 velit
767 2422 1121 2470 transcendere
1166 2422 1395 2469 terminos
1434 2421 1507 2469 ad
1540 2420 1796 2469 videndum

429 2498 697 2556 Dominum,
714 2503 764 2545 et
775 2504 962 2562 pereat
987 2514 1048 2545 ex
1072 2498 1144 2544 eis
1158 2497 1381 2561 plurima
1401 2496 1675 2545 multituda.
1723 2496 1796 2543 Ex

428 2573 600 2634 quibus
622 2572 780 2620 verbis
805 2572 1029 2619 concludi
1051 2579 1228 2635 potest,
1252 2572 1403 2630 illum,
1424 2573 1506 2635 qui
1528 2571 1580 2619 in
1603 2571 1798 2619 civitate

428 2647 702 2695 Christiana
724 2647 885 2695 locum
903 2647 1050 2694 habet
1073 2647 1239 2705 Mosis,
1261 2648 1415 2695 solum
1438 2663 1542 2696 esse
1565 2647 1798 2695 nuncium

427 2738 456 2768 a
494 2722 611 2781 Deo,
636 2731 685 2770 et
727 2722 1067 2770 mandatorum
1113 2723 1216 2786 ejus
1263 2723 1417 2771 solum
1453 2723 1797 2787 interpretem;

428 2811 599 2859 neque,
638 2798 686 2845 in
727 2798 1126 2860 interpretatione
1168 2798 1433 2861 Scripturae
1481 2799 1659 2858 Sacrae,
1696 2797 1799 2846 cui-

430 2886 573 2932 quam
597 2872 739 2919 licere
762 2872 993 2920 terminos
1017 2873 1356 2921 transcendere
1384 2889 1414 2921 a
1436 2889 1622 2922 summo
1646 2873 1798 2937 impe-
