1968 3236
396 235 489 279 204
893 245 963 279 DE
991 243 1260 278 οινῙΤΑΤΕ.

129 376 229 407 CAP.
246 357 557 414 xxv1.fuerit‚
580 356 720 404 bonis
757 357 853 403 suis
891 358 1113 405 omnibus
1151 358 1482 415 mulctaretur,
1506 356 1646 404 bonis
1670 355 1770 403 suis
1848 420 1851 422 Β

151 431 338 507 M
398 439 571 480 exutus
595 439 683 478 est.
756 432 1171 479 Consuetudinem
1208 432 1334 480 hanc
1370 446 1770 495 quorumcunque

153 514 295 542 civilibus·
397 518 445 555 et
463 514 773 570 quotcunque
788 507 1080 569 praejudiciis
1095 507 1200 554 fieri
1220 507 1377 570 legem
1391 506 1606 570 potuisse
1624 521 1767 569 nego.

394 583 573 630 Puniri
601 582 729 629 enim
762 582 1060 629 innocentem
1091 589 1225 629 vetat
1261 582 1339 629 lex
1373 589 1562 629 naturae
1585 588 1768 628 aeterna

396 666 446 705 et
466 658 641 704 divina.
711 658 850 705 Metu
874 658 1145 721 potentium
1168 658 1475 704 inimicorum
1497 657 1666 719 fugere
1688 657 1766 704 lex

395 734 528 782 nulla
549 734 877 796 prohibuerat.
948 734 1187 781 Innocens
1211 740 1372 780 autem
1404 749 1460 780 eo
1496 740 1599 779 erat
1635 732 1766 795 quod

396 810 644 857 absolutus
668 816 755 855 est.
825 809 1257 871 Praesumptionem
1281 808 1494 855 criminis
1529 807 1766 855 absolutio

395 885 671 933 abstulerat.
742 885 913 946 Itaque
936 884 1100 946 inique
1125 891 1174 931 et
1198 890 1367 931 contra
1389 883 1546 946 legem
1579 890 1767 930 naturae

395 961 534 1008 bonis
581 960 801 1007 omnibus
847 959 1105 1006 mobilibus
1151 958 1383 1022 spoliatus
1427 964 1513 1006 est.
1589 958 1766 1021 Praeju-

396 1037 522 1085 dicia
567 1051 683 1098 ergo
729 1035 780 1082 in
821 1035 1016 1098 judiciis
1064 1034 1384 1092 considerare,
1431 1040 1515 1081 aut
1554 1034 1766 1097 imperiti

394 1120 479 1160 aut
511 1111 662 1174 iniqui
692 1111 870 1174 judicis
904 1119 991 1158 est.
1061 1110 1220 1158 Etiam
1256 1110 1447 1157 axioma
1479 1109 1598 1156 illud
1621 1109 1766 1172 legis-

393 1196 569 1244 tarum,
589 1184 772 1233 nullam
786 1185 1135 1250 probationem
1151 1191 1323 1232 contra
1331 1184 1764 1248 praesumptionem

391 1263 523 1327 legis
547 1261 901 1310 admittendam
919 1277 1042 1318 esse,
1063 1260 1281 1323 iniquum
1305 1267 1379 1306 est
1398 1280 1410 1314 ς
1446 1259 1613 1322 injusti
1636 1259 1763 1307 enim

386 1338 574 1400 judices
597 1345 724 1396 sunt,
750 1337 846 1400 qui,
864 1336 996 1400 quod
1014 1336 1077 1384 ad
1101 1337 1173 1383 sui
1192 1335 1519 1383 defensionem
1536 1334 1765 1398 producit

390 1429 516 1472 reus,
540 1413 705 1460 audire
736 1412 925 1459 nolunt.

458 1488 704 1546 Similiter,
730 1486 923 1550 quando
951 1486 1195 1533 sententia
1214 1485 1584 1550 quaeriturlegis
1616 1485 1765 1548 scrip-

391 1571 470 1622 tae,
509 1564 748 1626 interpres
783 1579 880 1610 non
913 1563 1005 1609 erit
1029 1562 1111 1625 qui
1136 1562 1186 1608 in
1209 1563 1366 1625 legem
1391 1560 1763 1609 commentarios

391 1639 574 1687 scribit.
645 1637 991 1686 Commentarii
1013 1637 1140 1684 enim
1157 1637 1460 1684 obscuriores
1478 1636 1763 1699 plerumque

391 1722 504 1762 sunt
528 1715 632 1777 ipso
648 1722 785 1761 textu
803 1735 814 1768 ;
841 1720 888 1760 et
902 1712 1107 1776 proinde
1127 1729 1248 1775 opus
1263 1713 1444 1759 habent
1462 1720 1764 1759 commenta-

389 1790 502 1845 riis;
538 1789 659 1836 adeo
692 1796 747 1836 ut
777 1787 1130 1850 interpretandi
1165 1787 1325 1834 nullus
1360 1787 1423 1834 sit
1457 1787 1582 1833 finis.
1653 1786 1759 1834 Nisi

389 1880 505 1928 ergo
521 1864 815 1912 authoritate
831 1879 1031 1911 summae
1049 1863 1305 1926 potestatis
1325 1862 1563 1925 interpres
1588 1861 1761 1924 aliquis

389 1940 691 1988 constitutus
718 1939 795 1998 sit,
836 1955 865 1986 a
905 1939 1042 2001 cujus
1078 1938 1478 2001 interpretatione
1515 1936 1761 1999 judicibus

389 2015 714 2063 subordinatis
747 2013 993 2062 discedere
1017 2029 1115 2060 non
1138 2013 1297 2072 liceat,
1324 2013 1414 2075 ipsi
1434 2012 1623 2075 judiees
1647 2013 1759 2060 sub-

387 2091 598 2139 ordinati
632 2090 919 2152 interpretes
954 2096 1111 2146 erunt,
1136 2096 1192 2136 ut
1227 2089 1277 2136 in
1312 2088 1499 2151 legibus
1527 2087 1759 2135 naturali-

386 2167 504 2221 bus;
541 2173 590 2214 et
624 2181 791 2213 eorum
814 2164 1083 2222 sententiae,
1121 2163 1183 2210 ad
1216 2163 1468 2226 praesentis
1501 2163 1600 2210 litis
1629 2162 1759 2211 deci-

387 2243 587 2300 sionem,
610 2257 700 2304 pro
723 2240 910 2303 legibus
945 2238 1180 2286 habendae
1215 2246 1370 2286 erunt.
1443 2238 1539 2285 Sed
1569 2238 1758 2301 judices

385 2318 482 2376 alii,
505 2318 556 2365 in
579 2316 812 2365 similibus
828 2314 1190 2378 quaestionibuS,
1215 2331 1314 2362 non
1339 2330 1396 2362 eo
1413 2314 1759 2377 obligabuntur

387 2409 523 2442 casus
543 2392 720 2441 similes
745 2390 964 2438 similiter
982 2389 1215 2453 judicare.

449 2467 783 2517 Differentiam
806 2467 933 2514 inter
955 2466 1144 2513 literam
1174 2474 1222 2513 et
1257 2465 1548 2513 sententiam
1572 2479 1756 2528 ponere

385 2545 542 2592 solent
565 2543 839 2606 scriptores.
909 2541 1119 2589 Literam
1144 2541 1243 2587 sive
1278 2541 1425 2588 verba
1447 2540 1568 2603 legis
1591 2555 1679 2603 per
1705 2555 1756 2588 se

385 2627 592 2683 sumpta,
609 2633 799 2666 sensum
823 2617 1060 2664 literalem
1074 2624 1251 2663 vocant
1272 2637 1283 2670 ;
1319 2616 1402 2663 sed
1421 2616 1541 2679 legis
1561 2623 1755 2663 senten-

384 2695 503 2743 tiam
528 2710 634 2742 eam
658 2708 760 2741 esse
786 2692 971 2750 dicunt,
998 2707 1142 2754 quam
1160 2691 1365 2754 intelligi
1385 2691 1537 2739 voluit
1566 2690 1756 2754 legisla-

385 2778 477 2818 tor.
514 2771 577 2818 Et
591 2775 721 2817 recte
737 2767 930 2832 quidem
946 2767 1267 2830 distinguunt.
1305 2767 1575 2830 Legislator
1591 2772 1754 2814 autem

383 2845 500 2908 quid
533 2861 619 2909 per
652 2845 800 2892 verba
831 2843 951 2907 legis
975 2842 1178 2905 intelligi
1202 2842 1369 2901 voluit,
1394 2842 1524 2890 unde
1548 2856 1753 2905 cognos-

381 2920 542 2968 citur?
579 2921 651 2968 Ex
675 2936 732 2968 eo
758 2919 1081 2983 cognoscitur,
1117 2917 1246 2982 quod
1279 2918 1541 2981 legislator,
1576 2916 1628 2965 id
1650 2922 1742 2975 est,
