1968 3236
132 386 235 418 CAP.
252 386 331 419 XX.

395 242 487 284 156
894 251 964 283 DE
993 251 1270 285 CIVITATE.

386 378 549 411 omnes
573 361 682 409 istoe
697 367 878 425 gentes
896 379 916 415 ;
951 367 1000 408 et
1041 361 1259 410 vindicet
1277 379 1366 410 nos
1403 378 1496 410 rex
1519 369 1705 422 noster,
1728 368 1779 410 et

140 443 330 464 “““““’““’
376 437 662 502 procedens
679 442 794 484 ante
809 452 897 482 nos
912 443 1068 501 gerat
1088 436 1220 485 bella
1235 445 1439 486 nostra:
1479 439 1781 486 Confirmata

140 482 186 510 De
201 483 328 511 dominio

139 530 261 562 paterno
275 529 303 554 et

140 569 294 608 despotico.

384 513 464 560 hio
484 519 596 560 sunt
627 512 701 570 iis,
727 527 822 574 que
854 511 1039 559 habent
1077 528 1317 561 summam
1341 522 1651 577 potestatem,
1666 515 1781 578 jura

387 589 552 636 omnia
589 595 696 635 tum
737 587 926 636 militiae
973 596 1080 636 tum
1120 589 1449 652 judiciorum3
1501 606 1610 654 quae
1655 589 1780 638 adeo

385 665 610 712 absoluta
635 670 709 711 est
731 664 969 726 potentia,
993 672 1048 712 ut
1062 665 1211 712 homo
1237 665 1300 712 ad
1331 666 1579 714 hominem
1602 674 1778 729 poten-

383 741 502 788 tiam
547 740 784 802 majorem
830 739 1098 787 transferre
1138 756 1239 788 non
1280 741 1450 804 possit.
1520 742 1778 800 Praeterea,

385 815 622 878 potentia,
665 829 811 876 quam
836 830 865 861 a
890 815 996 862 Deo
1031 815 1206 878 petivit
1242 816 1490 874 Salomon,
1530 817 1636 865 haec
1672 825 1780 865 erat

388 892 406 953 (
417 898 433 938 l
467 891 589 953 Reg.
609 890 677 937 iii.
695 891 747 952 9)
770 908 781 936 ε
807 889 915 938 Des
933 906 1077 938 servo
1094 897 1176 938 tuo
1193 891 1402 939 animum
1417 892 1780 958 intelligentem

385 966 458 1014 ad
475 966 809 1029 judicandum
835 966 1080 1030 populum
1122 973 1254 1014 tuum
1295 968 1621 1016 discernendo
1646 970 1780 1017 inter

385 1041 555 1090 bonnm
590 1048 639 1089 et
663 1042 857 1090 malum.
931 1043 1266 1092 Quamobrem
1298 1044 1379 1106 jus
1398 1044 1697 1107 judiciorum
1728 1053 1780 1093 et

378 1118 459 1180 jus
483 1117 833 1181 praescribendi
857 1118 1051 1181 regulas
1066 1118 1182 1166 boni
1201 1128 1251 1166 et
1274 1120 1407 1178 mali,
1427 1120 1479 1167 id
1502 1127 1592 1179 est,
1611 1122 1692 1184 jus
1710 1121 1779 1169 le-

383 1210 503 1256 gum
525 1193 854 1253 ferendarum,
879 1195 1128 1257 pertinent
1152 1195 1216 1242 ad
1251 1195 1388 1243 illum
1412 1196 1498 1258 qui
1539 1212 1779 1245 summam

383 1269 533 1318 habet
551 1277 849 1333 potestatem
873 1270 1079 1318 civilem.
1130 1271 1372 1320 Quaesivit
1395 1272 1632 1320 Davidem
1657 1273 1779 1321 Sau-

383 1346 459 1393 lus
475 1355 531 1393 ut
551 1362 663 1393 eum
688 1346 936 1394 occideret
957 1368 968 1402 ;
1007 1363 1119 1395 cum
1134 1355 1302 1395 tamen
1329 1348 1530 1396 Saulum
1554 1348 1780 1397 occidere

382 1422 546 1485 potuit
568 1421 742 1480 David,
767 1429 816 1469 et
850 1429 907 1469 ut
929 1422 1117 1470 faceret
1140 1423 1324 1471 hortati
1356 1431 1470 1472 sunt
1506 1440 1617 1472 eum
1651 1424 1778 1472 servi

383 1498 504 1560 ejus,
540 1497 696 1545 vetuit
740 1513 823 1545 eos
863 1498 1023 1546 David
1059 1498 1240 1558 dicens,
1284 1500 1328 1559 (l
1369 1500 1499 1548 Sam.
1534 1500 1664 1549 xxiv.
1690 1500 1742 1562 7)
1764 1519 1775 1547 :

383 1571 536 1620 Absit
562 1578 616 1619 ut
620 1573 861 1636 facerem
884 1588 989 1620 rem
1004 1574 1132 1622 lianc
1157 1574 1352 1622 domino
1380 1592 1498 1635 meo,
1523 1582 1667 1623 uncto
1681 1574 1777 1623 Je-

387 1647 535 1705 hovoe,
559 1647 867 1695 extendendo
892 1664 1083 1696 manum
1106 1665 1261 1696 meam
1285 1657 1462 1698 contra
1487 1667 1593 1698 eum
1610 1669 1630 1706 ,·
1665 1667 1778 1698 nam

384 1730 559 1771 unctu-s·
584 1722 785 1770 Jelzovae
814 1729 905 1771 est.
944 1723 1272 1772 Confirmatur
1308 1725 1390 1773 hic
1414 1741 1585 1789 regum
1620 1726 1778 1790 impu·

385 1799 529 1847 nitas.
601 1798 674 1846 De
695 1814 948 1847 servorum
983 1800 1264 1848 obedientia
1279 1801 1400 1849 dicit
1425 1802 1634 1850 Sanctus
1655 1802 1778 1850 Pau-

383 1874 474 1932 lus,
499 1873 622 1933 (Col.
652 1874 722 1921 iii.
748 1875 833 1935 22)
857 1893 867 1921 ι
895 1874 1040 1923 Servi
1063 1875 1261 1924 obedite
1286 1877 1495 1924 dominis
1517 1877 1701 1925 vestri-s·
1726 1876 1777 1925 in

383 1948 618 1997 omnibu&
644 1949 718 1996 De
737 1949 1017 1998 obedientia
1039 1950 1250 1998 filiorum
1271 1951 1391 1999 dicit
1419 1951 1549 2012 (Col.
1574 1952 1642 1999 iii.
1668 1952 1774 2019 20),

382 2027 506 2076 Filii
521 2027 719 2075 obedite
729 2028 1033 2093 parentibus
1059 2030 1109 2077 in
1138 2030 1373 2078 omnibus,
1413 2031 1594 2079 Debita
1608 2047 1727 2094 ergo
1746 2048 1778 2081 a

382 2104 495 2152 filiis
516 2111 565 2151 et
591 2105 741 2151 servis
763 2105 986 2168 patribus
1010 2106 1110 2153 suis
1136 2114 1185 2154 et
1209 2106 1418 2155 dominis
1444 2116 1519 2155 est
1543 2107 1774 2155 obedien-

382 2180 452 2227 tia
466 2179 686 2243 simplex.
731 2181 882 2228 Porro
898 2181 1096 2240 (Matth.
1113 2182 1248 2229 xxiii.
1265 2188 1312 2240 2,
1325 2185 1376 2243 3)
1397 2183 1517 2230 dicit
1534 2182 1774 2243 Christus,

382 2255 448 2303 In
463 2255 710 2303 cathedra
729 2255 796 2302 M
793 2256 894 2303 osis
910 2257 1085 2304 sedent
1101 2256 1289 2305 Serihae
1304 2264 1353 2306 et
1370 2258 1620 2306 Phari-§zei
1634 2277 1653 2313 ;
1679 2275 1776 2306 om-

382 2331 468 2379 nia
493 2346 618 2396 ergo
634 2347 744 2395 quce
769 2330 994 2379 discerint
1017 2331 1153 2379 vobis
1172 2339 1226 2379 ut
1244 2333 1469 2393 servetis,
1494 2340 1695 2382 servate
1723 2341 1776 2382 et

362 2406 556 2470 facite.
591 2406 719 2454 Ecce
743 2421 910 2453 rursus
934 2406 1264 2455 obedientiam
1284 2409 1568 2472 simplicem.
1611 2409 1774 2458 Etiam

383 2482 592 2530 Sanctus
626 2481 819 2540 Paulus,
851 2482 967 2541 (Tit.
1000 2482 1067 2530 iii.
1100 2483 1146 2544 l)
1171 2483 1312 2547 Ipsis
1335 2500 1561 2549 suggere
1590 2491 1646 2533 ut
1662 2501 1774 2535 sese

381 2557 649 2621 subjiciant
656 2557 981 2622 principibus
990 2575 1051 2606 ac
1058 2559 1402 2623 potestatibus
1418 2561 1770 2626 obtemperent.

382 2633 677 2681 Obedientia
705 2633 812 2681 haec
855 2633 1060 2697 simplex
1091 2641 1180 2683 est.
1251 2635 1503 2684 Postremo
1541 2636 1772 2685 Servator

381 2717 550 2757 noster
577 2709 680 2771 ipse
715 2708 859 2757 docet
899 2709 1101 2771 (Matth.
1126 2709 1243 2757 xxii.
1269 2712 1352 2772 21)
1391 2711 1578 2759 tributa
1618 2712 1772 2776 impo-

381 2784 475 2832 sita
488 2800 518 2832 a
536 2800 726 2832 summa
742 2792 985 2847 potestate
1001 2784 1131 2832 civili
1154 2785 1387 2834 solvenda
1404 2803 1526 2846 esse,
1551 2787 1657 2851 ipse
1675 2787 1772 2836 sol·

381 2875 498 2907 vens
513 2867 564 2907 et
580 2860 715 2919 date,
731 2860 970 2923 inquiens,
991 2860 1184 2909 Coesari
1199 2878 1259 2909 ea
1267 2879 1379 2926 quoe
1398 2862 1623 2911 Caesaris
1636 2870 1768 2912 sunt.

383 2935 523 2995 Item,
558 2935 690 2997 quod
724 2935 956 2999 quicquid
981 2936 1036 2995 is,
1059 2937 1141 2999 qui
1166 2953 1406 2986 summam
1435 2939 1584 2987 habet
1608 2945 1770 3003 potes·
