1968 3236
115 375 142 408 C
148 379 174 408 A
180 376 204 407 Ρ
209 398 219 408 .
240 376 267 407 Χ
274 376 337 408 LII
342 398 353 409 .

138 429 329 453 s-—f—..ae

135 469 181 497 De
195 472 334 507 potestate

134 512 337 542 ecclesiastica.

387 234 483 277 388
710 244 780 277 υΕ
809 243 1067 278 οινΙΤΑΤΕ
1094 243 1452 278 cnms‘nANA.

385 362 502 418 pata
520 361 595 402 est
618 354 679 402 ad
704 354 1078 418 significandum
1103 371 1285 418 regem,
1301 356 1511 404 aliumve
1530 361 1774 403 rectorem

386 430 567 494 populi,
585 430 684 477 sive
708 430 788 477 ille
813 430 1001 492 legibus
1026 430 1126 477 sive
1146 430 1372 479 doctrina
1395 439 1603 495 regeret.
1675 431 1775 480 Qui

386 506 633 568 apostolus
658 512 776 563 erat,
804 506 1058 568 episcopus
1100 514 1234 562 erat;
1271 507 1435 571 itaque
1471 507 1774 571 apostolatus

383 581 524 630 Judae
547 589 746 628 vocatus
767 589 841 628 est
870 581 1002 639 (Act.
1028 582 1060 629 i.
1087 583 1172 643 20)
1201 583 1540 648 episcopatus.
1610 583 1774 630 Etiam

383 664 495 719 post
513 656 909 704 constitutionem
928 658 1342 721 presbyterorum,
1363 659 1415 707 hi
1439 675 1633 723 quoque
1650 659 1775 722 epis-

385 732 493 794 copi
517 733 832 779 vocabantur.
904 733 1179 796 Presbyter,
1204 734 1338 797 quod
1367 750 1546 782 nomen
1571 751 1672 783 non
1696 750 1776 782 so—

383 808 483 855 lum
512 808 670 855 aetatis
703 808 787 855 sed
825 807 971 855 etiam
1010 809 1156 856 officii
1198 817 1318 868 erat,
1344 817 1448 857 erat
1470 810 1773 868 Timotheus,

382 883 608 946 idemque
633 883 904 946 episcopus
955 884 1017 931 Et
1044 884 1092 931 S.
1108 885 1372 943 Johannes,
1394 885 1477 948 qui
1501 901 1601 933 non
1625 885 1773 934 modo

384 959 651 1022 episcopus,
689 959 776 1006 sed
814 959 962 1006 etiam
999 961 1250 1023 apostolus
1286 968 1406 1019 erat,
1432 962 1774 1025 presbyterum

387 1034 438 1096 (2
464 1035 617 1098 Epist.
649 1035 695 1097 1)
725 1051 774 1082 se
794 1035 1021 1098 appellat.
1095 1037 1303 1085 Constat
1328 1053 1445 1100 ergo
1471 1037 1670 1085 nomina
1691 1037 1775 1085 illa

382 1110 619 1174 episcopi,
653 1111 905 1174 pastoris,
944 1111 1258 1175 presbyteri,
1298 1113 1537 1171 doctoris,
1574 1113 1775 1160 nomina

382 1185 546 1243 fuisse,
572 1193 793 1249 tempore
818 1186 1170 1249 apostolorum,
1196 1188 1343 1235 officii
1367 1188 1601 1251 ejusdem.
1644 1188 1775 1236 Nam

382 1277 440 1309 eo
476 1267 695 1324 tempore
729 1277 829 1309 non
864 1262 1084 1325 imperio,
1111 1262 1198 1310 sed
1225 1262 1451 1311 doctrina
1476 1271 1526 1311 et
1549 1263 1774 1311 suasione

383 1337 637 1384 ecclesiam
691 1338 1047 1400 gubernabant.
1132 1339 1360 1402 Regnum
1414 1340 1504 1387 Dei
1551 1339 1774 1388 futurum

381 1418 499 1460 tunc
524 1420 629 1460 erat
651 1413 702 1460 in
725 1413 820 1460 alio
844 1413 1028 1461 mundo
1050 1435 1061 1469 ;
1098 1413 1221 1462 adeo
1245 1422 1302 1462 ut
1326 1431 1502 1478 cogere
1524 1415 1774 1463 neminem

381 1495 602 1550 pastores
636 1496 853 1551 potuere,
891 1489 1006 1552 quia
1039 1489 1258 1538 nondum
1290 1490 1461 1538 civitas
1501 1491 1603 1539 ulla
1625 1491 1773 1539 fidem

385 1563 709 1611 Christianam
733 1564 957 1627 amplexa
981 1572 1124 1612 esset.

452 1638 635 1686 Praeter
674 1639 937 1702 apostolos,
981 1648 1218 1703 pastores,
1261 1641 1531 1705 episcopos,
1573 1642 1775 1706 presby-

386 1721 532 1773 teros,
559 1721 608 1762 et
632 1714 872 1773 doctores,
898 1716 1168 1779 magisterii
1208 1732 1387 1764 nomen
1426 1717 1616 1765 nullum
1652 1725 1774 1766 erat.

386 1788 600 1837 Nomina
625 1791 938 1855 evangelista
974 1798 1024 1838 et
1049 1792 1327 1855 propheta,
1363 1808 1463 1840 non
1505 1793 1778 1841 officiorum

386 1880 581 1923 nomen,
606 1866 691 1914 sed
713 1867 984 1929 gratiarum
1009 1874 1130 1926 erat,
1151 1867 1325 1930 quibus
1353 1868 1576 1932 discipuli
1597 1868 1778 1916 Christi

387 1941 604 1989 ecclesiis
651 1950 791 1989 erant
831 1943 1003 1990 utiles:
1053 1950 1110 1990 ut
1148 1944 1478 2006 evangelistae,
1517 1944 1778 1993 scribendo

389 2016 662 2065 Servatoris
702 2018 859 2065 nostri
892 2018 1045 2066 vitam
1083 2025 1132 2066 et
1167 2019 1400 2078 actiones,
1434 2020 1601 2082 quales
1637 2028 1779 2068 erant

390 2093 437 2140 S.
465 2093 730 2141 Matthaeus
755 2101 804 2141 et
826 2094 1077 2142 Johannes
1102 2095 1326 2157 apostoli,
1352 2103 1400 2143 et
1425 2095 1474 2143 S.
1492 2096 1691 2144 Marcus
1726 2103 1779 2143 et

389 2168 544 2216 Lucas
579 2169 835 2232 discipuli;
873 2180 938 2227 et,
963 2177 1018 2217 ut
1041 2170 1192 2233 aliqui
1226 2179 1540 2234 putaverunt,
1564 2172 1778 2220 Thomas

389 2251 440 2291 et
464 2244 729 2303 Barnabas,
755 2260 964 2308 quorum
988 2245 1102 2292 libri
1126 2247 1177 2293 in
1202 2262 1443 2295 canonem
1467 2247 1653 2310 recepti
1675 2263 1778 2295 11011

390 2327 519 2367 sunt.
601 2320 763 2367 Etiam
806 2319 858 2366 in
905 2320 1124 2368 ecclesiis
1159 2337 1217 2369 eo
1260 2330 1483 2385 tempore
1522 2323 1779 2386 prophetae

391 2403 547 2453 erant,
567 2395 741 2458 quibus
764 2395 1134 2443 Testamentum
1156 2397 1308 2445 Vetus
1333 2397 1692 2461 interpretandi
1728 2406 1780 2446 et

393 2470 682 2534 quandoque
735 2470 1064 2534 prophetandi
1115 2473 1327 2535 gratiam
1379 2474 1513 2522 Deus
1560 2473 1778 2522 dederat.

393 2543 565 2608 Neque
601 2546 730 2593 enim
762 2545 891 2592 dona
925 2544 1048 2604 haec,
1073 2562 1232 2609 neque
1268 2548 1451 2596 donum
1484 2548 1778 2612 linguarum,

392 2634 550 2682 neque
593 2620 818 2683 ejiciendi
856 2620 1113 2677 daemonia,
1137 2638 1298 2685 neque
1327 2624 1524 2671 morbos
1559 2623 1779 2682 sanandi,

393 2694 478 2741 sed
500 2696 691 2743 vocatio
714 2703 905 2743 tantum
930 2703 978 2743 et
1002 2696 1176 2745 electio
1214 2698 1468 2747 doctorem
1491 2709 1577 2748 aut
1600 2699 1780 2764 magis-

395 2777 524 2816 trum
549 2771 599 2818 in
624 2771 830 2819 ecclesia
851 2771 1076 2819 faciebat.

462 2844 600 2892 Sicut
623 2845 684 2893 ab
709 2845 915 2894 ecclesia
939 2846 1367 2897 constituebantur
1398 2851 1623 2913 apostoli,
1649 2850 1782 2899 Mat-
