1968 3236
396 227 491 271 302
718 237 788 270 DE
818 236 1074 270 CIVITATE
1103 236 1458 271 cnms'rlANA.

110 349 455 406 cA-P.xxxv1,ab
495 349 705 397 homine.
778 348 1030 411 Significat
1065 348 1214 395 etiam
1248 349 1509 413 aliquando
1544 365 1671 408 eum,
1697 350 1782 413 qui

131 426 353 497 omi,
393 425 560 472 futura
600 425 836 487 praedicit.
906 423 1184 487 Aliquando
1222 424 1368 472 etiam
1409 425 1560 484 illum,
1590 426 1689 489 qui,
1725 434 1782 474 ut

130 506 338 544 etProphetis-
394 509 556 548 mente
577 509 759 562 captus,
776 500 991 563 loquitur
1005 500 1154 547 verba
1168 500 1531 549 inoohaerentia.
1604 502 1781 565 Saepis-

392 575 510 622 sime
534 583 693 622 autem
718 576 918 638 ponitur
938 591 1026 637 pro
1051 591 1124 633 eo,
1150 576 1233 638 qui
1257 576 1308 623 in
1331 577 1527 624 nomine
1551 577 1643 624 Dei
1660 577 1781 625 allo-

392 651 556 713 quitur
589 651 836 713 populum.
908 650 1019 699 Quo
1055 666 1199 698 seusu
1235 651 1414 710 Moses,
1445 652 1655 710 Samuel,
1680 653 1779 700 Eli-

383 726 484 788 jah,
502 726 675 784 Isaiah‚
691 727 719 773 J
724 727 951 784 eremiah‚
967 726 1145 788 aliique
1159 728 1411 790 prophetae
1427 737 1581 776 erant.
1618 729 1780 777 Etiam

388 802 438 848 in
474 802 567 848 hoe
609 817 752 848 sensu
784 818 1000 849 summus
1042 802 1267 850 sacerdos
1303 803 1543 866 propheta
1579 811 1699 862 erat,
1722 812 1780 852 ut

386 876 495 923 Joh.
521 877 584 924 xi.
612 883 667 924 51
697 896 707 924 z
750 877 840 924 hoc·
861 884 1041 936 autem,
1072 878 1314 942 Caiplzcw,
1340 895 1371 925 a
1396 879 1660 944 semetipso
1683 896 1778 928 non

389 952 519 999 dixit
536 971 554 1006 ;
588 953 803 1000 sedeam
827 960 958 1000 esset
974 954 1214 1017 pontifex
1239 955 1358 1001 anni
1381 954 1534 1014 illius,
1552 955 1777 1020 prophe-

388 1028 529 1075 tavit.
598 1028 760 1076 Etiam
793 1029 876 1091 qui
911 1029 1147 1092 populum
1170 1029 1221 1076 in
1247 1030 1464 1078 ecclesiis
1490 1030 1777 1080 Christianis

388 1104 675 1163 docuerunt,
712 1107 756 1165 (l
801 1105 911 1152 Cor.
943 1106 1039 1152 xiv.
1075 1107 1137 1164 3),
1175 1105 1406 1153 dicuntur
1442 1106 1775 1169 prophetasse.

386 1179 569 1226 Eodem
594 1196 738 1227 sensu
762 1180 825 1228 ad
851 1181 1039 1228 Mosem
1067 1181 1187 1228 dicit
1227 1181 1361 1229 Deus
1394 1181 1571 1243 (Exod.
1596 1182 1660 1229 iv.
1692 1184 1772 1245 16)

387 1254 446 1302 de
469 1255 679 1313 Aarone,
704 1256 805 1303 erit
827 1256 920 1304 tibi
934 1273 1037 1320 pro
1054 1256 1382 1321 prolocutore
1407 1257 1479 1305 acl
1492 1257 1732 1321 populum
1755 1277 1775 1313 ;

385 1331 580 1394 eritque
608 1331 701 1379 tibi
733 1332 897 1379 instar
925 1332 1046 1390 oris,
1072 1338 1123 1379 et
1153 1333 1257 1379 eris
1292 1332 1339 1379 ei
1373 1339 1426 1379 tu
1463 1332 1626 1380 instar
1657 1333 1775 1383 Dei.

385 1406 449 1453 Et
484 1407 659 1467 (Exod.
684 1407 766 1455 vii.
799 1408 879 1468 1):
917 1423 1030 1455 ecce
1050 1407 1170 1471 feci
1208 1414 1258 1454 te
1297 1406 1559 1455 Pharaoni
1595 1409 1772 1468 Deum,

385 1487 435 1528 et
451 1481 638 1544 frater
671 1489 782 1529 tuus
816 1482 994 1530 Aaron
1018 1482 1119 1530 erit
1132 1482 1394 1546 propheta
1419 1489 1547 1530 tuus,
1617 1483 1774 1532 Abra-

382 1555 554 1604 hamus
577 1564 741 1604 autem
778 1557 888 1605 ideo
926 1557 1168 1621 propheta
1203 1557 1398 1616 dieitur,
1436 1559 1577 1620 (Gen.
1597 1575 1678 1606 xx.
1699 1561 1772 1621 7),

385 1632 498 1693 quia
515 1633 746 1695 loquutus
772 1641 847 1681 est
864 1649 954 1696 pro
974 1633 1170 1680 homine
1190 1633 1253 1680 ad
1272 1633 1446 1680 Deum.
1483 1634 1616 1681 Deus
1640 1635 1772 1683 enim

384 1707 716 1756 Abimelecum
739 1709 790 1756 in
816 1709 1003 1757 somnio
1041 1709 1291 1772 alloquens
1329 1709 1463 1768 dicit,
1490 1725 1615 1757 mmo
1646 1726 1772 1774 ergo

383 1783 592 1830 restitue
615 1784 798 1831 homini
822 1801 1023 1832 uxorem
1047 1801 1184 1831 suam
1210 1803 1228 1839 ;
1264 1801 1375 1831 nam
1400 1792 1477 1832 est
1494 1786 1770 1849 propheta,

382 1864 432 1904 et
456 1858 622 1906 orabit
637 1876 739 1923 pro
776 1866 838 1907 te.
909 1859 1122 1923 Intelligi
1144 1859 1258 1907 hine
1282 1868 1442 1922 potest
1464 1859 1588 1919 illos,
1614 1861 1697 1923 qui
1720 1861 1771 1908 in

382 1934 595 1982 ecelesiis
618 1934 903 1982 Christianis
926 1934 989 1982 ad
1013 1934 1224 1982 officium
1248 1935 1409 1982 vocati
1433 1943 1547 1983 sunt
1577 1935 1771 1998 publice

379 2009 626 2071 precandi,
645 2026 745 2058 non
763 2010 1028 2074 improprie
1052 2010 1316 2074 prophetas
1341 2010 1452 2058 dici.
1514 2010 1771 2075 Prophetae

381 2084 525 2132 etiam
546 2092 699 2143 erant,
717 2086 890 2148 quibus
907 2086 1171 2135 immiscuit
1189 2101 1239 2133 se
1257 2086 1387 2145 Saul,
1404 2092 1422 2134 l
1446 2087 1576 2134 Sam.
1593 2103 1640 2134 x.
1658 2093 1704 2146 5,
1719 2091 1768 2135 6.

379 2159 563 2207 Eodem
581 2176 725 2208 sensu
743 2161 940 2208 Miriam
959 2161 1130 2221 (Exod.
1147 2178 1223 2209 xv.
1241 2162 1327 2222 20)
1351 2161 1532 2209 dicitur
1545 2161 1770 2226 prophe-

379 2234 522 2282 tissa.
592 2235 668 2283 Ita
692 2251 884 2298 quoque
900 2236 1024 2284 sumi
1040 2236 1185 2284 debet
1206 2236 1250 2296 (l
1283 2236 1400 2284 Cor.
1422 2237 1487 2285 xi.
1512 2243 1561 2295 4,
1588 2237 1659 2298 5),
1683 2236 1768 2285 ubi

378 2308 498 2357 dicit
545 2311 594 2358 S.
643 2310 835 2368 Paulus,
883 2311 1219 2375 unusquisque
1265 2312 1353 2375 qui
1394 2318 1646 2376 precatur
1689 2311 1772 2360 vel

371 2385 650 2448 prophetat
695 2386 866 2449 capite
912 2393 1104 2449 operte,
1152 2394 1245 2436 etc.
1329 2387 1591 2451 Prophetia
1635 2388 1767 2436 enim

376 2459 507 2508 aliud
530 2476 629 2508 non
653 2460 899 2523 significat
922 2477 979 2509 eo
1003 2462 1111 2509 loco
1133 2470 1465 2526 praeterquam
1490 2463 1691 2511 Psalmis
1715 2471 1766 2511 et

377 2535 644 2583 Cantilenis
669 2535 818 2583 sacris
841 2535 1039 2583 laudare
1069 2537 1226 2585 Deum
1248 2560 1260 2593 ;
1297 2538 1347 2586 id
1372 2538 1505 2603 quod
1527 2538 1690 2587 facere
1713 2539 1766 2588 in

375 2610 589 2658 eeclesiis
612 2611 759 2658 etiam
781 2610 973 2658 feminis
990 2611 1141 2660 licuit.

442 2685 735 2749 Prophetia,
755 2693 995 2749 quatenus
1013 2687 1218 2735 sumitur
1235 2704 1324 2751 pro
1347 2688 1669 2752 praedictione
1685 2688 1764 2738 fu-

374 2766 596 2808 turorum
619 2760 1023 2824 contingentium,
1047 2778 1147 2810 non
1171 2763 1328 2811 solum
1346 2765 1474 2813 veris
1496 2764 1761 2829 prophetiS,

374 2835 457 2883 sed
498 2836 643 2884 etiam
678 2835 937 2899 aliquando
973 2837 1320 2900 impostoribus
1354 2840 1654 2900 attribuitur,
1678 2841 1762 2904 qui
