1968 3236
406 283 503 325 310
730 293 799 324 DE
830 291 1087 325 clvi'rA‘rn
1110 292 1467 325 cnms'rlANA.

121 425 386 459 cmxxxw,
405 405 535 452 cauti
562 421 665 451 esse
690 405 738 451 in
764 403 1044 451 obedientia
1067 405 1345 467 praestanda
1368 405 1554 453 homini
1579 406 1663 469 qui
1685 421 1795 469 pro-

161 481 350 503 *7——00

144 521 188 549 De
202 522 289 549 verbo
304 522 358 550 Dei

143 568 172 591 ct
186 564 346 602 Prophetis.

403 481 600 543 phetam
626 497 675 527 se
700 496 803 526 esse
829 479 962 536 dicit,
983 481 1220 543 jubetque
1245 491 1301 528 ut
1325 482 1374 528 in
1398 482 1477 529 via
1500 482 1564 529 ad
1588 482 1794 530 salutem

403 562 635 603 aeternam
660 556 796 602 illum
815 571 1090 618 sequamur.
1139 557 1266 603 Nam
1287 557 1369 620 qui
1388 557 1561 605 ducem
1580 573 1632 605 se
1651 558 1795 605 offert

402 632 493 679 viae
522 631 583 678 ad
622 631 921 688 felicitatem,
947 647 1118 694 regere
1156 641 1206 679 et
1242 648 1448 694 regnare
1484 633 1619 687 vult;
1656 633 1794 696 cujus

403 708 469 754 rei
496 723 582 769 per
606 714 829 753 naturam
853 707 1075 754 homines
1101 724 1268 755 omnes
1304 708 1432 755 avidi
1468 717 1596 767 sunt,
1621 717 1671 756 et
1706 724 1795 772 per

401 798 703 845 consequens
739 783 1018 830 ambitionis
1054 790 1103 830 et
1149 784 1432 847 imposturae
1477 785 1653 832 merito
1689 800 1794 832 sus-

401 859 529 920 pecti
552 880 562 913 ;
616 867 665 906 et
688 860 892 922 proinde
916 861 977 908 ab
1003 877 1316 924 unoquoque,
1342 871 1604 926 antequam
1627 862 1795 911 obedi-

401 935 580 982 entiam
606 944 822 998 praestat‚
842 937 1166 996 examinandi,
1186 937 1279 985 nisi
1302 937 1430 985 forte
1453 954 1623 1001 regere
1647 939 1698 986 in
1714 939 1796 986 via

402 1011 570 1057 salutis
594 1011 634 1057 is
658 1011 779 1068 vult,
799 1013 881 1075 qui
900 1013 951 1059 in
977 1013 1174 1060 civitate
1199 1029 1438 1060 summam
1461 1013 1611 1062 habet
1632 1023 1796 1078 potes·

400 1094 567 1144 tatem,
594 1087 670 1134 vel
695 1088 777 1150 qui
802 1088 863 1135 ab
889 1104 946 1135 eo
971 1088 1317 1135 authoritatem
1354 1089 1615 1152 acceperit.
1685 1089 1795 1137 Nisi

401 1162 530 1209 enim
573 1163 867 1210 examinatio
902 1164 1254 1226 prophetarum
1291 1172 1340 1210 et
1387 1164 1647 1227 spirituum
1686 1164 1796 1212 uni-

400 1238 575 1301 cuique
611 1255 671 1286 ex
715 1239 895 1302 populo
931 1239 1165 1302 permissa
1200 1247 1342 1296 esset,
1380 1247 1512 1287 notae
1560 1249 1610 1287 et
1655 1240 1797 1304 signa

400 1314 578 1371 omnia,
604 1315 778 1375 quibus
802 1315 1056 1378 prophetae
1082 1316 1182 1362 veri
1206 1332 1235 1362 a
1258 1315 1390 1362 falsis
1411 1315 1795 1379 distinguuntur,

397 1389 581 1437 frustra
598 1390 818 1438 fuissent.
880 1391 1124 1439 Quoniam
1150 1407 1267 1454 ergo
1298 1391 1437 1453 signa
1461 1391 1795 1455 distinguendi

398 1466 664 1528 prophetas
689 1475 739 1514 et
762 1467 974 1530 spiritus,
1000 1467 1219 1529 exposita
1243 1475 1356 1513 sunt
1389 1467 1532 1514 Deut.
1557 1467 1658 1514 xiii.
1685 1474 1725 1524 l,
1745 1475 1796 1515 et

406 1547 422 1587 l
453 1542 564 1589 Joh.
591 1543 652 1589 iv.
686 1549 726 1599 1,
753 1550 802 1589 et
827 1543 1055 1604 quoniam
1080 1549 1220 1589 tanta
1244 1550 1349 1588 erat
1374 1542 1463 1589 sub
1490 1542 1658 1590 Veteri
1681 1542 1796 1590 Tes-

399 1625 616 1666 tamento
653 1618 977 1681 prophetatio,
1003 1627 1053 1664 et
1089 1618 1137 1664 in
1166 1617 1308 1664 Novo
1339 1625 1476 1664 tanta
1509 1617 1794 1680 praedicatio

398 1703 571 1740 contra
605 1694 902 1757 propheta83
940 1701 989 1740 et
1036 1693 1266 1755 quoniam
1301 1693 1458 1755 major
1503 1693 1792 1757 plerumque

398 1778 473 1815 est
492 1769 842 1832 prophetarum
860 1769 1092 1816 falsorum
1121 1784 1265 1830 quam
1291 1783 1517 1814 verorum
1544 1784 1791 1827 numerus,

397 1845 646 1907 obligatur
668 1844 999 1907 unusquisque
1031 1843 1247 1906 periculo
1274 1843 1447 1889 animae
1485 1859 1584 1890 suae
1610 1843 1793 1892 doctri-

397 1936 483 1967 nas
507 1920 857 1983 prophetarum
882 1919 1174 1976 examinare,
1195 1926 1245 1965 et
1264 1934 1408 1980 quem
1430 1927 1663 1980 sequatur
1687 1920 1794 1967 dili-

395 2006 567 2057 genter
591 1995 914 2043 considerare.
984 1994 1222 2056 Tempore
1247 1993 1375 2056 regis
1402 1993 1570 2040 Achab
1595 1995 1639 2055 (l
1669 1995 1790 2060 Reg.

395 2071 555 2131 xxii),
572 2072 622 2118 in
644 2069 1014 2134 quadringentis
1034 2068 1284 2132 prophetis
1305 2068 1475 2116 unicus
1500 2079 1606 2117 erat
1630 2087 1791 2131 verus,

396 2146 661 2195 Michaeas.
731 2147 804 2194 De
839 2145 1092 2209 prophetis
1122 2145 1358 2192 Jeremias
1393 2145 1635 2208 propheta
1669 2147 1788 2208 (xiv.

401 2224 476 2284 14)
511 2222 628 2270 dicit
663 2239 692 2270 a
727 2220 1032 2282 Deozsalso
1060 2219 1326 2284 prophetoe
1361 2221 1704 2270 vaticinantur
1740 2223 1792 2271 in

394 2298 586 2345 nomi-ne
633 2315 734 2345 meo
754 2316 772 2352 ;
808 2313 902 2343 non
949 2295 1061 2343 misi
1097 2312 1180 2342 eos
1215 2301 1265 2342 et
1300 2312 1394 2342 non
1432 2297 1664 2362 proecepi
1698 2299 1792 2357 εἶθ,

392 2390 547 2437 neque
573 2374 806 2438 loquutus
830 2388 932 2419 sum
958 2371 1030 2419 acl
1051 2388 1135 2419 eos
1157 2390 1174 2425 ,·
1218 2371 1452 2419 visionem
1487 2373 1784 2433 mendacem,

391 2456 439 2495 et
465 2446 1232 2510 (livinatiouemfroudulentam,
1250 2454 1299 2493 et
1323 2447 1658 2496 seductionem
1677 2467 1788 2497 cor-

391 2525 472 2571 dis
496 2526 574 2572 sui
594 2524 906 2589 prophetant
930 2522 1066 2570 vobis
1082 2542 1100 2577 ;
1136 2530 1185 2571 et
1208 2523 1362 2584 (xxiii.
1393 2524 1470 2586 16)
1488 2524 1628 2587 jubet
1653 2525 1787 2575 Deus

390 2599 492 2663 ipse
538 2617 600 2648 ne
636 2600 743 2648 illos
788 2598 1057 2647 audiamus,
1147 2598 1338 2657 Nolite,
1386 2599 1560 2662 inquit,
1602 2600 1784 2649 aredire

389 2675 538 2723 rerba
560 2675 938 2739 prophetarum,
965 2674 1050 2737 qni
1066 2673 1382 2738 prophetant
1405 2674 1559 2733 vobis,
1584 2682 1634 2723 et
1653 2675 1786 2726 deci-

386 2751 531 2811 piunt
555 2768 640 2797 ros
665 2768 682 2797 .·
731 2749 963 2796 ἰνῂςίοηιίη
989 2748 1160 2795 cordis
1183 2750 1262 2795 sui
1287 2748 1571 2813 loquuntur,
1596 2767 1691 2799 non
1722 2753 1786 2800 de

389 2841 475 2870 ore
504 2826 717 2872 Domini.

454 2900 698 2948 Quoniam
723 2899 873 2962 igitur
897 2899 986 2946 sub
1004 2899 1319 2948 Testamento
1337 2900 1502 2947 Veteri
1525 2900 1651 2948 inter
1669 2917 1784 2965 pro-
