1910 3236
83 370 184 402 CAI‘.
202 371 299 403 XVI.

96 424 285 445 s—q——a

80 465 125 492 De
138 467 268 502 personis

349 229 437 272 124
864 240 933 272 DE
961 239 1202 272 HOMINE.

344 352 467 414 (cap.
481 351 722 412 xrv.xv.)
748 350 878 398 dicta
902 358 1031 408 sunt,
1055 367 1171 399 vera
1185 353 1333 400 etiam
1348 360 1462 400 sunt
1479 352 1563 400 ubi
1577 358 1722 415 pacta

339 429 464 475 fiunt
486 444 573 491 per
596 443 826 490 personas
860 427 1298 490 repraesentativas,
1334 428 1420 476 sed
1454 427 1721 476 secundum

80 508 299 538 etauthoribus-
341 503 662 549 authoritates
686 501 776 548 sibi
801 517 1069 549 concessas.

408 578 578 640 Itaque
606 577 687 640 qui
713 593 822 623 cum
847 584 1011 624 actore
1035 577 1315 640 paciscitur,
1340 580 1477 642 cujus
1502 577 1718 625 authori-

341 660 492 700 tatem
516 653 686 710 nescit,
713 652 912 715 proprio
933 652 984 700 id
1001 653 1119 700 facit
1138 654 1369 716 periculo.
1406 655 1564 701 Nemo
1589 653 1719 700 enim

339 736 483 792 pacto
509 729 766 792 obligatur,
793 730 930 792 cujus
955 729 1056 792 ipse
1082 739 1168 778 not
1192 730 1256 777 sit
1281 731 1470 778 author.
1508 729 1718 779 Quando

339 820 455 867 ergo
475 804 671 867 aliquod
687 811 858 852 contra
872 805 1028 868 legem
1047 813 1235 853 naturae
1254 806 1547 854 authoritate
1561 805 1720 854 aliena

337 881 455 927 facit
470 887 621 938 actor,
637 896 736 927 non
756 887 891 927 actor
910 880 995 927 sed
1013 881 1190 928 author
1204 881 1363 944 legem
1380 882 1547 929 violat.
1574 881 1718 928 Actio

339 956 533 1018 quidem
558 964 732 1003 contra
753 955 911 1019 legem
947 964 1035 1013 est,
1061 956 1146 1004 sed
1180 973 1280 1004 uon
1304 957 1482 1004 actoris
1517 956 1603 1004 sed
1636 972 1719 1004 au-

337 1032 490 1079 thoris
514 1032 642 1078 actio
667 1039 765 1085 est3
804 1031 918 1094 quia
941 1031 1096 1094 legem
1122 1032 1349 1080 violasset
1372 1039 1510 1080 actor
1544 1032 1583 1079 si
1617 1047 1717 1079 non

337 1107 547 1166 fecisset,
572 1123 683 1154 cum
707 1107 866 1154 facere
889 1114 1060 1170 pactus
1086 1115 1228 1155 esset.

405 1183 628 1231 Quicum
643 1189 824 1240 actore,
840 1183 1151 1231 authoritatis
1171 1183 1240 1230 illi
1259 1199 1502 1231 concessae
1521 1182 1718 1239 inscius,

335 1259 484 1306 verbo
527 1259 628 1321 ejus
670 1258 872 1306 credens
912 1259 1192 1321 paciscitur,
1229 1259 1323 1306 nisi
1369 1259 1717 1307 authoritatem

335 1342 473 1381 actor
506 1342 704 1397 rogatus
739 1334 979 1393 ostendat,
1004 1351 1103 1382 non
1129 1342 1202 1383 est
1225 1335 1430 1383 ulterius
1458 1335 1716 1399 obligatus.

335 1410 534 1457 Pactum
556 1410 685 1456 enim
709 1410 811 1456 sine
844 1410 1142 1458 authoritate
1177 1410 1442 1458 invalidum
1470 1418 1558 1458 est.
1630 1409 1718 1458 Sin

335 1485 418 1548 qui
453 1492 626 1548 pactus
668 1484 744 1542 sit,
786 1484 929 1531 aliam
970 1485 1246 1532 cautionem
1288 1502 1388 1533 non
1426 1485 1717 1549 expectabat

332 1568 512 1623 praeter
535 1559 716 1607 actoris
739 1560 941 1607 verbum
966 1567 1070 1607 tum
1096 1577 1207 1608 cum
1227 1561 1579 1623 paciscebatur,
1603 1575 1717 1623 pac-

334 1646 440 1685 tum
465 1646 637 1685 contra
659 1645 872 1685 actorem
898 1638 1040 1695 valet,
1067 1638 1182 1701 quia
1213 1654 1262 1686 se
1298 1639 1553 1686 authorem
1580 1637 1714 1685 fecit.

332 1715 395 1762 Et
431 1714 514 1771 sic,
550 1713 633 1760 ubi
669 1713 938 1761 authoritas
969 1713 1226 1761 manifesta
1255 1721 1344 1771 est,
1381 1714 1590 1768 author3
1625 1714 1708 1761 ubi

332 1791 446 1838 ficta
470 1797 557 1848 est,
577 1797 716 1837 actor
739 1789 996 1852 obligatur.

399 1866 570 1913 Paucae
585 1881 660 1913 res
675 1873 802 1923 sunt,
812 1881 1016 1928 quarum
1031 1881 1127 1912 non
1142 1872 1347 1927 possunt
1361 1879 1463 1911 esse
1476 1879 1712 1926 personae.

334 1943 642 2004 Quamquam
677 1941 805 1988 enim
828 1957 1036 2003 persona
1059 1940 1123 1988 sit
1146 1956 1234 2003 per
1267 1947 1494 1987 naturam
1529 1938 1713 2002 aliquid

332 2016 462 2080 quod
484 2015 728 2078 intelligit,
745 2015 795 2063 id
813 2023 993 2074 tamen,
1010 2016 1149 2078 cujus
1167 2030 1377 2078 persona
1390 2014 1593 2077 geritur,
1610 2029 1711 2061 non

330 2107 519 2155 semper
542 2091 818 2139 necessario
844 2091 914 2138 ita
938 2099 1027 2138 est.
1099 2091 1269 2154 Itaque
1303 2090 1374 2137 rei
1410 2090 1708 2148 inanimatae,

329 2174 384 2215 ut
403 2167 634 2225 ecclesiae,
651 2166 931 2224 nosocomii,
950 2166 1126 2230 pontis,
1145 2182 1352 2229 persona
1374 2166 1479 2229 geri
1493 2173 1658 2229 potest
1680 2181 1711 2213 a

329 2251 519 2291 rectore
541 2243 618 2290 vel
647 2250 872 2290 curatore
907 2242 1086 2305 aliquo.
1157 2242 1403 2289 Authores
1438 2248 1602 2289 autem
1632 2256 1710 2289 res

328 2318 604 2366 inanimatae
645 2334 747 2366 esse
785 2334 882 2366 non
920 2326 1125 2381 possunt
1145 2339 1157 2373 ;
1200 2333 1369 2365 verum
1406 2325 1622 2365 rectores
1661 2324 1710 2365 et

327 2402 590 2453 curatores,
617 2394 700 2457 qui
722 2401 901 2458 gerunt
923 2409 1181 2456 personam
1217 2409 1380 2440 rerum
1416 2392 1708 2440 inanimata-

326 2486 450 2528 rum,
487 2477 635 2533 agent
669 2485 756 2532 per
790 2468 1136 2517 authoritatem
1173 2484 1354 2525 eorum,
1391 2484 1597 2531 quorum
1633 2474 1708 2516 est

326 2546 594 2594 dominium
616 2544 823 2592 illarum.
893 2544 1117 2591 Personae
1152 2559 1268 2606 ergo
1305 2543 1543 2606 ejusmodi
1567 2551 1708 2591 extra

325 2630 506 2670 statum
525 2620 714 2668 civilem
738 2635 836 2667 non
860 2619 1090 2667 existunt.

392 2697 613 2755 Infantis,
639 2703 690 2743 et
712 2696 815 2759 ejus
834 2694 915 2758 qui
938 2694 1114 2742 mentis
1143 2709 1341 2756 compos
1359 2709 1458 2740 non
1483 2700 1571 2752 est,
1594 2708 1705 2757 per-

325 2789 444 2821 sona
457 2772 560 2836 geri
575 2779 736 2835 potest
752 2786 839 2835 per
856 2778 1091 2824 tutorem;
1118 2769 1199 2831 qui
1216 2777 1397 2827 tamen,
1417 2768 1533 2816 dum
1546 2767 1705 2816 infans

326 2848 500 2896 mentis
536 2848 692 2911 impos
728 2855 815 2905 est,
841 2846 1016 2894 author
1052 2861 1150 2892 non
1182 2853 1254 2892 est
1278 2844 1371 2892 nisi
1395 2859 1483 2908 per
1507 2859 1705 2892 conces-
