1968 3236
0 2266 21 2714 „Fhw-”WQWnuJ
13 2095 20 2203 .
7 2061 10 2067 >
0 2015 17 2039 ‘1³
0 1928 17 1996 ἐμ
18 1906 20 1910 V
13 1874 17 1878 .
0 1847 4 1851 ’
0 1734 12 1814 «νῆα-ν
5 1678 7 1683 Α
0 1638 3 1643 -
0 1587 11 1601 ·„

704 192 774 224 nn
801 190 1076 225 cwrrarss.
1484 175 1575 227 175

189 319 300 368 quae
322 303 488 352 omnia
516 302 710 351 definiri
752 303 947 351 debent.
1019 300 1402 348 Constituuntur
1441 298 1572 345 enim
1601 319 1705 351 051³,
1725 318 1846 350 χχιι,

188 379 451 443 aliquando
475 378 538 426 ad
562 378 825 441 regendam
849 377 1150 442 provinciam
1186 391 1298 423 cum
1331 380 1575 438 potestate
1616 373 1822 440 Dm

188 455 343 504 literis
366 454 580 502 civitatis
603 454 878 501 terminata.
949 452 1047 501 Sed
1069 450 1431 515 provinciarum
1467 464 1576 512 quae
1613 442 1823 483 ‘ibus'civium

189 547 222 579 a
243 530 450 579 coetibus
475 529 525 576 in
549 529 655 592 ipsa
676 528 929 592 provincia
952 526 1276 575 residentibus
1300 525 1576 588 gubernan-

190 614 288 665 tur,
310 622 469 670 pauca
492 613 608 652 sunt
628 605 864 668 exempla.
936 602 1146 651 Romani
1168 600 1444 666 provincias
1467 615 1578 648 suas

190 681 495 747 praesidibuffi
515 680 823 743 praetoribus,
841 679 918 727 vel
932 678 1334 742 procuratoribus
1348 676 1579 724 adminis-

191 764 478 810 traverunt;
504 772 603 803 non
629 756 853 813 coetibus,
881 755 1008 803 sicut
1026 753 1459 802 administrabatur
1475 751 1582 814 ipsa

192 834 367 883 Roma.
405 832 639 880 Similiter
654 833 842 879 emissae
857 831 920 878 ad
935 830 1206 894 Virginiam
1221 838 1271 877 et
1287 827 1581 877 Bermudam

191 908 415 966 coloniae,
453 923 733 970 quanquam
769 922 957 954 summa
991 914 1209 969 potestas
1244 905 1295 952 in
1320 904 1426 952 illas
1449 919 1583 951 com-

193 984 342 1033 missa
364 991 494 1031 esset
516 983 665 1029 coetui
690 981 1088 1039 Londinensium,
1114 987 1269 1028 coetus
1300 987 1466 1027 tamen
1502 977 1583 1026 ille

194 1059 411 1108 colonias
434 1058 539 1105 illas
562 1073 650 1120 per
680 1057 939 1120 praefectos
973 1055 1348 1103 administravit.
1419 1054 1585 1103 Quan-

196 1150 343 1199 quam
366 1133 498 1180 enim
520 1132 854 1195 unusquisque
873 1130 1122 1194 regiminis
1145 1138 1334 1194 partem
1358 1145 1585 1178 exercere

196 1208 378 1273 cupiat,
394 1207 477 1254 ubi
496 1206 663 1254 adesse
680 1206 781 1270 ipse
799 1214 960 1270 potest
981 1226 993 1261 ;
1018 1205 1102 1253 ubi
1117 1212 1282 1253 tamen
1301 1205 1470 1253 adesse
1485 1221 1586 1252 non

196 1291 374 1349 potest,
391 1299 494 1330 rem
510 1298 817 1330 communem
832 1281 1142 1329 monarchice
1158 1297 1306 1345 quam
1322 1281 1399 1329 vel
1414 1280 1589 1328 aristo-

198 1359 382 1410 cratice
404 1358 481 1406 vel
505 1357 832 1405 democratice
855 1357 1186 1405 administrari
1221 1356 1408 1404 mavult
1442 1365 1585 1403 natu-

198 1435 382 1484 raliter.
458 1433 607 1482 Quod
646 1432 960 1480 manifestum
1001 1432 1150 1480 etiam
1187 1439 1262 1480 est
1298 1431 1350 1480 in
1385 1431 1588 1496 privatis

197 1509 480 1559 hominibus
503 1508 587 1571 qui
610 1508 789 1556 multas
810 1508 995 1555 habent
1017 1508 1377 1571 possessiones;
1403 1507 1503 1571 qui,
1522 1507 1590 1555 la-

198 1587 318 1635 bore
340 1583 713 1632 administrandi
727 1584 927 1648 negotia
939 1584 1140 1647 propria
1155 1584 1307 1632 levari
1320 1584 1589 1647 cupientes,

199 1662 411 1711 amicum
428 1659 507 1708 vel
530 1659 767 1707 famulum
789 1676 943 1707 unum
965 1660 1129 1723 potius
1153 1660 1356 1724 eligunt,
1381 1659 1460 1708 cui
1482 1675 1592 1723 pos-

200 1737 471 1787 sessionum
506 1751 702 1783 suarum
738 1751 908 1783 curam
943 1736 1273 1794 committant,
1298 1751 1445 1799 qnam
1468 1736 1590 1783 ami-

201 1828 373 1862 corum
396 1811 473 1860 vel
506 1811 801 1859 famulorum
834 1811 1047 1875 plurium
1083 1814 1351 1876 systemati.
1421 1812 1590 1860 Potest

203 1896 371 1937 tamen
393 1886 656 1951 provinciae
678 1887 757 1935 vel
771 1887 976 1936 coloniae
994 1903 1114 1936 cura
1127 1888 1277 1936 etiam
1294 1887 1446 1936 coetui
1461 1903 1592 1934 com-

201 1963 351 2012 mitti.
422 1962 635 2012 Quando
659 1971 827 2011 autem
861 1962 914 2011 id
947 1964 1021 2022 fit,
1062 1963 1390 2027 quodcunque
1427 1964 1488 2011 ab
1529 1979 1588 2011 eo

202 2046 338 2089 coetu
360 2038 582 2086 debitum
617 2046 925 2087 contractum
958 2038 1136 2094 fuerit;
1179 2046 1228 2086 et
1264 2037 1593 2103 quodcunque

204 2114 458 2164 decretum
481 2114 544 2162 ab
573 2129 632 2162 eo
668 2121 801 2162 coetu
834 2114 1058 2162 illicitum
1095 2114 1260 2173 fuerit,
1295 2113 1482 2162 factum
1518 2120 1594 2161 est

204 2189 403 2239 illorum
423 2196 617 2237 tantum
640 2190 724 2252 qui
745 2205 835 2253 per
868 2189 1100 2253 suffragia
1136 2205 1225 2238 sua
1263 2196 1592 2247 assenserunt,

205 2281 309 2315 non
330 2272 497 2314 autem
519 2264 625 2327 ejus
643 2264 728 2327 qui
751 2264 980 2312 dissensit
997 2264 1075 2313 vel
1098 2265 1271 2323 abfuit,
1289 2271 1493 2328 propter
1515 2279 1594 2311 ra-

206 2339 367 2389 tionoe
389 2355 538 2404 supra
560 2339 815 2389 adductas.
884 2341 1054 2389 Coetus
1073 2348 1212 2389 extra
1229 2341 1351 2388 fines
1372 2339 1593 2399 coloniae,

207 2431 355 2479 quam
377 2414 703 2474 administrat,
725 2423 1019 2479 potestatem
1041 2416 1093 2464 in
1111 2431 1344 2480 personas
1367 2415 1444 2462 vel
1465 2415 1595 2463 bona

208 2490 414 2539 coloniae
431 2506 532 2538 non
548 2490 712 2549 habet,
732 2507 828 2554 qua
846 2491 977 2539 bona
992 2508 1163 2540 eorum
1182 2491 1234 2539 in
1250 2491 1359 2539 loco
1378 2506 1596 2554 quocun-

209 2581 305 2629 que
317 2572 456 2614 extra
470 2565 624 2629 ipsam
638 2566 879 2614 coloniam
893 2574 1094 2630 propter
1108 2566 1322 2614 debitam
1335 2565 1595 2629 pecuniam

206 2641 405 2705 exigere
422 2641 534 2703 jure
556 2648 748 2704 potest;
782 2641 898 2704 quia
921 2648 1061 2690 extra
1082 2641 1325 2689 coloniam
1342 2640 1496 2704 ipsam
1514 2642 1595 2704 ju-

209 2715 543 2765 risdictionem
588 2715 772 2764 nullam
818 2716 980 2765 habet.
1051 2717 1187 2765 Idem
1224 2724 1397 2774 coetu8‚
1438 2731 1594 2779 quan-

208 2806 359 2855 quam
381 2790 652 2839 mulctandi
675 2792 896 2840 membra
925 2791 1193 2855 singularia
1220 2792 1301 2855 jus
1334 2791 1528 2851 habeat,
1552 2792 1594 2840 si
