1968 3236
173 379 276 412 CAP.
292 379 406 413 XLII.

196 435 384 456 -Ὗῄκ

189 475 234 503 De
247 478 387 513 potestate

187 518 391 547 ecclesiatica.

441 237 538 283 360
763 249 833 282 DE
862 248 1118 282 CIVITATE
1147 249 1501 284 CHRISTIANA.

509 359 1016 416 Porro,ministrorum
1036 359 1218 407 Christi
1235 361 1448 408 officium
1464 361 1514 408 in
1528 361 1622 408 hoc
1638 359 1821 408 mundo

442 442 562 490 erat,
577 442 631 482 ut
655 435 873 481 homines
900 434 1100 481 credere
1115 434 1165 482 in
1182 434 1431 484 Christum
1454 435 1820 500 persuaderent.

443 509 650 556 Credere
670 516 832 556 autem
853 510 962 572 cogi
982 525 1125 557 nemo
1143 518 1321 573 potest,
1337 527 1495 575 neque
1509 514 1648 575 jussu
1663 527 1821 575 neque

439 585 502 643 vi,
538 585 622 632 sed
656 585 845 632 ratione
882 592 1089 643 tantum,
1125 587 1522 651 argumentisque
1558 587 1718 635 ductis
1744 587 1822 635 vel

439 677 469 708 a
491 661 678 708 ratione
711 660 789 707 vel
823 660 884 707 ab
920 660 1084 723 aliqua
1118 677 1170 708 re
1207 678 1352 724 quam
1382 664 1484 726 jam
1519 671 1632 711 ante
1667 662 1822 711 credi-

439 736 613 784 derint.
685 735 902 783 Ministri
937 751 1056 799 ergo
1094 735 1274 784 Christi
1308 738 1358 785 in
1393 739 1486 786 hoc
1526 739 1726 798 mundo,
1761 755 1820 786 eo

436 813 630 860 nomine
667 812 797 875 quod
831 813 1026 860 illorum
1063 812 1299 862 doctrinae
1322 830 1422 862 non
1459 815 1522 862 sit
1563 814 1818 873 creditum,

435 889 512 936 vel
537 889 667 950 quod
691 888 755 935 sit
779 889 1153 948 contradictum,
1178 896 1470 952 potestatem
1499 907 1600 938 non
1634 891 1820 938 habent

437 980 729 1027 quamquam
771 965 1007 1027 puniendi
1029 983 1038 1011 :
1083 982 1140 1013 eo
1179 966 1391 1023 nomine,
1435 967 1649 1030 inquam,
1689 966 1821 1030 quod

436 1040 644 1087 ministri
669 1039 851 1087 Christi
876 1049 1006 1098 sunt,
1023 1047 1317 1103 potestatem
1342 1042 1614 1090 coercivam
1635 1042 1820 1090 nullam

435 1115 630 1163 habent.
715 1116 1050 1164 Veruntamen
1088 1116 1128 1164 si
1167 1118 1274 1180 qu‘s
1297 1125 1591 1180 potestatem
1628 1118 1819 1166 civilem

437 1206 674 1238 summam
698 1190 890 1249 habeat,
917 1191 1076 1253 sitque
1100 1191 1229 1238 idem
1253 1192 1475 1240 minister
1512 1193 1706 1251 Christi,
1730 1209 1820 1256 pu-

435 1265 540 1313 nire
565 1266 688 1324 illos,
715 1267 796 1329 qui
822 1267 1061 1315 doctrinae
1085 1283 1184 1315 suae
1209 1267 1399 1331 legibus
1423 1269 1678 1332 explicatae
1703 1285 1820 1315 con—

437 1341 702 1401 tradicunt,
737 1343 846 1405 jure
882 1343 962 1390 ille
997 1343 1194 1406 poterit.
1265 1344 1426 1391 Etiam
1462 1344 1511 1391 S.
1549 1343 1724 1392 Paulus
1759 1343 1821 1392 de

438 1416 596 1479 seipso
622 1418 906 1480 caeterisque
933 1419 1007 1466 sui
1032 1419 1264 1482 temporis
1288 1419 1706 1483 praedicatoribus,
1726 1436 1820 1468 non

438 1491 684 1551 habemus,
709 1493 867 1556 inquit
896 1494 944 1553 (2
973 1494 1081 1542 Cor.
1103 1495 1135 1541 i.
1161 1497 1267 1554 24),
1294 1495 1554 1542 dominium
1591 1495 1640 1542 in
1658 1495 1820 1558 fidem

438 1573 667 1626 vestram,
692 1569 785 1615 Sed
802 1570 986 1633 gaudii
1008 1570 1165 1617 vestri
1189 1570 1451 1633 adjutores
1473 1587 1652 1618 sumus.

505 1642 651 1691 Quod
674 1644 882 1691 ministri
907 1645 1087 1692 Christi
1122 1645 1172 1693 in
1208 1645 1302 1694 hoc
1339 1646 1522 1694 mundo
1552 1648 1633 1710 jus
1666 1646 1820 1710 impe-

438 1717 577 1764 randi
592 1734 687 1765 non
705 1719 931 1779 habeant,
943 1721 1117 1769 deduci
1133 1729 1295 1784 potest
1311 1731 1653 1785 argumentum
1670 1722 1818 1770 etiam

438 1793 499 1840 ab
545 1794 840 1842 authoritate
881 1796 1114 1859 legitima,
1163 1813 1306 1860 quam
1354 1797 1551 1860 reliquit
1593 1797 1820 1846 Christus

439 1868 738 1931 principibus
763 1871 1000 1929 omnibus,
1026 1880 1130 1919 tum
1151 1873 1454 1931 Christianis,
1475 1882 1579 1920 tum
1595 1873 1819 1921 ethnicis.

440 1943 624 1991 Coloss.
650 1944 715 1991 iii.
742 1951 821 2002 20,
847 1946 966 1995 dicit
1003 1949 1051 1995 S.
1079 1949 1283 1996 Paulus:
1319 1948 1457 2006 Filii,
1494 1948 1691 1996 obedite
1722 1966 1819 2011 pa-

439 2019 663 2066 rentibus
689 2037 787 2084 per
825 2024 1014 2079 omnim
1050 2024 1140 2072 hoc·
1175 2024 1300 2072 enim
1325 2024 1575 2089 placitum
1605 2030 1681 2071 est
1714 2025 1819 2072 Do-

438 2094 597 2142 mino:
633 2104 683 2143 et
721 2096 863 2156 (vers.
890 2100 1001 2160 22):
1053 2100 1197 2148 Servi-
1231 2100 1429 2148 obedite
1464 2100 1673 2148 dominis
1708 2115 1822 2148 car-

439 2169 651 2229 nalibus,
687 2187 780 2219 non
815 2173 887 2220 ad
918 2174 1104 2222 oculum
1135 2176 1420 2233 serviente-5,
1446 2175 1593 2239 quasi
1616 2175 1822 2223 leomini-

439 2243 527 2291 bus
541 2244 820 2309 placentem,
846 2248 939 2295 sed
961 2249 1007 2296 in
1033 2250 1361 2315 Simplicitate
1385 2251 1570 2310 cordi—S,
1596 2250 1821 2299 timentes

439 2319 612 2367 Deum.
683 2320 828 2368 Dicta
850 2330 1011 2370 autem
1035 2324 1140 2372 haec
1165 2334 1279 2373 sunt
1304 2326 1367 2374 ad
1391 2342 1472 2374 eos
1499 2341 1707 2390 quorum
1731 2326 1818 2374 do-

439 2396 559 2443 mini
605 2405 743 2444 erant
784 2397 965 2445 ethnici
987 2421 998 2454 ;
1043 2401 1278 2462 jubentur
1320 2409 1484 2449 tamen
1525 2401 1722 2449 obedire
1767 2401 1819 2449 in

439 2471 672 2519 omnibns.
745 2472 944 2531 Rursus,
966 2473 1025 2520 de
1041 2475 1318 2524 obedientia
1335 2476 1635 2540 principibus
1653 2476 1821 2525 debita

440 2547 558 2594 dicit
577 2547 738 2608 (Rom.
763 2547 863 2594 xiii.
885 2554 931 2605 4,
958 2552 1031 2609 5):
1058 2549 1160 2596 Dei
1184 2551 1307 2598 enim
1333 2552 1558 2599 minister
1581 2558 1658 2599 est
1671 2551 1818 2616 prin-

438 2638 570 2686 ceps,
595 2622 775 2670 vindex
800 2622 850 2669 in
874 2622 1001 2670 iram
1025 2624 1085 2681 ei,
1113 2626 1198 2688 qui
1221 2627 1398 2674 malum
1433 2628 1573 2692 agit:
1609 2626 1821 2691 ideoque

438 2698 735 2745 necessitate
752 2696 941 2746 subditi
954 2706 1111 2746 estote
1128 2719 1145 2753 ;
1171 2718 1262 2748 non
1278 2702 1433 2750 sol-um
1439 2709 1659 2767 propter
1673 2702 1818 2761 iram,

438 2772 532 2820 secl
560 2773 708 2821 etiam
729 2779 947 2837 propter
972 2775 1334 2824 conscientiam.
1405 2778 1469 2825 Et
1498 2778 1707 2826 Sanctus
1731 2777 1818 2826 Pe-
