<?xml version="1.0" encoding="UTF-8"?>
<!DOCTYPE html PUBLIC "-//W3C//DTD XHTML 1.0 Transitional//EN"
    "http://www.w3.org/TR/xhtml1/DTD/xhtml1-transitional.dtd">
<html xmlns="http://www.w3.org/1999/xhtml" xml:lang="en" lang="en">
 <head>
  <title>
</title>
<meta http-equiv="Content-Type" content="text/html;charset=utf-8" />
  <meta name='ocr-system' content='tesseract 3.04.00' />
  <meta name='ocr-capabilities' content='ocr_page ocr_carea ocr_par ocr_line ocrx_word'/>
</head>
<body>
  <div class='ocr_page' id='page_1' title='image "./operaphilosophic03hobbuoft_0033.png"; bbox 0 0 1910 3236; ppageno 0'>
   <div class='ocr_carea' id='block_1_1' title="bbox 670 310 1527 355">
    <p class='ocr_par' dir='ltr' id='par_1_1' title="bbox 670 310 1527 355">
     <span class='ocr_line' id='line_1_1' title="bbox 670 310 1527 355; baseline -0.004 0"><span class='ocrx_word' id='word_1_1' title='bbox 670 322 738 355; x_wconf 75' lang='lat' dir='ltr'>DE</span> <span class='ocrx_word' id='word_1_2' title='bbox 769 322 1011 355; x_wconf 69' lang='lat' dir='ltr'>nomme.</span> <span class='ocrx_word' id='word_1_3' title='bbox 1468 310 1527 352; x_wconf 80' lang='lat'>21</span> 
     </span>
    </p>
   </div>
   <div class='ocr_carea' id='block_1_2' title="bbox 677 581 1011 630">
    <p class='ocr_par' dir='ltr' id='par_1_2' title="bbox 677 581 1011 630">
     <span class='ocr_line' id='line_1_2' title="bbox 677 581 1011 630; baseline -0.003 0"><span class='ocrx_word' id='word_1_4' title='bbox 677 581 893 630; x_wconf 87' lang='lat' dir='ltr'><strong>CAPUT</strong></span> <span class='ocrx_word' id='word_1_5' title='bbox 929 582 1011 629; x_wconf 89' lang='lat' dir='ltr'>IV.</span> 
     </span>
    </p>
   </div>
   <div class='ocr_carea' id='block_1_3' title="bbox 681 721 1012 753">
    <p class='ocr_par' dir='ltr' id='par_1_3' title="bbox 681 721 1012 753">
     <span class='ocr_line' id='line_1_3' title="bbox 681 721 1012 753; baseline -0.003 0"><span class='ocrx_word' id='word_1_6' title='bbox 681 722 743 753; x_wconf 78' lang='lat' dir='ltr'>DE</span> <span class='ocrx_word' id='word_1_7' title='bbox 768 721 1012 753; x_wconf 75' lang='lat' dir='ltr'>SERMONE.</span> 
     </span>
    </p>
   </div>
   <div class='ocr_carea' id='block_1_4' title="bbox 149 814 1773 881">
    <p class='ocr_par' dir='ltr' id='par_1_4' title="bbox 149 814 1773 881">
     <span class='ocr_line' id='line_1_4' title="bbox 149 814 1773 881; baseline -0.006 -13"><span class='ocrx_word' id='word_1_8' title='bbox 149 819 429 868; x_wconf 76' lang='lat' dir='ltr'>INvssN‘rlo</span> <span class='ocrx_word' id='word_1_9' title='bbox 472 816 605 864; x_wconf 76' lang='lat' dir='ltr'>artis</span> <span class='ocrx_word' id='word_1_10' title='bbox 644 814 1049 881; x_wconf 64' lang='lat' dir='ltr'>typographicae,</span> <span class='ocrx_word' id='word_1_11' title='bbox 1086 830 1365 878; x_wconf 85' lang='lat' dir='ltr'><strong>quanquam</strong></span> <span class='ocrx_word' id='word_1_12' title='bbox 1400 814 1538 878; x_wconf 86' lang='lat' dir='ltr'><strong>inge-</strong></span> <span class='ocrx_word' id='word_1_13' title='bbox 1588 828 1773 859; x_wconf 56' lang='grc' dir='ltr'><strong>(Ἥκω.</strong></span> 
     </span>
    </p>
   </div>
   <div class='ocr_carea' id='block_1_5' title="bbox 1591 882 1782 904">
    <p class='ocr_par' dir='ltr' id='par_1_5' title="bbox 1591 882 1782 904">
     <span class='ocr_line' id='line_1_5' title="bbox 1591 882 1782 904; baseline -0.005 -7"><span class='ocrx_word' id='word_1_14' title='bbox 1591 882 1782 904; x_wconf 39' lang='lat' dir='ltr'>*uf—’³</span> 
     </span>
    </p>
   </div>
   <div class='ocr_carea' id='block_1_6' title="bbox 148 890 1782 953">
    <p class='ocr_par' dir='ltr' id='par_1_6' title="bbox 148 890 1782 953">
     <span class='ocr_line' id='line_1_6' title="bbox 148 890 1782 953; baseline -0.002 -9"><span class='ocrx_word' id='word_1_15' title='bbox 148 895 303 953; x_wconf 85' lang='lat' dir='ltr'>niosa,</span> <span class='ocrx_word' id='word_1_16' title='bbox 328 893 507 942; x_wconf 88' lang='lat' dir='ltr'>collata</span> <span class='ocrx_word' id='word_1_17' title='bbox 524 901 689 940; x_wconf 85' lang='lat' dir='ltr'>tamen</span> <span class='ocrx_word' id='word_1_18' title='bbox 714 907 827 938; x_wconf 91' lang='lat' dir='ltr'>cum</span> <span class='ocrx_word' id='word_1_19' title='bbox 845 890 1129 938; x_wconf 87' lang='lat' dir='ltr'>inventione</span> <span class='ocrx_word' id='word_1_20' title='bbox 1153 890 1415 938; x_wconf 84' lang='lat' dir='ltr'>literarum</span> <span class='ocrx_word' id='word_1_21' title='bbox 1437 907 1537 940; x_wconf 89' lang='lat' dir='ltr'>non</span> <span class='ocrx_word' id='word_1_22' title='bbox 1585 922 1629 951; x_wconf 64' lang='lat' dir='ltr'>D,</span> <span class='ocrx_word' id='word_1_23' title='bbox 1643 930 1782 950; x_wconf 52' lang='lat' dir='ltr'>„mm</span> 
     </span>
    </p>
   </div>
   <div class='ocr_carea' id='block_1_7' title="bbox 148 966 1548 3006">
    <p class='ocr_par' dir='ltr' id='par_1_7' title="bbox 148 966 1548 3006">
     <span class='ocr_line' id='line_1_7' title="bbox 148 966 1538 1035; baseline -0.002 -16"><span class='ocrx_word' id='word_1_24' title='bbox 148 986 330 1035; x_wconf 85' lang='lat' dir='ltr'>magna</span> <span class='ocrx_word' id='word_1_25' title='bbox 351 985 430 1017; x_wconf 87' lang='lat' dir='ltr'>res</span> <span class='ocrx_word' id='word_1_26' title='bbox 459 975 548 1016; x_wconf 89' lang='lat' dir='ltr'>est.</span> <span class='ocrx_word' id='word_1_27' title='bbox 619 967 808 1014; x_wconf 86' lang='lat' dir='ltr'>Literas</span> <span class='ocrx_word' id='word_1_28' title='bbox 843 973 1008 1013; x_wconf 89' lang='lat' dir='ltr'>autem</span> <span class='ocrx_word' id='word_1_29' title='bbox 1042 966 1149 1029; x_wconf 88' lang='lat' dir='ltr'>quis</span> <span class='ocrx_word' id='word_1_30' title='bbox 1180 966 1370 1014; x_wconf 83' lang='lat' dir='ltr'>invenit</span> <span class='ocrx_word' id='word_1_31' title='bbox 1396 967 1538 1031; x_wconf 89' lang='lat' dir='ltr'>igno-</span> 
     </span>
     <span class='ocr_line' id='line_1_8' title="bbox 149 1042 1538 1108; baseline -0.002 -13"><span class='ocrx_word' id='word_1_32' title='bbox 149 1055 300 1095; x_wconf 82' lang='lat' dir='ltr'>ratur.</span> <span class='ocrx_word' id='word_1_33' title='bbox 371 1045 471 1094; x_wconf 79' lang='lat' dir='ltr'>Qui</span> <span class='ocrx_word' id='word_1_34' title='bbox 494 1044 681 1108; x_wconf 91' lang='lat' dir='ltr'>primus</span> <span class='ocrx_word' id='word_1_35' title='bbox 711 1043 818 1090; x_wconf 86' lang='lat' dir='ltr'>illas</span> <span class='ocrx_word' id='word_1_36' title='bbox 852 1042 1019 1090; x_wconf 90' lang='lat' dir='ltr'>intulit</span> <span class='ocrx_word' id='word_1_37' title='bbox 1051 1042 1101 1090; x_wconf 92' lang='lat' dir='ltr'>in</span> <span class='ocrx_word' id='word_1_38' title='bbox 1126 1043 1380 1103; x_wconf 86' lang='lat' dir='ltr'>Graeciam,</span> <span class='ocrx_word' id='word_1_39' title='bbox 1408 1043 1538 1092; x_wconf 90' lang='lat' dir='ltr'>Cad-</span> 
     </span>
     <span class='ocr_line' id='line_1_9' title="bbox 149 1117 1537 1181; baseline -0.003 -10"><span class='ocrx_word' id='word_1_40' title='bbox 149 1138 284 1171; x_wconf 90' lang='lat' dir='ltr'>mum</span> <span class='ocrx_word' id='word_1_41' title='bbox 307 1137 412 1168; x_wconf 87' lang='lat' dir='ltr'>esse</span> <span class='ocrx_word' id='word_1_42' title='bbox 439 1119 622 1178; x_wconf 87' lang='lat' dir='ltr'>ferunt,</span> <span class='ocrx_word' id='word_1_43' title='bbox 658 1118 815 1166; x_wconf 91' lang='lat' dir='ltr'>filium</span> <span class='ocrx_word' id='word_1_44' title='bbox 839 1117 1082 1181; x_wconf 86' lang='lat' dir='ltr'>Agenoris</span> <span class='ocrx_word' id='word_1_45' title='bbox 1106 1118 1235 1181; x_wconf 87' lang='lat' dir='ltr'>regis</span> <span class='ocrx_word' id='word_1_46' title='bbox 1259 1118 1537 1167; x_wconf 88' lang='lat' dir='ltr'>Phoeniciae.</span> 
     </span>
     <span class='ocr_line' id='line_1_10' title="bbox 150 1194 1540 1260; baseline -0.002 -14"><span class='ocrx_word' id='word_1_47' title='bbox 150 1197 502 1260; x_wconf 85' lang='lat' dir='ltr'><strong>Excogitatum</strong></span> <span class='ocrx_word' id='word_1_48' title='bbox 526 1195 590 1243; x_wconf 87' lang='lat' dir='ltr'>ad</span> <span class='ocrx_word' id='word_1_49' title='bbox 612 1194 1038 1258; x_wconf 89' lang='lat' dir='ltr'>perpetuationem</span> <span class='ocrx_word' id='word_1_50' title='bbox 1065 1195 1314 1242; x_wconf 88' lang='lat' dir='ltr'>memoriae</span> <span class='ocrx_word' id='word_1_51' title='bbox 1349 1203 1540 1258; x_wconf 91' lang='lat' dir='ltr'>tempo-</span> 
     </span>
     <span class='ocr_line' id='line_1_11' title="bbox 150 1268 1538 1337; baseline -0.001 -15"><span class='ocrx_word' id='word_1_52' title='bbox 150 1274 219 1323; x_wconf 85' lang='lat' dir='ltr'>ris</span> <span class='ocrx_word' id='word_1_53' title='bbox 241 1272 482 1337; x_wconf 85' lang='lat' dir='ltr'>praeteriti</span> <span class='ocrx_word' id='word_1_54' title='bbox 506 1279 555 1319; x_wconf 91' lang='lat' dir='ltr'>et</span> <span class='ocrx_word' id='word_1_55' title='bbox 589 1270 652 1318; x_wconf 91' lang='lat' dir='ltr'>ad</span> <span class='ocrx_word' id='word_1_56' title='bbox 676 1268 1076 1333; x_wconf 81' lang='lat' dir='ltr'>conjunctionem</span> <span class='ocrx_word' id='word_1_57' title='bbox 1100 1270 1296 1334; x_wconf 90' lang='lat' dir='ltr'>generis</span> <span class='ocrx_word' id='word_1_58' title='bbox 1319 1271 1538 1331; x_wconf 88' lang='lat' dir='ltr'>humani,</span> 
     </span>
     <span class='ocr_line' id='line_1_12' title="bbox 150 1346 1540 1410; baseline -0.002 -11"><span class='ocrx_word' id='word_1_59' title='bbox 150 1351 202 1399; x_wconf 90' lang='lat' dir='ltr'>in</span> <span class='ocrx_word' id='word_1_60' title='bbox 240 1357 318 1398; x_wconf 89' lang='lat' dir='ltr'>tot</span> <span class='ocrx_word' id='word_1_61' title='bbox 354 1356 404 1396; x_wconf 89' lang='lat' dir='ltr'>et</span> <span class='ocrx_word' id='word_1_62' title='bbox 440 1356 543 1395; x_wconf 88' lang='lat' dir='ltr'>tam</span> <span class='ocrx_word' id='word_1_63' title='bbox 584 1346 820 1394; x_wconf 88' lang='lat' dir='ltr'>distantes</span> <span class='ocrx_word' id='word_1_64' title='bbox 862 1346 994 1394; x_wconf 92' lang='lat' dir='ltr'>orbis</span> <span class='ocrx_word' id='word_1_65' title='bbox 1030 1354 1274 1394; x_wconf 90' lang='lat' dir='ltr'>terrarum</span> <span class='ocrx_word' id='word_1_66' title='bbox 1315 1347 1540 1410; x_wconf 86' lang='lat' dir='ltr'>regiones</span> 
     </span>
     <span class='ocr_line' id='line_1_13' title="bbox 152 1422 1540 1489; baseline -0.003 -14"><span class='ocrx_word' id='word_1_67' title='bbox 152 1424 371 1489; x_wconf 87' lang='lat' dir='ltr'>dispersi,</span> <span class='ocrx_word' id='word_1_68' title='bbox 390 1423 704 1471; x_wconf 87' lang='lat' dir='ltr'>utilissimum</span> <span class='ocrx_word' id='word_1_69' title='bbox 721 1444 733 1478; x_wconf 91' lang='grc'>;</span> <span class='ocrx_word' id='word_1_70' title='bbox 769 1422 998 1486; x_wconf 87' lang='lat' dir='ltr'>idemque</span> <span class='ocrx_word' id='word_1_71' title='bbox 1017 1422 1160 1470; x_wconf 84' lang='lat' dir='ltr'>simu]</span> <span class='ocrx_word' id='word_1_72' title='bbox 1184 1422 1540 1483; x_wconf 88' lang='lat' dir='ltr'>difficillimum,</span> 
     </span>
     <span class='ocr_line' id='line_1_14' title="bbox 150 1497 1542 1566; baseline -0.001 -16"><span class='ocrx_word' id='word_1_73' title='bbox 150 1508 323 1566; x_wconf 89' lang='lat' dir='ltr'>utpote</span> <span class='ocrx_word' id='word_1_74' title='bbox 367 1498 643 1563; x_wconf 91' lang='lat' dir='ltr'>profectum</span> <span class='ocrx_word' id='word_1_75' title='bbox 680 1499 742 1546; x_wconf 90' lang='lat' dir='ltr'>ab</span> <span class='ocrx_word' id='word_1_76' title='bbox 783 1497 1123 1546; x_wconf 88' lang='lat' dir='ltr'>observatione</span> <span class='ocrx_word' id='word_1_77' title='bbox 1170 1497 1542 1562; x_wconf 79' lang='lat' dir='ltr'>diligentissima</span> 
     </span>
     <span class='ocr_line' id='line_1_15' title="bbox 151 1573 1542 1638; baseline -0.001 -12"><span class='ocrx_word' id='word_1_78' title='bbox 151 1584 376 1627; x_wconf 88' lang='lat' dir='ltr'>motuum</span> <span class='ocrx_word' id='word_1_79' title='bbox 406 1575 602 1638; x_wconf 88' lang='lat' dir='ltr'>linguae,</span> <span class='ocrx_word' id='word_1_80' title='bbox 634 1574 802 1638; x_wconf 90' lang='lat' dir='ltr'>palati,</span> <span class='ocrx_word' id='word_1_81' title='bbox 836 1574 1102 1632; x_wconf 88' lang='lat' dir='ltr'>labrorum,</span> <span class='ocrx_word' id='word_1_82' title='bbox 1130 1573 1436 1638; x_wconf 90' lang='lat' dir='ltr'>aliorumque</span> <span class='ocrx_word' id='word_1_83' title='bbox 1470 1575 1542 1624; x_wconf 92' lang='lat' dir='ltr'>lo-</span> 
     </span>
     <span class='ocr_line' id='line_1_16' title="bbox 153 1650 1542 1717; baseline -0.001 -16"><span class='ocrx_word' id='word_1_84' title='bbox 153 1651 336 1717; x_wconf 89' lang='lat' dir='ltr'>quendi</span> <span class='ocrx_word' id='word_1_85' title='bbox 369 1666 682 1715; x_wconf 86' lang='lat' dir='ltr'>organorum,</span> <span class='ocrx_word' id='word_1_86' title='bbox 716 1650 786 1698; x_wconf 88' lang='lat' dir='ltr'>ita</span> <span class='ocrx_word' id='word_1_87' title='bbox 815 1658 873 1697; x_wconf 93' lang='lat' dir='ltr'>ut</span> <span class='ocrx_word' id='word_1_88' title='bbox 907 1650 1115 1698; x_wconf 89' lang='lat' dir='ltr'>totidem</span> <span class='ocrx_word' id='word_1_89' title='bbox 1144 1659 1306 1698; x_wconf 84' lang='lat' dir='ltr'>essent</span> <span class='ocrx_word' id='word_1_90' title='bbox 1341 1651 1542 1700; x_wconf 89' lang='lat' dir='ltr'>charac-</span> 
     </span>
     <span class='ocr_line' id='line_1_17' title="bbox 153 1725 1542 1789; baseline -0.001 -12"><span class='ocrx_word' id='word_1_91' title='bbox 153 1737 314 1777; x_wconf 85' lang='lat' dir='ltr'>terum</span> <span class='ocrx_word' id='word_1_92' title='bbox 338 1726 641 1784; x_wconf 86' lang='lat' dir='ltr'>differentiae,</span> <span class='ocrx_word' id='word_1_93' title='bbox 676 1725 853 1789; x_wconf 92' lang='lat' dir='ltr'>quibus</span> <span class='ocrx_word' id='word_1_94' title='bbox 882 1725 1316 1789; x_wconf 84' lang='lat' dir='ltr'>distinguerentur.</span> <span class='ocrx_word' id='word_1_95' title='bbox 1388 1727 1542 1776; x_wconf 92' lang='lat' dir='ltr'>Nobi-</span> 
     </span>
     <span class='ocr_line' id='line_1_18' title="bbox 152 1801 1542 1854; baseline -0.001 0"><span class='ocrx_word' id='word_1_96' title='bbox 152 1804 337 1854; x_wconf 86' lang='lat' dir='ltr'>lissima</span> <span class='ocrx_word' id='word_1_97' title='bbox 370 1809 536 1851; x_wconf 88' lang='lat' dir='ltr'>autem</span> <span class='ocrx_word' id='word_1_98' title='bbox 569 1810 620 1849; x_wconf 95' lang='lat' dir='ltr'>et</span> <span class='ocrx_word' id='word_1_99' title='bbox 654 1801 871 1850; x_wconf 91' lang='lat' dir='ltr'>omnium</span> <span class='ocrx_word' id='word_1_100' title='bbox 905 1801 1163 1850; x_wconf 90' lang='lat' dir='ltr'>utilissima</span> <span class='ocrx_word' id='word_1_101' title='bbox 1194 1802 1289 1850; x_wconf 88' lang='lat' dir='ltr'>fuit</span> <span class='ocrx_word' id='word_1_102' title='bbox 1324 1803 1542 1852; x_wconf 88' lang='lat' dir='ltr'>inventio</span> 
     </span>
     <span class='ocr_line' id='line_1_19' title="bbox 152 1877 1542 1943; baseline 0.001 -15"><span class='ocrx_word' id='word_1_103' title='bbox 152 1879 409 1938; x_wconf 68' lang='lat' dir='ltr'>sermonis,</span> <span class='ocrx_word' id='word_1_104' title='bbox 455 1895 517 1926; x_wconf 86' lang='lat' dir='ltr'>ex</span> <span class='ocrx_word' id='word_1_105' title='bbox 561 1877 834 1926; x_wconf 70' lang='lat' dir='ltr'><em>nominibus</em></span> <span class='ocrx_word' id='word_1_106' title='bbox 874 1878 974 1926; x_wconf 88' lang='lat' dir='ltr'>sive</span> <span class='ocrx_word' id='word_1_107' title='bbox 1021 1878 1448 1943; x_wconf 71' lang='lat' dir='ltr'>appellationibus</span> <span class='ocrx_word' id='word_1_108' title='bbox 1493 1890 1542 1929; x_wconf 91' lang='lat' dir='ltr'>et</span> 
     </span>
     <span class='ocr_line' id='line_1_20' title="bbox 154 1954 1543 2020; baseline 0.001 -15"><span class='ocrx_word' id='word_1_109' title='bbox 154 1971 324 2005; x_wconf 87' lang='lat' dir='ltr'>eorum</span> <span class='ocrx_word' id='word_1_110' title='bbox 370 1954 675 2003; x_wconf 83' lang='lat' dir='ltr'>connexione</span> <span class='ocrx_word' id='word_1_111' title='bbox 721 1954 1052 2013; x_wconf 89' lang='lat' dir='ltr'>consistentis,</span> <span class='ocrx_word' id='word_1_112' title='bbox 1100 1955 1278 2019; x_wconf 91' lang='lat' dir='ltr'>quibus</span> <span class='ocrx_word' id='word_1_113' title='bbox 1324 1958 1543 2020; x_wconf 88' lang='lat' dir='ltr'>cogitata</span> 
     </span>
     <span class='ocr_line' id='line_1_21' title="bbox 152 2030 1542 2092; baseline 0 -11"><span class='ocrx_word' id='word_1_114' title='bbox 152 2032 408 2081; x_wconf 87' lang='lat' dir='ltr'>hominum</span> <span class='ocrx_word' id='word_1_115' title='bbox 431 2030 690 2089; x_wconf 85' lang='lat' dir='ltr'>conscribi,</span> <span class='ocrx_word' id='word_1_116' title='bbox 727 2031 947 2078; x_wconf 76' lang='lat' dir='ltr'>revocari</span> <span class='ocrx_word' id='word_1_117' title='bbox 978 2031 1030 2079; x_wconf 90' lang='lat' dir='ltr'>in</span> <span class='ocrx_word' id='word_1_118' title='bbox 1065 2033 1367 2092; x_wconf 84' lang='lat' dir='ltr'>memoriam,</span> <span class='ocrx_word' id='word_1_119' title='bbox 1396 2042 1447 2080; x_wconf 92' lang='lat' dir='ltr'>et</span> <span class='ocrx_word' id='word_1_120' title='bbox 1480 2034 1542 2081; x_wconf 91' lang='lat' dir='ltr'>ab</span> 
     </span>
     <span class='ocr_line' id='line_1_22' title="bbox 154 2106 1543 2170; baseline -0.001 -13"><span class='ocrx_word' id='word_1_121' title='bbox 154 2124 254 2157; x_wconf 91' lang='lat' dir='ltr'>uno</span> <span class='ocrx_word' id='word_1_122' title='bbox 276 2107 342 2156; x_wconf 88' lang='lat' dir='ltr'>ad</span> <span class='ocrx_word' id='word_1_123' title='bbox 364 2107 514 2155; x_wconf 88' lang='lat' dir='ltr'>alium</span> <span class='ocrx_word' id='word_1_124' title='bbox 548 2106 771 2170; x_wconf 89' lang='lat' dir='ltr'>patefieri</span> <span class='ocrx_word' id='word_1_125' title='bbox 802 2115 1025 2170; x_wconf 87' lang='lat' dir='ltr'>possunt,</span> <span class='ocrx_word' id='word_1_126' title='bbox 1056 2107 1121 2155; x_wconf 92' lang='lat' dir='ltr'>ad</span> <span class='ocrx_word' id='word_1_127' title='bbox 1145 2124 1315 2156; x_wconf 92' lang='lat' dir='ltr'>eorum</span> <span class='ocrx_word' id='word_1_128' title='bbox 1339 2125 1543 2157; x_wconf 87' lang='lat' dir='ltr'>conver-</span> 
     </span>
     <span class='ocr_line' id='line_1_23' title="bbox 155 2182 1543 2248; baseline 0 -15"><span class='ocrx_word' id='word_1_129' title='bbox 155 2184 395 2233; x_wconf 79' lang='lat' dir='ltr'>sationem</span> <span class='ocrx_word' id='word_1_130' title='bbox 426 2190 476 2231; x_wconf 91' lang='lat' dir='ltr'>et</span> <span class='ocrx_word' id='word_1_131' title='bbox 510 2182 775 2230; x_wconf 85' lang='lat' dir='ltr'>utilitatem</span> <span class='ocrx_word' id='word_1_132' title='bbox 803 2190 1039 2231; x_wconf 91' lang='lat' dir='ltr'>mutuam.</span> <span class='ocrx_word' id='word_1_133' title='bbox 1111 2183 1241 2232; x_wconf 89' lang='lat' dir='ltr'>Nam</span> <span class='ocrx_word' id='word_1_134' title='bbox 1264 2184 1449 2248; x_wconf 89' lang='lat' dir='ltr'>absque</span> <span class='ocrx_word' id='word_1_135' title='bbox 1483 2201 1543 2233; x_wconf 90' lang='lat' dir='ltr'>eo</span> 
     </span>
     <span class='ocr_line' id='line_1_24' title="bbox 155 2258 1543 2323; baseline -0.001 -14"><span class='ocrx_word' id='word_1_136' title='bbox 155 2277 256 2309; x_wconf 88' lang='lat' dir='ltr'>non</span> <span class='ocrx_word' id='word_1_137' title='bbox 276 2259 450 2307; x_wconf 83' lang='lat' dir='ltr'>fuisset</span> <span class='ocrx_word' id='word_1_138' title='bbox 471 2258 602 2306; x_wconf 88' lang='lat' dir='ltr'>inter</span> <span class='ocrx_word' id='word_1_139' title='bbox 630 2258 854 2306; x_wconf 89' lang='lat' dir='ltr'>homines</span> <span class='ocrx_word' id='word_1_140' title='bbox 884 2275 1044 2322; x_wconf 91' lang='lat' dir='ltr'>neque</span> <span class='ocrx_word' id='word_1_141' title='bbox 1069 2260 1358 2323; x_wconf 87' lang='lat' dir='ltr'>respublica,</span> <span class='ocrx_word' id='word_1_142' title='bbox 1385 2277 1543 2323; x_wconf 92' lang='lat' dir='ltr'>neque</span> 
     </span>
     <span class='ocr_line' id='line_1_25' title="bbox 155 2335 1543 2400; baseline 0 -16"><span class='ocrx_word' id='word_1_143' title='bbox 155 2335 378 2394; x_wconf 80' lang='lat' dir='ltr'>societas,</span> <span class='ocrx_word' id='word_1_144' title='bbox 414 2350 574 2398; x_wconf 89' lang='lat' dir='ltr'>neque</span> <span class='ocrx_word' id='word_1_145' title='bbox 609 2342 823 2398; x_wconf 86' lang='lat' dir='ltr'>pactum,</span> <span class='ocrx_word' id='word_1_146' title='bbox 861 2351 1021 2398; x_wconf 90' lang='lat' dir='ltr'>neque</span> <span class='ocrx_word' id='word_1_147' title='bbox 1055 2352 1168 2399; x_wconf 85' lang='lat' dir='ltr'>pax,</span> <span class='ocrx_word' id='word_1_148' title='bbox 1203 2337 1360 2399; x_wconf 90' lang='lat' dir='ltr'>magis</span> <span class='ocrx_word' id='word_1_149' title='bbox 1396 2352 1543 2400; x_wconf 90' lang='lat' dir='ltr'>quam</span> 
     </span>
     <span class='ocr_line' id='line_1_26' title="bbox 155 2410 1547 2475; baseline 0 -15"><span class='ocrx_word' id='word_1_150' title='bbox 155 2410 286 2460; x_wconf 86' lang='lat' dir='ltr'>inter</span> <span class='ocrx_word' id='word_1_151' title='bbox 323 2410 508 2469; x_wconf 84' lang='lat' dir='ltr'>leones,</span> <span class='ocrx_word' id='word_1_152' title='bbox 553 2426 709 2470; x_wconf 87' lang='lat' dir='ltr'>ursos,</span> <span class='ocrx_word' id='word_1_153' title='bbox 751 2418 801 2459; x_wconf 91' lang='lat' dir='ltr'>et</span> <span class='ocrx_word' id='word_1_154' title='bbox 840 2411 996 2475; x_wconf 89' lang='lat' dir='ltr'>lupos.</span> <span class='ocrx_word' id='word_1_155' title='bbox 1068 2411 1320 2460; x_wconf 73' lang='lat' dir='ltr'>Sermonis</span> <span class='ocrx_word' id='word_1_156' title='bbox 1366 2413 1547 2460; x_wconf 89' lang='lat' dir='ltr'>author</span> 
     </span>
     <span class='ocr_line' id='line_1_27' title="bbox 155 2486 1547 2552; baseline 0 -16"><span class='ocrx_word' id='word_1_157' title='bbox 155 2487 342 2551; x_wconf 87' lang='lat' dir='ltr'>primus</span> <span class='ocrx_word' id='word_1_158' title='bbox 385 2486 481 2535; x_wconf 87' lang='lat' dir='ltr'>fuit</span> <span class='ocrx_word' id='word_1_159' title='bbox 515 2486 692 2545; x_wconf 89' lang='lat' dir='ltr'>Adam,</span> <span class='ocrx_word' id='word_1_160' title='bbox 731 2487 816 2551; x_wconf 84' lang='lat' dir='ltr'>qui</span> <span class='ocrx_word' id='word_1_161' title='bbox 855 2497 1122 2547; x_wconf 87' lang='lat' dir='ltr'>creaturas,</span> <span class='ocrx_word' id='word_1_162' title='bbox 1169 2505 1290 2552; x_wconf 85' lang='lat' dir='ltr'>quas</span> <span class='ocrx_word' id='word_1_163' title='bbox 1327 2488 1392 2536; x_wconf 91' lang='lat' dir='ltr'>ad</span> <span class='ocrx_word' id='word_1_164' title='bbox 1429 2504 1547 2536; x_wconf 90' lang='lat' dir='ltr'>con-</span> 
     </span>
     <span class='ocr_line' id='line_1_28' title="bbox 158 2562 1547 2626; baseline 0.001 -16"><span class='ocrx_word' id='word_1_165' title='bbox 158 2570 380 2626; x_wconf 86' lang='lat' dir='ltr'>spectum</span> <span class='ocrx_word' id='word_1_166' title='bbox 403 2563 508 2626; x_wconf 87' lang='lat' dir='ltr'>ejus</span> <span class='ocrx_word' id='word_1_167' title='bbox 531 2562 738 2611; x_wconf 85' lang='lat' dir='ltr'>adduxit</span> <span class='ocrx_word' id='word_1_168' title='bbox 763 2563 910 2623; x_wconf 91' lang='lat' dir='ltr'>Deus,</span> <span class='ocrx_word' id='word_1_169' title='bbox 935 2564 1220 2613; x_wconf 83' lang='lat' dir='ltr'>nominavit.</span> <span class='ocrx_word' id='word_1_170' title='bbox 1292 2565 1547 2612; x_wconf 90' lang='lat' dir='ltr'>Hactenus</span> 
     </span>
     <span class='ocr_line' id='line_1_29' title="bbox 157 2637 1548 2702; baseline 0.001 -16"><span class='ocrx_word' id='word_1_171' title='bbox 157 2645 350 2686; x_wconf 84' lang='lat' dir='ltr'>tantum</span> <span class='ocrx_word' id='word_1_172' title='bbox 379 2637 441 2686; x_wconf 90' lang='lat' dir='ltr'>de</span> <span class='ocrx_word' id='word_1_173' title='bbox 475 2654 535 2686; x_wconf 91' lang='lat' dir='ltr'>ea</span> <span class='ocrx_word' id='word_1_174' title='bbox 568 2654 622 2686; x_wconf 90' lang='lat' dir='ltr'>re</span> <span class='ocrx_word' id='word_1_175' title='bbox 657 2638 912 2702; x_wconf 87' lang='lat' dir='ltr'>Scriptura</span> <span class='ocrx_word' id='word_1_176' title='bbox 935 2639 1118 2695; x_wconf 88' lang='lat' dir='ltr'>Sacra;</span> <span class='ocrx_word' id='word_1_177' title='bbox 1155 2640 1243 2688; x_wconf 92' lang='lat' dir='ltr'>sed</span> <span class='ocrx_word' id='word_1_178' title='bbox 1277 2640 1548 2688; x_wconf 89' lang='lat' dir='ltr'>sufficiebat</span> 
     </span>
     <span class='ocr_line' id='line_1_30' title="bbox 157 2712 1548 2778; baseline 0.001 -17"><span class='ocrx_word' id='word_1_179' title='bbox 157 2712 253 2761; x_wconf 90' lang='lat' dir='ltr'>hoc</span> <span class='ocrx_word' id='word_1_180' title='bbox 287 2729 378 2777; x_wconf 88' lang='lat' dir='ltr'>pro</span> <span class='ocrx_word' id='word_1_181' title='bbox 412 2713 496 2762; x_wconf 94' lang='lat' dir='ltr'>illo</span> <span class='ocrx_word' id='word_1_182' title='bbox 529 2722 766 2778; x_wconf 88' lang='lat' dir='ltr'>tempore.</span> <span class='ocrx_word' id='word_1_183' title='bbox 837 2715 967 2763; x_wconf 90' lang='lat' dir='ltr'>Nam</span> <span class='ocrx_word' id='word_1_184' title='bbox 1003 2715 1177 2764; x_wconf 91' lang='lat' dir='ltr'>eodem</span> <span class='ocrx_word' id='word_1_185' title='bbox 1217 2715 1363 2763; x_wconf 88' lang='lat' dir='ltr'>modo</span> <span class='ocrx_word' id='word_1_186' title='bbox 1401 2715 1548 2763; x_wconf 92' lang='lat' dir='ltr'>rebus</span> 
     </span>
     <span class='ocr_line' id='line_1_31' title="bbox 158 2787 1548 2855; baseline 0.001 -19"><span class='ocrx_word' id='word_1_187' title='bbox 158 2787 266 2836; x_wconf 81' lang='lat' dir='ltr'>aliis</span> <span class='ocrx_word' id='word_1_188' title='bbox 301 2787 398 2837; x_wconf 83' lang='lat' dir='ltr'>alia</span> <span class='ocrx_word' id='word_1_189' title='bbox 435 2790 635 2838; x_wconf 89' lang='lat' dir='ltr'>nomina</span> <span class='ocrx_word' id='word_1_190' title='bbox 667 2790 936 2854; x_wconf 89' lang='lat' dir='ltr'>imponere,</span> <span class='ocrx_word' id='word_1_191' title='bbox 971 2799 1119 2855; x_wconf 91' lang='lat' dir='ltr'>prout</span> <span class='ocrx_word' id='word_1_192' title='bbox 1161 2790 1462 2854; x_wconf 86' lang='lat' dir='ltr'>experientia</span> <span class='ocrx_word' id='word_1_193' title='bbox 1497 2798 1548 2839; x_wconf 90' lang='lat' dir='ltr'>et</span> 
     </span>
     <span class='ocr_line' id='line_1_32' title="bbox 160 2866 1547 2930; baseline 0.002 -19"><span class='ocrx_word' id='word_1_194' title='bbox 160 2872 497 2913; x_wconf 83' lang='lat' dir='ltr'>creaturarum</span> <span class='ocrx_word' id='word_1_195' title='bbox 510 2882 630 2914; x_wconf 92' lang='lat' dir='ltr'>usus</span> <span class='ocrx_word' id='word_1_196' title='bbox 641 2867 930 2930; x_wconf 85' lang='lat' dir='ltr'>postularet,</span> <span class='ocrx_word' id='word_1_197' title='bbox 948 2867 1124 2930; x_wconf 91' lang='lat' dir='ltr'>potuit,</span> <span class='ocrx_word' id='word_1_198' title='bbox 1141 2883 1295 2930; x_wconf 90' lang='lat' dir='ltr'>eaque</span> <span class='ocrx_word' id='word_1_199' title='bbox 1309 2866 1547 2930; x_wconf 85' lang='lat' dir='ltr'>paulatim</span> 
     </span>
     <span class='ocr_line' id='line_1_33' title="bbox 161 2938 1548 3006; baseline 0.002 -19"><span class='ocrx_word' id='word_1_200' title='bbox 161 2938 232 2988; x_wconf 85' lang='lat' dir='ltr'>ita</span> <span class='ocrx_word' id='word_1_201' title='bbox 253 2950 561 2999; x_wconf 84' lang='lat' dir='ltr'>connectere,</span> <span class='ocrx_word' id='word_1_202' title='bbox 595 2949 650 2989; x_wconf 89' lang='lat' dir='ltr'>ut</span> <span class='ocrx_word' id='word_1_203' title='bbox 672 2942 1056 3006; x_wconf 89' lang='lat' dir='ltr'>intelligeretur;</span> <span class='ocrx_word' id='word_1_204' title='bbox 1092 2950 1238 3006; x_wconf 87' lang='lat' dir='ltr'>atque</span> <span class='ocrx_word' id='word_1_205' title='bbox 1274 2942 1369 2990; x_wconf 89' lang='lat' dir='ltr'>hoc</span> <span class='ocrx_word' id='word_1_206' title='bbox 1400 2942 1548 2990; x_wconf 91' lang='lat' dir='ltr'>modo</span> 
     </span>
    </p>
   </div>
  </div>
 </body>
</html>
