1968 3236
406 181 503 224 256
924 193 994 226 nn
1022 192 1295 227 CIVITATE.

120 320 223 354 cAP.
245 322 378 355 xxm.
404 320 610 369 regnum
635 305 830 369 duplex,
855 306 1090 354 naturale
1114 315 1163 355 et
1190 307 1556 372 propheticum.
1626 307 1795 357 Natu-

139 376 347 455 1312th
404 380 529 439 ναῖε,
550 387 787 444 quatenus
812 381 919 429 illos
942 382 1083 445 regit,
1103 382 1186 444 qui
1209 382 1565 445 providentiam
1584 384 1686 446 ejus
1706 399 1791 447 ag-

138 460 193 489 θεῖ
207 462 342 491 naturali.
401 465 627 515 noscunt,
644 473 731 519 per
751 457 995 505 dictamen
1014 465 1161 505 rectae
1180 459 1405 506 rationis:
1423 458 1788 523 propheticum,

403 540 642 595 quatenus
688 532 923 595 populum
965 549 1104 580 suum
1150 533 1374 591 electum,
1416 550 1590 597 nempe
1629 535 1788 597 primo

403 607 661 665 Israelitas‚
687 616 736 654 et
761 608 936 655 deinde
971 608 1304 664 Christian0s;
1341 625 1463 672 quos
1495 625 1595 657 non
1631 610 1789 658 solum

399 698 487 745 per
511 682 776 730 dictamina
798 683 1001 730 rationis
1023 683 1259 731 naturalis
1278 684 1420 747 regit,
1437 684 1523 732 sed
1538 685 1788 748 etiamper

399 758 529 821 leges
553 758 801 821 positivas‚
826 759 919 807 illis
946 759 1082 807 datas
1113 776 1201 823 per
1229 760 1491 823 prophetas
1514 776 1641 808 suos.
1713 760 1787 807 De

397 849 550 896 regno
576 834 668 881 Dei
691 835 902 882 naturali
926 835 1243 882 tractabimus
1267 835 1318 882 in
1352 836 1509 898 capite
1541 836 1785 899 praesenti.

465 909 624 973 Regni
662 910 814 957 divini
850 911 1085 959 naturalis
1121 912 1218 973 jus,
1244 927 1340 974 quo
1378 911 1510 958 Deus
1551 911 1675 970 illos,
1701 912 1785 974 qui

396 984 527 1048 leges
550 985 797 1033 naturales
822 986 1023 1045 violant,
1048 986 1234 1049 affligit,
1250 1003 1349 1034 non
1368 987 1427 1034 ab
1445 1002 1502 1034 eo
1519 985 1784 1045 derivatur,

398 1060 530 1123 quod
560 1061 669 1108 illos
692 1063 931 1110 creaverit
960 1079 1071 1110 cum
1098 1079 1198 1110 non
1234 1069 1429 1117 essent3
1484 1062 1570 1110 sed
1609 1062 1671 1109 ab
1708 1078 1783 1121 eo,

395 1137 527 1199 quod
546 1137 721 1185 divinae
743 1138 977 1201 potentiae
1002 1138 1225 1185 resistere
1248 1137 1542 1200 impossibile
1567 1145 1657 1185 est.
1693 1137 1783 1185 Os-

393 1218 587 1260 tensum
613 1229 759 1277 supra
783 1221 871 1270 est,
886 1220 1178 1277 potestatem
1207 1229 1444 1260 summam
1478 1212 1609 1276 apud
1630 1212 1783 1260 homi-

393 1307 479 1339 nes
495 1307 524 1338 a
529 1298 687 1355 paeto
706 1308 829 1346 esse;
866 1292 929 1339 ad
951 1291 1324 1355 intelligendum
1349 1299 1512 1339 autem
1538 1290 1781 1354 quomodo

388 1367 468 1430 jus
487 1367 616 1415 idem
635 1368 750 1415 oriri
770 1384 799 1415 a
815 1376 991 1416 natura
1008 1368 1183 1431 potuit,
1201 1365 1608 1415 considerandum
1627 1374 1716 1424 est,
1728 1366 1781 1414 in

393 1458 488 1505 quo
514 1459 628 1491 casu
652 1444 1000 1507 sempiternum
1024 1460 1127 1491 esse
1151 1443 1325 1506 potuit.
1392 1442 1515 1490 Cum
1538 1441 1669 1489 enim
1691 1457 1782 1505 per

392 1524 617 1565 naturam
638 1520 717 1582 jus
741 1527 846 1567 erat
870 1519 1094 1566 omnibus
1118 1519 1170 1565 in
1194 1518 1373 1575 omnia,
1400 1526 1449 1564 et
1482 1532 1571 1580 per
1609 1532 1780 1564 conse-

394 1608 547 1655 quens
567 1594 647 1656 jus
671 1594 810 1656 regni
833 1594 1037 1641 haberet
1067 1609 1154 1656 per
1185 1600 1426 1651 naturam,
1451 1592 1543 1639 etsi
1577 1600 1779 1655 propter

391 1674 611 1715 mutuam
634 1669 961 1716 resistentiam
984 1669 1171 1726 inutile,
1196 1668 1528 1731 unusquisque
1549 1689 1560 1722 ;
1597 1667 1637 1715 si
1669 1669 1778 1731 quis

390 1759 558 1790 eorum
582 1750 769 1791 tantam
792 1744 1039 1791 habuisset
1062 1743 1348 1807 potentiam,
1372 1750 1427 1790 ut
1457 1750 1638 1790 certam
1664 1742 1777 1791 inde

389 1818 480 1866 sibi
503 1818 553 1866 in
577 1819 704 1866 bello
728 1819 981 1867 victoriam
1007 1826 1180 1866 contra
1216 1834 1383 1866 omnes
1417 1817 1639 1866 homines
1666 1834 1778 1882 pro-

387 1892 581 1941 mittere
603 1894 857 1957 potuisset,
879 1910 986 1956 quae
1004 1893 1131 1941 ratio
1150 1893 1415 1955 excogitari
1434 1899 1610 1955 potest,
1627 1909 1776 1956 quare

386 1984 486 2016 non
513 1969 675 2031 potius
713 1976 762 2017 et
798 1986 848 2017 se
883 1977 931 2018 et
960 1984 1125 2017 omnes
1150 1969 1269 2016 alios
1302 1968 1522 2016 homines
1559 1969 1663 2032 ipse
1687 1986 1775 2018 suo

385 2044 603 2104 arbitrio,
619 2046 868 2109 regnando
888 2046 938 2093 in
958 2060 1139 2103 omnes,
1156 2044 1416 2092 defendere
1435 2044 1596 2102 vellet,
1613 2060 1774 2107 quam,

385 2119 448 2167 ad
471 2120 545 2168 sui
573 2120 723 2185 ipsius
756 2121 1089 2169 defensionem
1115 2122 1226 2183 jura
1258 2120 1418 2168 civilia
1454 2120 1773 2180 constituens,

383 2195 516 2259 leges
540 2196 591 2244 in
639 2197 849 2260 seipsum
885 2197 1106 2259 accipere
1132 2195 1149 2243 ἓ
1219 2196 1421 2243 Naturae
1459 2211 1576 2259 ergo
1618 2196 1773 2244 omni-

382 2272 589 2335 potenti,
609 2273 687 2320 cui
711 2272 871 2320 resisti
894 2289 993 2320 non
1017 2278 1193 2335 potest,
1210 2288 1414 2335 regnum
1430 2279 1480 2319 et
1500 2271 1773 2320 dominium

381 2347 433 2394 in
457 2363 612 2411 genus
641 2348 906 2395 humanum
935 2347 1214 2395 universum
1239 2347 1509 2395 adhaereret
1534 2347 1772 2396 naturali-

380 2428 472 2471 ter.
510 2423 673 2486 Atque
691 2424 830 2487 juris,
847 2440 943 2487 quo
969 2439 1113 2486 quem
1136 2423 1253 2470 velit
1276 2423 1447 2486 affligit
1472 2431 1522 2470 et
1545 2423 1625 2470 cui
1648 2423 1770 2472 velit

381 2497 591 2562 ignoscit
614 2499 760 2558 Deus,
792 2499 1164 2547 fundamentum
1194 2499 1288 2546 hoc
1312 2507 1412 2555 est;
1462 2515 1562 2547 non
1587 2507 1768 2559 autem,

380 2581 437 2622 ut
455 2575 596 2623 multi
615 2575 839 2623 arbitrati
857 2583 985 2633 sunt,
1001 2582 1204 2638 peccata
1224 2574 1492 2622 hominum.

448 2651 668 2701 Quaestio
687 2651 831 2710 enim,
840 2666 998 2716 quare
1014 2650 1160 2698 malis
1178 2649 1572 2707 secundoe,b0nis
1587 2649 1768 2697 adver-

379 2743 450 2773 ,πε
474 2743 557 2775 res
583 2727 889 2793 contingunt,
922 2726 1246 2775 vetustissima
1269 2733 1356 2784 est,
1394 2734 1444 2773 et
1467 2724 1767 2773 difficultatis

380 2811 545 2863 tantae,
569 2811 625 2852 ut
641 2819 740 2852 non
757 2802 903 2852 modo
918 2802 1065 2866 vulgi,
1088 2801 1174 2850 sed
1188 2801 1335 2851 etiam
1349 2801 1766 2865 philosophorum,
