1968 3236
455 212 525 246 ΒΕ
553 212 812 247 civrrArn
840 214 1199 249 cerusa-uzu.
1418 205 1507 269 431

130 322 294 372 culum
318 332 411 383 est,
437 324 619 387 eligere
644 326 693 373 in
724 342 889 389 regem
914 326 1160 375 hominem
1186 343 1285 375 non
1311 326 1783 379 Christi-car.x1.11.

129 414 296 458 anum,
323 400 459 464 quod
492 401 703 448 electum
730 401 992 465 deponere.
1062 403 1142 451 Ad
1165 402 1298 467 quod
1318 418 1518 466 respon-

1573 402 1761 423 b*-

1569 442 1766 480 Deponunt:

130 473 239 533 deo,
269 475 589 538 quaestionem
625 477 704 524 hic
735 493 835 524 non
872 494 976 525 esse
1012 477 1073 526 de
1107 494 1206 526 non
1242 477 1518 542 deponendi
1566 485 1743 514 eccho-⁸¹⁵¹·

128 551 363 614 periculo,
381 551 468 599 sed
491 551 552 599 de
589 552 864 615 deponendi
902 555 1028 617 jure.
1112 554 1404 612 Christiano,
1442 569 1518 600 re-

127 642 243 691 gem
276 627 457 691 eligere
492 644 591 676 non
630 629 983 686 Christianum,
1006 638 1172 693 potest
1198 630 1406 678 fortasse
1428 628 1517 677 ali-

130 703 326 767 quando
342 712 600 767 peccatum
625 720 756 759 esse;
794 705 879 752 sed
895 705 1106 753 electum
1131 706 1390 768 deponere,
1406 721 1518 753 cum

130 780 195 829 sit
217 788 391 828 contra
413 780 561 828 fidem
586 780 769 838 datam,
795 781 1034 844 injustum
1057 797 1249 845 semper
1272 789 1362 829 est.
1418 780 1518 828 Ne·

130 871 226 920 que
253 854 530 903 doctrinam
558 855 841 919 hujusmodi
865 872 955 919 pro
989 856 1271 905 Christiana
1300 856 1518 905 habitam

130 946 236 980 esse
259 931 465 995 legimus
488 939 709 994 tempore
733 931 1083 994 apostolorum,
1103 947 1262 996 neque
1285 932 1518 996 tempori-

130 1006 222 1054 bus
244 1007 598 1070 imperatorum
626 1007 977 1065 Romanorum,
1018 1015 1282 1071 antequam
1304 1016 1520 1071 potestas

132 1082 276 1146 Papae
314 1083 623 1131 culminaret.
697 1082 796 1130 Sed
837 1083 901 1130 ad
940 1083 1034 1131 hoc
1074 1099 1361 1147 responsum
1393 1091 1469 1131 est
1491 1099 1520 1130 a

134 1158 445 1215 Bellarmino‚
489 1158 792 1206 Christianos
834 1165 1024 1205 veteres
1071 1159 1132 1206 ob
1179 1174 1287 1206 eam
1327 1167 1518 1212 tantum

132 1249 331 1282 causam
365 1250 463 1281 non
501 1233 780 1296 deposuisse
822 1233 1088 1292 Neronem,
1128 1250 1287 1297 neque
1328 1234 1521 1282 Diocle·

131 1310 335 1367 tianum,
359 1325 519 1373 neque
555 1309 824 1367 Julianum,
861 1325 1022 1371 neque
1061 1310 1319 1358 Valentem
1354 1309 1520 1356 Arria-

131 1401 267 1445 num,
292 1385 426 1450 quod
450 1386 632 1433 viribus
655 1394 898 1433 carerent.
969 1386 1047 1433 Ita
1067 1384 1196 1433 forte
1216 1394 1306 1433 est.
1343 1384 1440 1432 Sed
1458 1384 1520 1431 ad

132 1460 476 1525 deponendum
524 1460 783 1518 Caesarem,
829 1461 907 1508 vel
947 1461 1121 1509 saltem
1163 1461 1391 1519 Pilatum,
1438 1460 1521 1524 qui

133 1536 384 1585 Christum
408 1537 512 1584 sine
530 1553 678 1585 causa
693 1537 722 1584 J
727 1536 881 1585 udaeis
899 1537 1287 1601 crucifigendum
1302 1536 1522 1594 tradidit,

130 1612 378 1661 viribusne
402 1612 561 1660 caruit
585 1612 810 1660 Christus
831 1611 848 1659 ἓ
885 1612 974 1660 Vel
997 1613 1038 1660 si
1061 1612 1270 1677 apostoli
1292 1612 1357 1660 ad
1374 1611 1523 1675 depo-

132 1687 351 1736 nendum
367 1687 618 1735 Neronem
642 1688 828 1735 viribus
851 1703 1068 1746 caruere,
1102 1688 1279 1736 ideone
1301 1703 1524 1736 necessa-

134 1763 263 1812 rium
294 1764 389 1812 illis
419 1772 542 1822 erat,
575 1764 626 1812 in
650 1764 868 1828 epistolis
892 1763 956 1812 ad
977 1764 1263 1829 proselytaS,
1300 1764 1410 1812 illos
1434 1763 1522 1811 do-

134 1855 246 1889 cere
278 1840 622 1904 potestatibus,
658 1856 834 1904 nempe
859 1840 1046 1888 Neroni
1082 1850 1132 1889 et
1166 1841 1272 1888 aliis
1310 1839 1522 1903 regibus,

135 1915 464 1965 obedientiam
498 1931 605 1963 esse
639 1915 873 1974 debitam,
904 1915 1054 1979 idque
1078 1932 1178 1964 non
1199 1923 1401 1979 propter
1422 1931 1501 1962 me

134 1998 241 2039 tum
253 1998 463 2048 tantum,
480 1989 568 2039 sed
581 1991 729 2038 etiam
742 1998 945 2054 propter
961 1990 1339 2039 conscientiam?
1364 1991 1525 2054 Apos-

136 2065 329 2114 tolosne
350 2065 572 2114 docuisse
601 2066 819 2114 dicemus
848 2074 1022 2114 contra
1050 2066 1373 2116 conscientias
1395 2081 1523 2122 suas,

138 2141 254 2205 quia
274 2141 507 2189 carebant
528 2141 713 2189 viribus
733 2141 751 2188 ἒ
821 2142 935 2190 Non
958 2157 1092 2205 ergo,
1121 2142 1238 2205 quia
1259 2149 1524 2189 caruerunt

137 2216 338 2274 viribus,
375 2216 622 2280 principes
660 2232 773 2264 suos
812 2216 1035 2265 ethnicos
1079 2218 1158 2264 vel
1205 2216 1523 2274 ChristianOS‚

140 2291 415 2339 doctrinam
437 2290 650 2354 aliquam
673 2306 929 2339 erroneam
949 2291 1115 2339 doceri
1138 2307 1322 2354 passos,
1346 2290 1526 2338 tolera-

139 2374 272 2424 runt,
292 2365 380 2414 sed
403 2366 519 2429 quia
537 2376 795 2429 peccatum
817 2366 989 2415 fuisset
1011 2368 1053 2415 si
1086 2383 1186 2414 non
1219 2366 1525 2414 tolerassent.

143 2441 293 2491 Quod
323 2448 489 2490 autem
521 2457 613 2505 pro
647 2450 891 2506 potestate
924 2444 1069 2507 Papae
1105 2442 1365 2506 temporali
1405 2442 1527 2490 citat

142 2517 294 2565 etiam
312 2517 363 2565 S.
378 2516 581 2565 Paulum
603 2518 648 2578 (1
674 2518 786 2566 Cor.
805 2520 877 2580 6),
888 2519 1079 2582 judices
1099 2517 1528 2567 commendantem

143 2592 236 2640 sub
257 2592 560 2656 principibus
581 2591 790 2641 ethnicis
812 2593 934 2641 alios
969 2610 1114 2657 quam
1140 2593 1233 2656 ipsi
1260 2591 1526 2640 constitue-

142 2675 289 2723 rant;
324 2683 423 2715 non
463 2675 538 2715 est
576 2683 759 2716 verum.
843 2669 968 2717 Nam
1010 2670 1151 2729 (vers,
1185 2671 1236 2726 5)
1271 2668 1321 2715 S.
1351 2666 1528 2715 Paulus

145 2741 427 2792 Corinthios
449 2742 685 2791 admonet
718 2751 928 2803 tantum,
962 2744 1027 2792 ad
1061 2741 1423 2807 componendas
1444 2757 1527 2790 eo-

144 2833 254 2867 rum
272 2818 384 2866 lites
405 2818 616 2866 arbitros
638 2834 699 2867 ex
721 2817 953 2867 fratribus
975 2834 1184 2876 sumere,
1196 2818 1363 2881 potius
1379 2832 1528 2880 quam
