1968 3236
450 248 543 289 346
764 255 834 287 DE
862 251 1115 286 eiverTE
1143 250 1497 284 CHRISTlANA.

205 391 306 423 cm),
325 390 399 422 xt.
450 374 534 415 aut
556 365 669 413 mali
694 372 847 421 erant,
872 365 1027 425 major
1050 369 1154 409 erat
1177 362 1252 409 vel
1276 362 1447 409 minor.
1486 359 1631 409 Quod
1654 365 1816 407 autem

191 444 417 513 „mli
452 448 638 505 spectat
682 440 744 487 ad
795 446 1085 501 potestatem
1139 437 1342 494 civilem,
1389 435 1699 483 manifestum
1745 441 1818 482 est

192 495 303 556 Dei³iu
331 493 418 555 2¹—wa
452 518 598 565 fuisse
617 530 762 579 penes
786 530 950 577 regem
980 521 1150 560 totam.
1221 513 1348 559 Nam
1376 513 1421 573 (1
1451 511 1579 559 Sam.
1605 511 1702 558 viii.
1728 511 1813 571 20)

192 570 419 641 3:3358133332
454 592 571 638 dicit
609 590 828 653 populus,
853 588 974 635 velle
1012 603 1062 634 se
1098 602 1199 634 esse
1222 586 1350 633 sieut
1372 602 1532 633 omnes
1552 591 1744 650 gentes,
1770 592 1820 633 et

192 656 418 737 ξίῗζῗῗυῗζζζ
453 682 615 729 regem
638 665 815 712 habere
839 664 922 727 qui
955 679 1036 711 eos
1060 662 1332 725 judicabit,
1364 670 1414 709 et
1450 678 1617 709 eorum
1633 660 1819 725 praelia

445 740 711 806 pugnabit.
779 740 951 787 Totam
976 754 1092 801 ergo
1116 738 1185 785 illi
1210 737 1452 784 dederunt
1476 737 1592 784 belli
1616 743 1664 784 et
1686 735 1819 798 pacis

452 823 754 880 potestatem.
841 815 899 861 In
935 830 1030 876 qua
1064 813 1404 860 continebatur
1427 813 1574 860 etiam
1599 811 1819 874 judicare

454 892 512 939 de
537 891 670 938 cultu
707 889 829 944 Dei;
865 897 1123 951 propterea
1159 887 1290 950 quod
1321 888 1454 935 nulla
1489 894 1594 935 erat
1616 903 1674 935 eo
1698 895 1821 935 tem-

452 982 568 1030 pore
612 965 781 1027 regula
824 963 1070 1026 religionis
1114 971 1293 1026 praeter
1337 962 1495 1026 legem
1536 962 1819 1022 Mosaicam,

455 1057 562 1104 quae
586 1048 690 1087 erat
713 1040 1039 1087 Israelitarum
1075 1038 1156 1086 lex
1180 1038 1358 1086 civilis.
1429 1039 1681 1097 Praeterea,
1703 1039 1823 1103 legi-

454 1132 558 1163 mus
577 1116 618 1175 (1
644 1116 764 1178 Reg.
784 1115 832 1162 ii.
853 1116 937 1176 27)
959 1114 1267 1162 Solomonem
1283 1113 1536 1161 abstulisse
1555 1114 1821 1162 Abiatharo

453 1208 692 1240 summum
721 1190 1056 1238 sacerdotium.
1128 1189 1316 1237 Habuit
1339 1205 1454 1252 ergo
1480 1189 1711 1238 Solomon
1741 1190 1823 1252 jus

452 1267 501 1314 in
530 1266 852 1315 sacerdotium
873 1286 884 1320 ;
921 1272 969 1312 et
993 1264 1171 1312 subditi
1194 1271 1347 1322 erant,
1372 1264 1497 1312 sicut
1519 1264 1724 1327 populus
1746 1280 1822 1312 re-

452 1343 624 1405 liquus,
649 1341 822 1389 summi
847 1340 1120 1388 sacerdotes
1141 1361 1152 1395 ;
1188 1340 1240 1387 id
1263 1339 1395 1403 quod
1417 1347 1722 1403 suprematus
1745 1356 1823 1388 ec-

455 1419 708 1466 clesiastici
749 1418 941 1481 signum
981 1433 1212 1479 magnum
1247 1423 1334 1463 est.
1417 1417 1643 1479 Legimus
1677 1415 1824 1464 etiam

458 1495 502 1554 (l
534 1494 653 1556 Reg.
679 1493 802 1554 viii.)
858 1492 1167 1539 Solomonem
1213 1491 1371 1554 ipsum
1411 1491 1647 1554 templum
1691 1490 1825 1538 dedi-

456 1585 603 1627 casse,
628 1568 806 1631 populo
841 1567 1161 1625 benedixisse,
1196 1574 1344 1629 atque
1386 1566 1656 1614 orationem
1691 1566 1824 1614 illam

456 1644 768 1693 excellentem
804 1659 964 1690 orasse
1000 1658 1095 1705 qua
1127 1649 1332 1689 utuntur
1364 1641 1510 1689 hodie
1546 1656 1714 1689 omnes
1743 1642 1827 1704 qui

456 1720 679 1767 ecclesias
714 1725 996 1766 consecrant
1014 1739 1026 1774 ;
1064 1733 1172 1779 quae
1195 1725 1315 1764 nota
1337 1716 1431 1764 alia
1453 1732 1631 1780 magna
1653 1724 1726 1764 est
1750 1732 1828 1765 su-

455 1803 698 1858 prematus
716 1793 1041 1842 ecclesiastici.
1068 1793 1292 1856 Legimus
1308 1793 1455 1840 etiam
1475 1793 1524 1852 (2
1543 1792 1827 1856 Reg.xxii.),

457 1887 565 1918 cum
586 1871 788 1933 quaestio
813 1877 916 1917 erat
931 1869 991 1916 de
1014 1869 1137 1916 libro
1155 1868 1292 1931 legis,
1308 1868 1358 1915 in
1383 1867 1637 1915 ruderibus
1654 1861 1827 1930 templi

457 1953 666 2008 reperto,
692 1945 1008 2008 quaestionem
1031 1944 1164 1991 illam
1194 1959 1293 1991 non
1329 1942 1675 1990 determinasse
1699 1958 1830 1990 sum-

458 2037 589 2068 mum
613 2021 926 2078 sacerdotem,
959 2019 1045 2068 sed
1078 2027 1128 2067 et
1164 2019 1322 2082 ipsum
1356 2026 1406 2066 et
1440 2018 1559 2066 alios
1589 2018 1721 2066 misit
1743 2033 1830 2065 rex

457 2097 486 2144 J
490 2096 612 2143 osias
636 2096 695 2143 de
715 2112 772 2143 ea
794 2112 845 2143 re
869 2095 931 2143 ad
952 2094 1308 2159 prophetissam
1334 2093 1579 2148 Huldam3
1605 2109 1713 2156 quae
1735 2093 1831 2141 alia

460 2179 576 2219 nota
599 2179 687 2230 est,
703 2179 1031 2234 suprematum
1056 2169 1434 2217 ecclesiasticum
1454 2168 1601 2216 fuisse
1624 2168 1675 2216 in
1698 2183 1828 2232 rege.

461 2246 705 2294 Postremo
739 2247 942 2309 legimus
981 2247 1025 2305 (l
1058 2245 1236 2292 Chron.
1261 2244 1389 2292 xxvi.
1417 2245 1501 2305 30)
1540 2259 1705 2306 regem
1735 2244 1832 2292 Da-

460 2322 619 2369 videm
654 2321 967 2379 Hashabiam,
1002 2329 1052 2368 et
1084 2320 1261 2368 fratres
1285 2321 1387 2383 ejus
1412 2319 1720 2377 Hebronitas,
1743 2318 1832 2366 mi-

461 2397 639 2445 nistros
663 2396 969 2444 constituisse
993 2395 1043 2443 in
1068 2395 1297 2443 Israelitis
1320 2410 1487 2443 versus
1511 2394 1830 2453 occidentem,

463 2472 512 2519 in
535 2472 681 2520 rebus
705 2470 921 2519 omnibus
947 2470 1144 2517 Domini
1168 2476 1217 2517 et
1246 2470 1296 2517 in
1326 2469 1532 2518 servitio
1555 2469 1731 2534 regis:
1767 2469 1830 2518 si-

461 2548 652 2606 militer,
681 2548 824 2608 (vers,
850 2545 1032 2606 xxxii),
1047 2545 1355 2593 constituisse
1371 2545 1507 2592 illum
1532 2544 1831 2594 Hebronitas

462 2622 579 2670 alios
602 2629 813 2670 rectores
839 2620 1206 2679 Rubenitarum,
1232 2620 1531 2680 Gaditarum,
1551 2628 1602 2669 et
1619 2619 1832 2669 dimidiae

462 2697 613 2744 tribus
638 2698 894 2754 Manassae,
933 2695 1003 2756 (hi
1028 2703 1168 2742 erant
1192 2695 1423 2744 Israelitae
1447 2696 1530 2759 qui
1553 2695 1834 2744 habitarunt

464 2772 590 2819 ultra
609 2772 636 2819 J
642 2771 909 2831 ordanem).
945 2770 994 2817 in
1028 2770 1153 2816 omni
1188 2785 1245 2816 re
1259 2771 1546 2834 pertinente
1569 2770 1640 2819 ad
1658 2771 1831 2829 Deum,

464 2853 511 2893 et
536 2847 597 2893 (le
627 2846 772 2895 rebus
813 2845 968 2910 regi&
1039 2845 1215 2893 Nonne
1239 2852 1313 2893 est
1346 2853 1562 2908 potestas
1583 2846 1705 2905 haec,
1727 2852 1832 2895 tum
