1910 3236
139 389 242 421 CAP.
259 390 343 422 ΧΗ.

153 444 342 466 x-r-ae

132 490 176 519 De
190 492 334 529 religione.

398 246 460 288 96
921 257 990 289 DE
1020 257 1263 290 HOMINE.

396 368 602 431 primam
644 369 840 416 oracula
875 385 961 431 per
1002 370 1260 432 imperium
1302 369 1577 418 Romanum
1618 370 1783 418 omnia

396 445 649 502 siluerunt,
688 460 1015 506 numerusque
1048 445 1435 492 Christianorum
1477 446 1695 509 quotidie
1732 453 1782 494 et

396 520 682 568 mirabiliter
701 526 976 582 augeretur,
1001 536 1180 582 magna
1204 535 1263 567 ex
1282 528 1423 583 parte
1448 522 1597 568 tribui
1619 529 1781 585 potest

397 597 706 644 sacerdotum
730 596 959 654 avaritiae,
987 595 1252 659 spurcitiei,
1276 597 1499 659 fictisque
1522 597 1779 656 vaticiniis,

395 673 470 719 vel
494 672 557 719 ad
590 671 938 734 promerendos
972 687 1127 734 reges,
1153 671 1229 719 vel
1266 688 1327 719 ne
1362 673 1483 720 nihil
1512 673 1779 736 praedicere

394 748 692 805 viderentur,
736 748 991 810 ambiguis.
1063 748 1168 795 Nec
1205 747 1415 795 multum
1457 748 1676 796 dissimili
1718 748 1779 796 de

395 839 540 870 causa
564 823 779 871 ecclesiae
804 824 1038 871 Romanae
1063 823 1194 886 apud
1212 823 1396 887 Anglos
1420 824 1778 886 nonnullosque

394 899 512 946 alios
552 900 756 962 populos
792 898 1003 946 enormis
1037 906 1253 962 potestas
1287 899 1487 946 tandem
1522 915 1780 963 suppressa

394 983 499 1030 est;
537 982 754 1022 cessante
787 975 973 1022 scilicet
1007 982 1259 1038 pastorum
1301 975 1576 1034 sanctitate,
1610 975 1778 1038 populi

394 1050 600 1098 cessavit
622 1050 758 1097 fides.

458 1126 641 1174 Eadem
667 1126 884 1184 ecclesia,
910 1125 1193 1174 introducta
1223 1126 1274 1173 in
1306 1126 1591 1189 religionem
1619 1126 1777 1190 philo-

393 1203 564 1266 sophia
604 1202 896 1261 Aristotelis,
939 1202 1220 1250 innumeras
1260 1201 1374 1250 inde
1421 1209 1776 1250 contexuerunt

393 1278 682 1330 Scholastici
722 1278 971 1326 doctrinas
1010 1278 1103 1326 sibi
1137 1277 1346 1325 invicem
1370 1285 1702 1341 repugnantes
1726 1285 1778 1325 et

391 1354 810 1412 contradictorias,
830 1354 1118 1401 clericorum
1138 1370 1238 1401 non
1262 1353 1408 1401 modo
1432 1354 1776 1417 ignorantiam,

391 1431 477 1479 sed
512 1431 659 1478 etiam
692 1430 1071 1478 fraudulentiam
1107 1429 1408 1492 detegentes.
1481 1430 1605 1479 Quae
1629 1446 1778 1479 causa

389 1506 543 1554 altera
561 1513 680 1565 erat,
701 1522 850 1570 quare
874 1506 1081 1570 populus
1104 1506 1299 1553 illorum
1318 1507 1488 1569 jugum
1507 1514 1775 1564 excuteret,

387 1582 687 1645 principibus
711 1583 889 1645 partim
912 1582 1205 1641 volentibus,
1230 1590 1286 1630 ut
1309 1582 1360 1629 in
1385 1581 1577 1645 Anglia,
1595 1582 1776 1646 partim

324 1677 330 1683 ·
387 1657 649 1721 prohibere
675 1674 776 1706 non
801 1658 1090 1711 valentibus,
1113 1665 1171 1705 ut
1194 1657 1244 1704 in
1268 1657 1439 1705 Gallia.

457 1733 721 1792 Postremo,
746 1733 875 1781 inter
907 1733 1137 1781 articulos
1167 1733 1297 1791 fidei,
1333 1749 1454 1796 quos
1478 1733 1541 1780 ad
1569 1734 1776 1782 salutem

388 1809 689 1857 necessarios
714 1809 979 1857 declaravit
1003 1809 1207 1857 ecclesia
1227 1810 1464 1867 Romana,
1485 1809 1608 1857 adeo
1633 1809 1775 1858 multi

390 1884 454 1932 ad
479 1885 624 1948 Papae
648 1892 697 1932 et
721 1901 920 1932 suorum
945 1885 997 1932 in
1023 1885 1249 1933 dominiis
1268 1885 1476 1933 aliorum
1495 1885 1774 1948 principum

386 1959 714 2008 habitantium
732 1961 1034 2009 subditorum
1055 1961 1377 2024 spiritualium
1393 1961 1774 2009 emolumentum

387 2035 644 2083 manifeste
678 2035 902 2092 tendunt,
938 2043 993 2082 ut
1026 2036 1118 2083 nisi
1145 2036 1337 2083 illorum
1361 2043 1532 2083 mutua
1554 2036 1774 2083 obstaret

387 2110 649 2167 aemulatio,
674 2126 773 2157 non
810 2111 968 2158 minus
1002 2110 1143 2158 facile
1179 2118 1303 2158 esset
1340 2110 1641 2174 principibus
1666 2111 1773 2174 qui-

386 2185 670 2248 buscunque
685 2193 978 2248 potestatem
993 2185 1124 2232 illam
1144 2186 1291 2233 etiam
1311 2186 1414 2233 sine
1432 2185 1560 2233 bello
1580 2186 1772 2249 ejicere,

388 2277 534 2324 quam
575 2276 635 2308 ex
677 2260 856 2324 Anglia
900 2261 1056 2323 ejecta
1100 2259 1207 2308 fuit.
1280 2260 1404 2309 Quis
1445 2261 1590 2319 enim,
1635 2262 1773 2324 quus

385 2337 515 2384 bono
548 2336 765 2384 creditur
788 2336 916 2399 regis
944 2336 1306 2395 authoritatem,
1331 2337 1424 2384 nisi
1457 2338 1518 2385 ab
1543 2338 1772 2401 episcopo

386 2419 648 2459 coronatus
686 2411 764 2470 sit,
803 2428 832 2459 a
856 2412 1049 2459 Christo
1084 2428 1182 2459 non
1224 2428 1343 2470 esse,
1385 2412 1603 2474 (causam
1638 2428 1772 2462 cere-

386 2488 562 2535 moniae
599 2487 727 2535 illius
758 2487 809 2534 in
844 2487 1135 2534 coronandis
1163 2487 1399 2550 regibus),
1425 2504 1525 2535 non
1550 2488 1772 2536 animad-

385 2561 566 2610 vertit?
604 2562 745 2625 Regi,
785 2562 824 2609 si
861 2561 1087 2609 sacerdos
1117 2562 1218 2620 fiat,
1243 2578 1445 2610 uxorem
1469 2562 1648 2612 ducere
1671 2579 1771 2611 non

384 2636 564 2685 licere?
603 2637 781 2685 Utrum
817 2652 901 2684 rex
941 2636 991 2683 in
1029 2636 1246 2699 legitimo
1279 2637 1590 2686 matrimonio
1625 2645 1770 2686 natus

385 2713 462 2771 sit,
494 2712 815 2777 judicandum
862 2728 967 2759 esse
1012 2728 1042 2759 a
1087 2712 1222 2760 curia
1257 2713 1510 2769 Romana;
1547 2713 1769 2762 subditos

386 2788 513 2852 regis
550 2787 818 2836 Christiani
854 2788 914 2835 ab
946 2787 1224 2835 obedientia
1247 2787 1376 2835 civili
1399 2789 1585 2837 absolvi
1608 2805 1768 2854 posse,

383 2864 424 2911 si
465 2864 723 2912 haereticus
755 2864 817 2911 sit
854 2863 970 2911 rex?
1021 2863 1206 2926 Regem
1241 2864 1313 2924 (ut
1347 2864 1648 2928 Chilpericus
1683 2881 1768 2914 rex
