1968 3236
432 237 502 271 nn.
529 236 786 271 clver‘rE
814 236 1166 271 cumsTxANA.
1393 226 1485 270 381

106 351 256 400 etiam
279 366 514 399 conversa
547 351 598 398 in
627 350 845 413 linguam
869 350 1087 398 Graecam
1120 365 1150 396 a
1180 347 1490 411 septuaginta
1524 367 1626 400 eff,
1644 367 1756 399 xm,

107 425 377 476 senioribus
399 426 427 474 J
432 425 600 482 udaeae,
626 426 838 489 reposita
862 434 934 473 est
958 425 1007 472 in
1030 424 1326 472 bibliotheca
1342 423 1488 471 Alex-
1539 423 1735 499 „W

107 501 327 552 andrina.
397 501 515 549 Erat
544 509 707 549 autem
732 501 908 548 Esdras
933 500 1158 548 sacerdos
1182 514 1414 557 summus,
1440 504 1489 546 et
1537 504 1739 533 κάθέως·-

108 575 313 643 proinde
349 577 391 624 is
426 577 508 639 qui
539 592 777 624 summam
802 577 850 623 in
875 576 1059 624 Judaeis
1082 575 1254 623 habuit
1275 581 1490 638 potesta-

108 660 211 703 tem
234 652 440 701 civilem.
500 652 672 715 Itaque
693 652 958 715 Scripturae
982 667 1229 713 nunquam
1254 650 1491 698 hactenus

0 741 9 770 *a
108 728 243 793 leges
264 728 407 776 factae
432 735 587 786 erant,
608 728 700 775 nisi
724 744 754 774 a
771 743 958 775 summo
978 727 1187 775 civitatis
1205 727 1490 789 imperante.

0 767 7 826 Ῑ
112 803 188 853 De
209 804 525 852 Testamento
550 803 693 851 Novo
718 803 833 850 satis
857 810 1062 865 apparet
1087 818 1146 850 ex
1174 801 1386 864 antiquis
1405 801 1494 848 Pa-

111 880 284 939 tribuS,
321 880 404 943 qui
427 878 627 927 fuerunt
649 887 764 926 ante
795 886 1018 941 tempora
1040 877 1346 940 imperatoris
1367 877 1493 924 Con-

116 955 319 1005 stantini
357 955 542 1018 Magni,
579 954 710 1017 quod
744 971 773 1002 a
809 954 1096 1002 Christianis
1137 953 1361 1000 omnibus
1402 968 1492 1015 pro

0 1025 13 1100 ἱ
110 1030 373 1080 dictamine
415 1029 624 1093 Spiritus
661 1030 843 1088 Sancti,
880 1036 929 1076 et
962 1028 1168 1092 proinde
1201 1044 1290 1091 pro
1326 1027 1495 1091 regula

0 1101 11 1131 Ε
109 1106 224 1155 fidei
245 1114 498 1170 receptum
522 1113 626 1153 erat
648 1126 659 1158 ;
695 1112 834 1152 tanta
855 1112 960 1152 erat
983 1104 1076 1184 ipis
1100 1104 1354 1151 doctorum
1387 1119 1496 1151 suo-

111 1197 222 1231 rum
254 1181 542 1230 reverentia.
611 1180 825 1228 Dubium
861 1196 977 1244 ergo
1013 1197 1111 1227 non
1146 1187 1236 1237 est,
1269 1179 1386 1242 quin
1422 1195 1494 1238 ea,

112 1274 224 1322 quae
247 1257 478 1313 ecclesiis,
503 1272 622 1319 quas
645 1256 979 1312 condiderant,
1005 1256 1263 1318 scripserat
1289 1255 1496 1302 Sanctus

113 1333 291 1383 Paulus
314 1332 497 1380 aliusve
520 1331 771 1395 apostolus
802 1331 879 1378 vel
914 1330 1178 1393 discipulus
1215 1329 1410 1388 Christi,
1435 1330 1495 1377 ab

115 1409 210 1459 illis
245 1408 479 1466 eeclesiis,
514 1407 887 1469 hominibusque
929 1421 1050 1469 quos
1087 1405 1151 1453 ad
1185 1405 1497 1453 Christianis-

112 1500 248 1533 mum
286 1483 379 1548 ipsi
419 1490 777 1541 converterant,
802 1498 892 1546 pro
929 1498 1044 1529 vera
1075 1481 1299 1529 doctrina
1332 1480 1498 1528 Chris-

112 1561 249 1610 tiana
291 1566 489 1622 recepta
521 1557 719 1606 fuerint.
788 1558 1120 1605 Veruntamen
1167 1573 1225 1604 eo
1260 1564 1497 1619 tempore,

115 1635 312 1701 quando
346 1650 448 1683 non
493 1641 708 1698 potestas
744 1642 793 1682 et
827 1633 1098 1681 authoritas
1145 1631 1378 1689 doctoris,
1413 1630 1499 1678 sed

113 1711 416 1765 audientium
438 1710 561 1758 fides
583 1710 700 1759 fecit
730 1718 784 1758 ut
814 1709 1162 1772 reciperentur,
1187 1708 1499 1756 manifestum

19 1796 42 1818 -·“
118 1794 196 1836 est
218 1787 414 1836 Novum
447 1786 817 1834 Testamentum
853 1785 1012 1848 legem
1039 1785 1224 1833 factum
1258 1800 1376 1842 esse,
1402 1799 1500 1831 non

117 1864 181 1913 ab
226 1862 342 1927 ipsis
393 1862 641 1926 apostolis,
678 1861 765 1910 sed
811 1861 1114 1924 Scripturam
1159 1860 1291 1908 illam
1342 1860 1501 1922 legem

118 1939 213 1989 sibi
242 1938 334 2003 ipsi
360 1938 541 1986 factam
569 1954 673 1986 esse
703 1938 765 1986 ab
800 1952 1095 2000 unoquoque
1129 1936 1498 1999 proselytarum.

186 2013 285 2063 Sed
310 2029 412 2062 non
444 2014 678 2077 quaeritur
694 2013 934 2070 hocloco,
960 2011 1078 2075 quid
1102 2011 1408 2059 Christianus
1431 2010 1501 2058 le-

117 2106 231 2155 gem
253 2089 331 2138 vel
353 2105 588 2137 canonem
613 2089 808 2137 sibimet
830 2088 923 2152 ipsi
955 2087 1156 2142 fecerit;
1210 2087 1295 2151 qui
1329 2086 1501 2134 eodem

114 2167 226 2231 jure
249 2180 345 2228 quo
374 2164 564 2223 fecerit,
604 2164 805 2227 rejicere
834 2163 982 2211 etiam
1013 2162 1205 2226 potuit:
1258 2161 1347 2209 sed
1383 2160 1503 2224 quid

29 2290 32 2291 γ
118 2241 191 2290 ita
211 2240 305 2305 ipsi
325 2239 406 2288 lex
428 2239 559 2288 facta
582 2240 659 2298 sit,
683 2247 740 2287 ut
762 2240 893 2287 issam
925 2238 1200 2302 transgredi
1224 2239 1327 2286 sine
1351 2237 1502 2300 injus-

119 2316 233 2366 titia
253 2332 354 2365 non
375 2316 605 2380 potuerit.
639 2316 1007 2364 Testamentum
1028 2315 1223 2362 Novum
1241 2321 1355 2361 ante
1376 2312 1504 2360 Con-

122 2391 391 2441 stantinum
416 2391 670 2455 Magnum,
694 2391 788 2439 hoc
808 2406 970 2448 sensu,
994 2389 1177 2437 nemini
1214 2388 1377 2452 potuit
1399 2402 1504 2434 esse

120 2466 233 2522 lex3
267 2474 507 2530 repugnat
548 2466 678 2514 enim
713 2475 902 2515 naturae
941 2466 1080 2529 legis.
1149 2465 1248 2512 Lex
1280 2463 1425 2521 enim,
1449 2470 1506 2510 ut

124 2556 272 2605 supra
294 2556 423 2605 saepe
451 2541 638 2589 dictum
672 2549 761 2599 est,
794 2541 1081 2589 mandatum
1115 2548 1191 2587 est
1225 2539 1368 2596 illius,
1404 2538 1504 2585 sive

0 2669 3 2672 ,
124 2615 335 2664 hominis
368 2616 469 2663 sive
496 2623 666 2674 coetus,
692 2617 776 2680 qui
799 2632 1038 2665 summam
1059 2616 1209 2663 habet
1231 2614 1282 2661 in
1307 2613 1504 2661 civitate

0 2700 9 2927 ἰ
125 2690 486 2748 authoritatem,
509 2689 769 2753 legumque
790 2690 1101 2738 ferendarum
1120 2691 1215 2752 juS,
1234 2697 1506 2751 transgres-

123 2780 386 2828 sorumque
407 2763 782 2828 puniendorum,
804 2765 935 2813 solus
957 2765 1121 2813 habet.
1158 2762 1368 2813 Quando
1388 2778 1506 2826 ergo

124 2839 250 2889 alius
273 2838 564 2903 quicunque,
582 2847 762 2902 praeter
783 2840 936 2900 illum,
961 2839 1153 2902 regulas
1175 2837 1370 2886 vivendi
1390 2837 1506 2886 civi-
