1968 3236
424 217 519 260 4l4
747 227 817 260 DE
845 225 1102 260 CIVITATE
1130 223 1484 258 CHRISTIANA.

156 360 389 392 CAP.XL11.
424 355 661 387 summam
685 347 802 386 tunc
825 337 1026 385 haberet
1050 342 1348 400 potestatem
1372 337 1578 396 civilem,
1592 335 1807 400 judices-

176 415 378 490 m
425 432 518 479 que
542 417 630 463 sub
655 431 705 462 se
730 413 1064 462 constitueret.
1138 412 1274 460 Nihil
1298 412 1429 460 aliud
1454 428 1571 476 ergo
1594 413 1807 476 probant

174 465 380 534 eceiffia'stiem
425 492 573 539 verba
596 491 693 547 illa,
718 489 810 537 nisi
835 488 967 551 quod
1001 488 1076 534 vir
1099 487 1196 546 ille,
1227 488 1310 550 qui
1335 504 1523 536 summo
1547 488 1807 551 imperanti

425 566 552 614 civili
572 566 768 613 obedire
793 564 1108 621 recusaverit,
1141 564 1392 622 morietur,
1418 571 1510 612 etc.
1582 563 1641 612 Id
1676 562 1808 626 quod

425 641 722 689 conclusioni
747 639 1029 687 Bellarmini
1054 639 1237 687 directe
1261 640 1563 688 contrarium
1599 647 1689 687 est.

492 716 733 773 Secundo,
761 715 962 763 adducit
986 723 1173 763 textum
1194 716 1372 763 Matth.
1398 716 1494 764 xvi.
1528 721 1615 764 19:
1657 715 1806 771 Quic-

424 792 549 856 quid
569 792 816 856 ligaveris
853 792 903 838 in
929 797 1087 849 terra,
1123 799 1201 838 etc·
1222 813 1234 847 ;
1271 799 1320 839 et
1345 792 1414 839 ita
1437 792 1805 854 interpretatur,

424 885 480 916 ac
505 868 544 915 si
567 874 782 931 potestas
805 867 888 915 illa
910 866 1096 930 ligandi
1120 874 1247 914 esset
1264 874 1481 929 potestas
1503 866 1804 929 legislativa;

426 959 571 1007 quam
594 949 888 1006 potestatem
911 942 1046 990 locus
1061 941 1142 988 hic
1157 942 1383 990 attribuit
1401 942 1636 1005 potestati
1659 942 1805 991 civili.

426 1020 609 1067 Scribae
631 1019 760 1066 enim
776 1026 825 1066 et
840 1018 1072 1066 Pharisaei
1092 1017 1327 1066 sededant
1350 1026 1486 1076 tunc,
1503 1034 1603 1066 non
1618 1018 1806 1077 Petrus,

424 1095 476 1141 in
513 1094 744 1142 cathedra
768 1093 937 1151 Mosis,
974 1100 1024 1140 et
1058 1101 1321 1156 propterea
1352 1092 1524 1157 ligare
1546 1092 1677 1141 idem
1701 1101 1808 1141 erat

425 1170 554 1232 quod
572 1169 729 1232 legem
750 1169 975 1217 condere.

492 1245 649 1292 Locus
674 1245 846 1293 tertius
871 1251 944 1292 est
960 1245 988 1292 J
993 1245 1071 1292 oh.
1091 1244 1191 1292 xxi.
1219 1247 1276 1298 17
1299 1263 1309 1292 :
1337 1243 1501 1292 Pasce
1519 1260 1633 1292 oves
1655 1261 1806 1304 meas,

423 1320 473 1367 id
499 1319 631 1382 quod
653 1336 752 1367 non
777 1327 851 1368 est
872 1319 1060 1383 legibus
1086 1336 1278 1383 cogere,
1303 1319 1389 1368 sed
1414 1319 1606 1367 docere.

490 1395 648 1443 Locus
668 1402 869 1458 quartus
903 1401 976 1442 est
1008 1395 1037 1442 J
1041 1394 1119 1442 oh.
1145 1411 1225 1442 xx.
1250 1401 1309 1443 21
1332 1415 1344 1449 ;
1370 1395 1453 1457 qui
1475 1395 1610 1442 locus
1633 1395 1811 1458 probat

426 1471 740 1518 contrarium.
825 1471 988 1518 Verba
1032 1470 1163 1518 enim
1198 1477 1312 1518 sunt
1333 1489 1343 1517 :
1389 1470 1532 1518 Sicut
1568 1469 1701 1518 misit
1737 1487 1812 1518 me

427 1546 600 1603 Pater,
626 1546 699 1593 ita
723 1552 772 1594 et
796 1563 890 1611 ego
915 1547 1056 1594 mitto
1081 1562 1181 1594 cos.
1219 1547 1468 1594 Christum
1486 1553 1652 1594 autem
1674 1546 1806 1594 misit

427 1622 574 1680 Deus,
598 1630 654 1670 ut
675 1631 833 1670 morte
869 1639 956 1670 sua
990 1622 1244 1670 credentes
1268 1623 1319 1670 in
1342 1622 1479 1670 illum
1503 1621 1769 1670 redimeret
1792 1641 1805 1676 ς

427 1704 478 1744 et
492 1704 548 1744 ut
564 1712 652 1760 per
674 1697 1072 1759 praedicationem
1095 1698 1246 1760 ipsius
1271 1706 1320 1745 et
1340 1696 1675 1760 apostolorum
1698 1712 1807 1744 suo-

427 1788 536 1819 rum
559 1772 623 1820 ad
644 1788 849 1834 regnum
874 1789 1014 1820 suum
1049 1773 1268 1821 futurum
1297 1773 1348 1821 in
1382 1772 1567 1820 mundo
1601 1778 1808 1820 venturo

427 1847 533 1895 illos
557 1856 870 1910 praepararet.
908 1848 1035 1895 Cum
1050 1865 1166 1912 ergo
1185 1849 1317 1897 Deus
1335 1849 1478 1896 Pater
1494 1847 1649 1896 filium
1667 1862 1808 1896 suum

426 1922 557 1985 leges
591 1923 641 1970 in
676 1923 770 1970 hoc
805 1923 986 1971 mundo
1020 1924 1234 1973 laturum
1268 1941 1369 1973 non
1406 1924 1609 1983 miserit,
1647 1922 1806 1971 multo

426 1998 585 2045 minus
607 2004 897 2061 potestatem
920 1999 1050 2047 illam
1074 2000 1210 2048 dedit
1236 2001 1416 2048 Sancto
1441 2001 1600 2048 Petro.
1650 1998 1808 2047 Locus

427 2088 543 2135 ergo
568 2073 648 2120 hic
683 2081 1013 2135 suprematum
1049 2076 1431 2124 ecclesiasticum
1467 2082 1516 2123 et
1549 2074 1808 2138 imperium

427 2147 571 2195 civile
595 2147 867 2210 conjungit,
894 2156 1065 2196 contra
1087 2149 1138 2197 id
1162 2150 1293 2213 quod
1316 2166 1377 2199 ex
1401 2166 1459 2199 eo
1485 2148 1808 2198 Bellarminus

427 2222 607 2270 inferre
630 2222 799 2270 voluit.

494 2299 650 2346 Locus
686 2298 885 2361 quintus
920 2306 993 2346 est
1027 2300 1138 2348 Act.
1175 2318 1253 2349 xv.
1286 2306 1367 2360 28,
1391 2306 1488 2350 29:
1536 2299 1701 2348 Visum
1734 2306 1811 2348 est

429 2373 647 2436 Spiritui
671 2374 857 2421 Sancto
882 2379 931 2420 et
955 2374 1108 2432 nobi-9,
1133 2393 1193 2422 ne
1217 2377 1352 2440 quod
1367 2375 1581 2440 ainplius
1597 2375 1812 2440 impone-

427 2464 588 2496 remus
604 2465 724 2496 onus
738 2455 934 2513 prceter
958 2451 1363 2499 necessariaiam
1383 2470 1403 2507 ‚·
1433 2458 1487 2499 ut
1513 2450 1812 2500 abstineatis

426 2524 490 2571 ab
514 2524 578 2572 iis
601 2541 707 2589 quoe
730 2530 843 2571 sunt
867 2524 1118 2573 immolata
1140 2526 1442 2586 simulacris,
1468 2534 1518 2576 et
1551 2526 1811 2592 sanguine,

426 2606 476 2647 et
493 2599 1173 2663 suffocata,etfornicatione.
1202 2602 1299 2650 Ubi
1313 2619 1401 2666 per
1416 2618 1537 2651 onus
1555 2602 1809 2667 imponere

426 2674 654 2738 intelligit
676 2682 969 2738 potestatem
991 2674 1324 2738 legislativum.
1376 2678 1475 2726 Sed
1495 2678 1657 2726 locum
1678 2677 1812 2725 hunc

427 2749 761 2809 Bellarminus,
798 2750 890 2798 etsi
926 2750 1097 2798 Latine
1133 2752 1344 2800 scribere
1371 2753 1489 2801 satis
1517 2753 1680 2812 sciret,
1711 2768 1812 2802 non

425 2824 541 2872 satis
563 2824 817 2883 intellexit,
838 2824 913 2874 vel
937 2825 976 2873 si
1000 2825 1255 2885 intellexit,
1279 2828 1437 2876 verbis
1456 2828 1550 2876 illis
1567 2828 1632 2876 ad
1647 2835 1809 2891 potes-
