1968 3236
106 393 210 425 CAP.
226 392 373 426 XLVII.

146 448 335 470 -ψὙ-κ

391 251 485 295 506
723 261 794 294 DE
822 259 1010 294 REGNo
1038 259 1440 296 TENEBRARUM.

391 371 476 434 qui
509 371 686 419 nullius
720 379 838 419 tunc
872 371 1035 434 gentis
1069 370 1294 433 proprius
1330 378 1450 430 erat,
1487 370 1606 434 quid
1640 370 1774 419 aliud

391 454 508 506 erat,
535 464 681 511 quam
703 448 883 510 linguae
907 447 1094 494 Latinae
1117 446 1294 494 veteris
1317 445 1514 510 imago?

455 523 693 570 Lemures
715 539 804 586 per
843 538 1010 570 omnes
1033 529 1207 585 gentes
1230 522 1430 570 unicum
1453 530 1504 570 et
1524 522 1774 570 universar-

275 634 290 652 Β
311 633 325 651 r
353 645 359 652 ,
388 599 483 646 lem
506 599 730 646 habuisse
755 598 985 646 dicuntur
1007 613 1191 661 regem,
1210 598 1290 645 cui
1313 614 1493 646 nomen
1517 597 1773 657 dederunt,

389 691 448 721 ex
471 674 677 721 historia
698 675 814 721 ficta
850 673 910 721 de
944 673 1095 736 gestis
1131 673 1358 736 Hugonis
1383 673 1772 737 Burdegalensis‚

389 750 680 797 Oberonem.
749 749 1082 797 Ecclesiastici
1114 750 1276 808 etiam,
1301 750 1632 812 cujuscunque
1655 749 1774 797 civi-

387 825 500 871 tatis
536 825 664 872 cives
698 832 826 883 sunt,
862 841 1016 872 unum
1050 831 1100 871 et
1133 824 1454 872 universalem
1487 839 1654 888 regem
1688 839 1771 887 ag·

386 909 594 947 noscunt
618 901 798 963 Papam
823 901 1116 948 Romanum.

453 976 689 1023 Lemures
731 977 931 1040 spiritus
970 983 1085 1024 sunt
1105 997 1116 1031 ;
1154 975 1471 1023 ecclesiastici
1506 975 1654 1023 etiam
1688 991 1773 1039 ap-

386 1051 571 1114 pellant
611 1068 716 1100 sese
755 1052 1045 1115 spirituales.
1116 1051 1370 1107 Lemures,
1395 1052 1635 1110 tenebras,
1660 1051 1774 1099 soli-

385 1127 595 1186 tudines,
637 1128 946 1191 sepulchreta
978 1127 1217 1176 incolunt.
1290 1127 1538 1183 Similiter,
1575 1126 1773 1175 ecclesi-

386 1203 542 1262 astici,
567 1203 618 1250 in
643 1204 942 1252 obscuritate
974 1203 1324 1260 doctrinarum,
1358 1202 1411 1250 in
1447 1202 1772 1262 monasteriis,

387 1279 617 1337 ecclesiis,
643 1287 692 1327 et
717 1279 1010 1327 coemeteriis
1035 1278 1366 1326 ambulabant.

451 1355 779 1403 Ecclesiastici
801 1355 984 1403 virtute
1007 1371 1146 1418 aquae
1169 1354 1455 1413 benedictae,
1478 1354 1530 1401 in
1554 1370 1773 1417 quocun-

387 1446 479 1492 que
518 1430 626 1478 loco
663 1431 943 1494 posuissent
989 1430 1216 1478 ecclesias
1263 1445 1389 1489 suas,
1430 1429 1594 1478 locum
1634 1429 1771 1477 illum

384 1505 606 1554 fecerunt
638 1514 694 1554 ut
733 1514 862 1554 esset
896 1506 1032 1564 urba,
1058 1506 1109 1553 id
1145 1513 1232 1564 est,
1256 1506 1447 1569 imperii
1471 1505 1625 1553 sedes.
1694 1506 1772 1554 Ita

386 1597 578 1644 quoque
599 1582 651 1628 in
668 1581 834 1629 fabula
857 1589 945 1640 est,
963 1582 1191 1629 habuisse
1216 1581 1425 1629 lemures
1461 1581 1660 1629 castella
1684 1596 1774 1629 sua

384 1657 606 1720 quaedam
629 1657 893 1715 incantata,
918 1664 967 1704 et
1004 1657 1203 1720 spiritus
1239 1656 1476 1720 quosdam
1499 1657 1771 1719 gigantaeos

383 1732 466 1795 qui
490 1731 540 1779 in
563 1733 841 1795 regionibus
865 1732 1223 1780 circumvicinis
1246 1733 1638 1780 dominabantur.

447 1807 700 1867 LemureS,
725 1809 765 1856 si
790 1809 909 1872 quid
937 1808 1054 1856 mali
1076 1808 1322 1867 fecissent,
1349 1807 1699 1871 comprehendi
1719 1817 1771 1857 et

381 1881 486 1929 sisti
509 1883 570 1930 ad
590 1884 852 1932 tribunalia
875 1885 1037 1933 civilia
1059 1901 1159 1932 non
1182 1891 1463 1948 potuerunt.
1523 1884 1599 1932 Ita
1621 1885 1766 1933 etiam

381 1959 710 2019 ecclesiastici,
735 1962 994 2009 criminum
1030 1960 1118 2019 rei,
1143 1977 1172 2008 a
1195 1960 1521 2008 tribunalibus
1546 1960 1769 2009 civilibus

380 2034 558 2082 sublati
576 2037 947 2084 evanescebant.

446 2111 774 2159 Ecclesiastici
797 2127 886 2175 per
915 2111 1273 2159 incantationes
1297 2110 1549 2174 quasdam,
1572 2126 1633 2159 ex
1667 2127 1769 2159 me-

381 2186 643 2249 taphysicis
684 2194 733 2235 et
771 2187 1018 2236 miraculis
1063 2187 1326 2246 confectas,
1373 2203 1517 2234 usum
1561 2187 1767 2235 rationis

380 2262 617 2310 naturalis
653 2262 1044 2310 adolescentibus
1068 2262 1283 2310 adimere
1307 2270 1683 2321 consueverunt,
1708 2278 1767 2311 eo

379 2336 491 2395 fine,
515 2345 572 2384 ut
592 2337 738 2400 jussis
763 2339 861 2386 suis
885 2339 1007 2386 coeci
1032 2339 1446 2402 obtemperarent.
1521 2338 1598 2386 Ita
1620 2338 1767 2386 etiam

378 2410 608 2460 dicuntur
626 2413 677 2459 in
694 2413 861 2461 fabula
878 2413 1102 2472 lemureS,
1118 2413 1281 2476 pueris
1297 2429 1356 2461 ex
1376 2412 1628 2461 cunabulis
1652 2414 1766 2462 sub-

378 2486 502 2544 latis,
528 2487 647 2535 alios
679 2488 872 2535 illorum
894 2487 1000 2535 vice
1034 2504 1323 2551 supponere,
1352 2489 1513 2536 fatuos
1551 2489 1765 2552 quidem,

378 2561 462 2609 sed
485 2572 740 2626 promptos
763 2564 826 2611 ad
850 2563 1138 2626 nequitiam.

445 2638 501 2684 In
526 2654 622 2700 qua
644 2640 837 2687 officina
859 2639 960 2686 sive
989 2640 1266 2701 operatorio
1290 2639 1656 2688 incantamenta
1678 2655 1766 2689 sua

378 2713 643 2761 conficiunt
667 2713 893 2773 lemures,
918 2729 1016 2760 non
1043 2721 1116 2761 est
1140 2714 1324 2762 dictum
1348 2715 1399 2762 in
1423 2715 1602 2763 fabula.
1670 2716 1764 2763 Ec-

378 2787 655 2836 clesiasticis
690 2797 854 2837 autem
879 2789 1156 2852 operatoria
1177 2790 1392 2847 fuerunt,
1418 2806 1538 2853 quas
1561 2790 1654 2854 ipsi
1677 2806 1766 2839 sua

377 2862 672 2911 authoritate
697 2865 788 2912 sibi
812 2872 1070 2912 erexerunt
1092 2865 1446 2914 universitates.
