1968 3236
417 249 512 294 246
925 259 993 291 DE
1022 258 1294 292 CIVITATE.

153 391 254 423 CAP.
271 391 385 424 xxx.
418 377 579 418 tentos
602 370 743 418 facit:
781 378 830 416 et
855 369 938 427 illi,
964 385 1083 431 quos
1106 377 1191 417 aut
1213 369 1526 427 abundantia,
1551 377 1635 417 aut
1658 370 1792 433 igna-

156 445 394 515 Dmn-
418 446 497 493 via
518 446 594 494 vel
618 445 806 492 luxuria
827 445 1154 507 voluptatibus
1175 445 1274 492 suis
1298 445 1516 504 tradidit,
1537 447 1668 507 (quae
1694 446 1790 494 duo

156 530 381 567 miimperuntis-
418 521 669 568 hominum
688 535 868 582 genera
891 519 1150 566 maximam
1173 527 1361 582 partem
1390 520 1576 568 faciunt
1599 521 1792 583 generis

419 596 656 656 humani),
684 611 793 642 cum
818 610 974 656 neque
999 595 1154 641 otium
1177 610 1336 657 neque
1364 595 1666 643 voluntatem
1689 611 1792 643 me-

420 671 605 719 ditandi
624 671 848 727 habeant,
873 670 1142 717 officiorum
1166 686 1362 717 suorum
1386 671 1577 733 regulas
1602 687 1631 718 a
1653 670 1792 718 theo-

418 747 538 809 logis
558 745 762 809 publice,
787 752 871 792 aut
889 745 1116 808 privatim
1140 745 1200 792 ab
1225 746 1282 793 iis
1301 746 1562 808 accipiunt,
1588 762 1707 808 quos
1732 746 1792 794 de

417 822 640 870 doctrina
677 821 839 884 legum
875 828 924 868 et
958 821 1146 868 casibus
1178 821 1491 869 conscientiae
1515 821 1794 870 concionari

417 906 466 946 et
511 897 757 960 disputare
803 896 1192 959 eloquentissime
1238 897 1457 944 audiunt.
1555 897 1794 960 Theologi

417 980 581 1020 autem
604 980 652 1020 et
676 972 759 1035 qui
791 972 957 1019 literas
992 972 1300 1034 profitentur,
1326 971 1573 1020 doctrinas
1598 988 1708 1020 suas
1732 973 1792 1020 ab

417 1048 811 1096 universitatibus
835 1054 884 1095 et
900 1047 1076 1095 scholis
1099 1047 1262 1110 legum
1286 1047 1498 1095 civilium
1516 1054 1566 1095 et
1580 1063 1641 1095 ex
1657 1048 1794 1096 libris

417 1141 447 1173 a
481 1125 759 1172 doctoribus
794 1124 887 1171 illis
922 1123 1064 1171 editis
1101 1131 1409 1186 acceperunt.
1479 1123 1794 1171 Manifestum

404 1197 533 1263 'ergo
558 1207 630 1248 est
652 1200 819 1263 populi
854 1199 1221 1247 instructionem
1252 1199 1524 1262 dependere
1548 1215 1743 1247 omnem
1766 1215 1796 1247 a

418 1275 709 1323 rectitudine
748 1275 1047 1338 opinionum,
1073 1291 1192 1338 quas
1229 1275 1406 1323 docent
1435 1275 1794 1324 universitates.

418 1352 547 1398 Ante
571 1350 734 1398 omnia
756 1366 870 1412 ergo
894 1350 987 1397 illae
1005 1350 1326 1398 reformandae
1350 1357 1478 1398 sunt.
1551 1350 1686 1399 Quid
1709 1367 1796 1399 au·

419 1433 534 1485 tem,
559 1426 747 1488 inquiet
769 1425 956 1488 aliquis,
976 1425 1272 1474 docendaene
1293 1434 1406 1474 sunt
1429 1426 1795 1475 universitates?

420 1500 754 1568 thsiquidem
789 1500 1020 1549 docendae
1043 1510 1171 1560 sunt,
1195 1509 1311 1549 tunc
1335 1502 1375 1549 is
1399 1518 1450 1550 es
1476 1502 1560 1564 qui
1578 1502 1684 1550 illas
1708 1502 1795 1550 do-

421 1592 528 1624 ceas
548 1576 564 1623 ?
621 1575 927 1624 Quaestiones
951 1577 1184 1625 molestae.
1256 1577 1352 1624 Sed
1375 1577 1439 1624 ad
1463 1578 1671 1641 primam
1694 1594 1796 1626 res-

421 1651 627 1715 pondeo.
716 1651 842 1698 Ante
886 1659 1108 1715 tempora
1152 1652 1280 1716 regis
1329 1653 1533 1700 Henrici
1572 1654 1708 1712 VIII,
1744 1653 1796 1702 in

423 1727 688 1790 quaestione
713 1726 772 1773 de
807 1734 1046 1788 potestate
1079 1727 1332 1791 pontificia
1370 1727 1421 1774 in
1459 1733 1597 1791 reges
1632 1728 1795 1777 Chris-

422 1803 595 1860 tianOS,
632 1818 740 1848 cum
776 1809 1069 1864 potestatem
1105 1802 1260 1865 Papae,
1297 1802 1347 1849 in
1379 1802 1550 1850 ordine
1573 1803 1637 1850 ad
1659 1804 1796 1867 spiri-

424 1877 588 1935 tualia,
613 1892 846 1924 summam
880 1878 931 1924 in
965 1877 1144 1941 Anglia
1177 1894 1281 1926 esse
1306 1877 1579 1927 docuerunt
1602 1879 1795 1928 univer-

424 1953 590 2000 sitates
615 1968 807 2007 omnes;
843 1961 1038 2001 rectene
1063 1953 1371 2001 docuerunt?
1409 1954 1640 2018 Negabis.
1697 1955 1797 2004 Do-

425 2027 524 2074 ceri
560 2042 676 2089 ergo
708 2034 922 2089 potuere.
994 2028 1208 2076 Ministri
1243 2028 1313 2075 illi
1351 2029 1449 2092 qui,
1491 2046 1669 2093 magno
1705 2047 1796 2079 nu-

425 2119 574 2161 mero,
621 2102 931 2150 concionibus
976 2104 1073 2151 suis
1130 2113 1300 2152 contra
1347 2120 1514 2167 regem
1559 2106 1798 2169 optimum

424 2179 656 2242 populum
695 2178 1061 2241 instigaverunt,
1098 2180 1227 2228 unde
1263 2181 1508 2229 doctrinas
1536 2198 1647 2230 suas
1671 2182 1798 2231 sedi-

426 2253 575 2301 tiosas
597 2253 647 2301 in
669 2253 857 2317 pulpita
880 2256 1164 2315 attulerunt,
1188 2257 1318 2304 unde
1344 2257 1599 2306 doctorum
1623 2266 1673 2307 et
1695 2276 1798 2308 ma-

426 2329 691 2391 gistrorum
718 2329 902 2387 titulos,
931 2330 981 2377 id
1005 2339 1078 2378 est
1101 2332 1465 2391 authoritatem,
1490 2334 1620 2396 apud
1641 2351 1798 2399 popu-

426 2404 527 2452 lum
550 2403 879 2462 obtinuerunt,
902 2404 995 2451 nisi
1018 2406 1078 2452 ab
1103 2405 1497 2456 universitatibus
1517 2408 1533 2455 ?
1583 2410 1799 2459 Rectene

427 2479 556 2527 hoc?
593 2479 821 2542 NegabiS.
870 2479 1046 2527 Doceri
1070 2496 1184 2543 ergo
1208 2489 1487 2544 potuerunt.
1546 2485 1625 2533 Ad
1643 2501 1799 2549 quaes-

428 2555 610 2603 tionem
644 2554 903 2603 secundam
938 2555 1228 2618 respondere
1261 2573 1358 2604 non
1383 2567 1455 2607 est
1478 2576 1672 2616 meum;
1707 2577 1799 2611 nec

428 2638 483 2678 ut
527 2630 845 2694 respondeam
890 2646 1010 2693 opus
1053 2638 1139 2678 est.
1232 2631 1359 2680 Nam
1398 2635 1480 2697 qui
1525 2635 1645 2699 legit
1691 2652 1800 2700 quae

429 2706 605 2765 scribo,
629 2705 770 2754 facile
793 2705 1035 2770 intelligat
1053 2722 1161 2769 quae
1185 2708 1356 2756 sentio.

495 2783 741 2829 Summam
763 2780 986 2829 habentis
1008 2790 1298 2845 potestatem
1329 2784 1538 2832 officium
1564 2794 1804 2849 praeterea

429 2864 500 2904 cst
527 2855 781 2920 providere
809 2864 865 2904 ut
895 2872 1069 2919 poenae,
1101 2873 1209 2920 quae
1241 2874 1328 2921 per
1357 2859 1488 2923 leges
1521 2861 1800 2911 constitutae
