1968 3236
557 245 628 278 nn
656 244 913 278 cwmxrn
941 244 1295 278 cnms'mANA.
1479 260 1485 264 >
1519 232 1609 283 371

234 356 385 414 tione,
404 371 503 404 non
527 356 811 419 opinionum
833 374 843 402 ε
879 371 1033 418 genus
1052 355 1182 403 enim
1204 353 1325 403 illud
1346 354 1615 417 punitionis
1645 375 1748 409 cAp,
1764 375 1878 409 xm,

234 432 333 482 tale
365 441 486 490 erat,
509 441 566 480 ut
598 432 767 480 sentiri
790 448 819 479 a
842 433 1034 479 nemine
1068 438 1263 494 poterat
1284 430 1377 478 nisi
1399 446 1430 478 a
1459 429 1613 476 fideli—
1666 429 1863 507 m

234 508 340 566 buS,
364 515 415 555 et
443 508 715 556 Servatoris
747 507 902 555 nostri
934 506 1196 555 adventum
1230 505 1497 554 secundum
1532 520 1614 552 ex-
1665 512 1866 542 weloeimim

234 583 560 648 pectantibus.
631 584 699 631 Hi
730 591 908 641 autem,
936 599 1047 630 cum
1081 583 1183 645 jam
1214 597 1317 630 veri
1355 580 1618 629 Christiani

234 666 411 718 essent,
446 659 671 727 doctrina
704 659 838 707 nulla
870 658 934 706 ad
968 658 1190 714 salutem,
1227 656 1314 705 sed
1358 656 1618 704 sanctitate

234 734 350 783 vitae
374 734 477 783 sola
499 734 801 797 indigebant.

301 810 726 859 Excommunicari
748 810 910 873 potuit
933 808 1237 857 Christianus
1261 807 1356 855 illis
1385 806 1617 870 tempori-

234 887 327 935 bus
360 894 563 950 propter
596 885 889 947 iniustitiam
906 903 925 938 ;
973 891 1029 931 ut
1058 883 1257 943 (Matth.
1282 882 1414 930 xviii.
1446 885 1614 943 15-17)

235 961 278 1009 si
294 961 448 1009 frater
470 969 584 1008 tuus
602 969 652 1007 te
676 959 869 1018 laeserit,
889 959 1098 1007 admone
1122 958 1251 1006 solus
1274 957 1410 1005 illum
1434 957 1616 1012 solum;

235 1036 428 1095 deinde,
465 1051 628 1084 coram
665 1035 871 1083 testibus
892 1055 904 1089 ;
940 1042 1205 1097 postremo,
1247 1033 1325 1080 dic
1365 1032 1582 1081 ecclesiae
1603 1054 1615 1087 ;

236 1113 313 1161 sin
336 1112 592 1161 ecclesiam
622 1127 722 1159 non
753 1110 978 1168 audierit,
998 1109 1072 1180 cit
1106 1108 1199 1157 tibi
1227 1115 1282 1156 ut
1308 1108 1531 1156 ethnicus
1569 1114 1620 1156 et

228 1188 547 1252 publicarem.

303 1263 729 1311 Excommunicari
773 1261 932 1326 potuit
976 1276 1066 1323 pro
1111 1259 1226 1307 dato
1264 1258 1522 1314 scandalo;
1561 1266 1618 1306 ut

217 1397 222 1401 .
242 1339 287 1399 (Ι
310 1339 422 1387 Cor.
437 1355 484 1386 v.
505 1344 525 1385 l
539 1339 605 1399 l),
631 1337 688 1385 Si
711 1337 838 1401 quie,
857 1336 942 1400 qui
968 1341 1170 1383 vocatur
1174 1332 1376 1398 frater,
1383 1333 1622 1398 fornica-

238 1414 363 1473 rius,
377 1413 459 1462 vel
473 1429 674 1472 avarus,
689 1413 770 1461 vel
786 1411 1078 1468 idololatra,
1093 1409 1174 1458 vel
1185 1409 1424 1468 ebriosus,
1442 1409 1522 1457 vel
1533 1426 1620 1474 op-

229 1505 460 1554 pressor,
486 1505 592 1537 cum
610 1489 708 1537 tali
731 1488 889 1536 cibam
913 1486 1062 1534 simul
1073 1501 1264 1533 sumre
1286 1501 1380 1532 non
1404 1491 1620 1548 oportet.

240 1564 339 1612 Sed
360 1563 815 1612 excommunicandi
837 1563 989 1620 illum,
1014 1561 1099 1624 qui
1120 1560 1493 1608 fundamentum
1510 1560 1620 1618 hoc,

237 1639 407 1687 Jesum
430 1656 540 1687 esse
557 1638 823 1697 Christum,
838 1638 1044 1686 firmiter
1067 1644 1272 1694 teneret,
1287 1643 1489 1699 propter
1509 1636 1620 1695 hoc,

239 1716 374 1780 quod
390 1717 451 1764 ab
475 1715 680 1764 ecclesia
702 1715 753 1763 in
776 1714 1004 1778 opinione
1027 1713 1190 1776 aliqua
1213 1711 1491 1760 dissentiret
1514 1728 1622 1774 quae

238 1791 611 1840 fundamentum
634 1791 754 1840 illud
779 1807 881 1839 non
906 1790 1204 1847 destruebat,
1227 1803 1386 1851 neque
1406 1804 1435 1835 a
1460 1788 1622 1851 Scrip-

240 1867 379 1926 turis,
402 1884 559 1931 neque
582 1868 644 1916 ab
668 1866 1001 1931 apostolorum
1028 1864 1260 1928 exemplis
1291 1863 1391 1911 ulla
1426 1863 1622 1911 omnino

239 1943 510 1991 authoritas
534 1943 742 1991 derivari
763 1949 941 2006 potest.
1024 1940 1157 1989 Dicit
1191 1939 1389 2003 quidem
1414 1939 1622 1987 Sanctus

242 2018 418 2067 Paulus
436 2018 552 2080 (Tit.
567 2018 635 2066 iii.
661 2019 739 2079 10)
760 2036 771 2064 :
796 2017 1057 2064 Hominem
1074 2015 1361 2064 Izaereticam
1375 2021 1499 2079 post
1508 2015 1623 2078 pri-

242 2109 368 2142 mam
390 2099 441 2141 et
462 2093 728 2142 secundam
752 2092 1129 2141 admonitionem
1151 2091 1321 2153 rejice.
1404 2089 1624 2138 Hcereti-

242 2184 329 2216 cue
367 2168 498 2217 enim
531 2169 573 2216 is
609 2176 698 2226 est,
722 2169 822 2232 qui,
846 2184 957 2216 cum
994 2167 1211 2215 ecclesiae
1245 2165 1517 2213 membrum
1545 2166 1623 2225 sit,

244 2243 518 2292 doctrinam
540 2252 705 2293 tamen
729 2244 874 2292 docet
896 2260 1042 2308 quam
1066 2242 1272 2291 ecclesia
1296 2240 1462 2289 doceri
1486 2249 1625 2289 vetu-

243 2325 378 2374 erat;
413 2319 628 2382 rejicere
649 2327 828 2379 autem,
847 2335 947 2367 non
979 2326 1054 2367 est
1075 2318 1323 2366 hominem
1346 2331 1625 2363 excommu-

242 2394 424 2452 nicare,
461 2393 549 2441 sed
582 2394 802 2442 desinere
840 2394 977 2442 illum
1011 2393 1290 2449 admonere,
1315 2398 1366 2438 et
1398 2406 1509 2438 cum
1540 2390 1623 2438 illo

244 2485 345 2517 non
381 2469 587 2532 amplius
632 2469 894 2533 disputare.
963 2468 1227 2533 Apostolus
1261 2466 1390 2514 idem
1423 2466 1472 2525 (2
1497 2466 1622 2514 Tim.

245 2544 294 2592 ii.
323 2543 440 2605 23):
478 2543 676 2592 Stulta-³
702 2550 754 2591 et
789 2544 1015 2592 indoctas
1045 2543 1343 2608 quaestiones
1377 2541 1624 2602 rejicere.-

246 2619 382 2682 rejici
414 2626 579 2666 autem
617 2627 820 2682 possunt
859 2620 963 2668 sine
1004 2616 1506 2667 excommunicatione
1526 2636 1539 2671 ;
1576 2624 1627 2665 et

250 2694 366 2755 (Tit.
390 2694 457 2742 iii.
477 2699 554 2755 9):
592 2694 789 2743 Stultus
811 2696 1119 2759 quaestiones,
1137 2700 1187 2741 et
1207 2691 1555 2757 genealogias,
1575 2698 1627 2739 et

247 2769 596 2827 contentiones,
619 2775 670 2817 et
684 2786 892 2834 pugna-5
910 2771 1051 2819 circa
1076 2771 1252 2836 legem,
1283 2768 1438 2830 rejice
1461 2786 1479 2814 .·
1514 2783 1626 2815 nam

249 2844 452 2893 inutiles
493 2851 608 2892 sunt
647 2850 698 2892 et
733 2861 882 2894 vanae.
966 2846 1124 2894 Locus
1164 2852 1328 2894 autem
1369 2843 1506 2902 alius,
1542 2842 1626 2905 qui

1336 2934 1367 2967 B
1396 2934 1426 2967 n
1450 2935 1472 2965 2
