1968 3236
415 270 512 323 470
750 283 818 314 DE
848 281 1035 314 REGNo
1062 280 1468 314 TENEBRARUM.

149 416 395 449 CAP.XL1V.
417 395 516 442 erit
539 393 735 442 verbum
760 399 934 440 contra
958 391 1139 439 Filium
1159 392 1386 450 hominist,
1411 392 1698 439 remittetur
1723 392 1805 439 ei:

158 470 362 540 m
417 470 503 533 qui
536 476 698 516 autem
733 467 924 515 dixerit
947 473 1125 514 eontra
1162 467 1406 531 Spiritum
1439 467 1685 527 Sanctum,
1710 485 1804 515 non

156 555 355 605 spiritualibus
419 545 698 592 remittetur
723 543 785 599 ei,
810 559 965 606 neque
984 543 1034 590 in
1058 543 1150 590 hoc
1166 543 1347 603 seculo,
1368 560 1525 607 neque
1543 543 1804 607 infuturo.

156 599 394 670 ἲξζῖῑξζῗῖἶζῖἷῆ
421 619 563 666 Unde
586 618 732 666 infert
757 618 1080 665 Bellarminus
1102 620 1442 681 purgatorium
1459 635 1563 666 esse
1587 619 1804 666 seculum

158 686 381 723 sc‘ipmmum·
419 696 652 742 futurum.
724 694 952 741 Seculum
983 702 1148 741 autem
1171 694 1393 742 futurum
1417 695 1539 742 illud
1563 703 1653 753 est,
1674 694 1807 758 quod

419 772 727 834 incepturum
752 777 824 817 est
848 786 878 817 a
912 769 990 817 die
1020 770 1207 833 judicii.
1275 771 1414 818 Tunc
1438 779 1603 819 autem
1625 787 1807 834 purga-

418 848 599 895 torium
622 846 810 893 nullum
827 845 947 904 fore,
973 846 1287 894 consentiunt
1310 862 1493 894 omnes,
1540 845 1675 895 Quid
1689 861 1807 908 ergo

420 923 696 985 significant
713 922 862 969 verba
875 921 957 968 illa
977 921 1248 969 Servatoris
1272 922 1430 970 nostri
1453 922 1468 969 ?
1506 922 1684 971 Nescio
1701 922 1808 985 qui-

421 998 532 1045 dem
549 1019 560 1053 ;
587 998 686 1045 scio
706 1006 871 1045 autem
891 997 1022 1060 quod
1041 1014 1140 1044 non
1161 997 1439 1060 significant
1453 998 1806 1060 purgatorium.

422 1073 737 1121 Manifestum
761 1081 836 1120 est
873 1073 1109 1136 Spiritum
1143 1073 1394 1132 Sanctum,
1422 1074 1619 1122 tertiam
1641 1089 1810 1136 perso-

420 1166 535 1197 nam
558 1149 831 1207 Trinitatis,
849 1150 1048 1197 missum
1074 1165 1178 1196 esse
1203 1150 1523 1207 Paracletum,
1545 1166 1605 1197 eo
1621 1150 1735 1208 fine,
1754 1156 1811 1196 ut

423 1226 638 1273 ecclesiae
656 1241 810 1288 usque
839 1225 902 1272 ad
926 1226 1078 1272 finem
1101 1225 1274 1272 mundi
1297 1225 1545 1273 assisteret
1565 1246 1577 1280 ;
1614 1233 1663 1273 et
1695 1241 1809 1288 pro-

423 1302 552 1359 inde,
576 1301 914 1364 blasphemare
938 1301 989 1348 in
1005 1300 1242 1364 Spiritum
1260 1301 1494 1348 Sanctum
1514 1317 1614 1349 non
1629 1301 1811 1364 impro-

420 1377 525 1440 prie
550 1377 647 1424 dici
664 1393 804 1440 posse
827 1377 1164 1440 blasphemare
1187 1377 1239 1424 in
1259 1377 1531 1424 ecclesiam.
1601 1377 1812 1424 Videtur

422 1469 539 1515 ergo
562 1453 656 1501 hoc
680 1453 787 1500 loco
814 1453 1044 1500 Servator
1083 1459 1250 1500 noster
1275 1468 1412 1499 suam
1436 1452 1587 1515 ipsius
1621 1452 1674 1499 in
1696 1469 1810 1516 pec-

423 1529 543 1577 catis
569 1529 902 1576 condonandis
937 1529 1189 1576 lenitatem
1224 1537 1274 1575 et
1307 1528 1593 1576 facilitatem
1616 1543 1811 1591 compa-

423 1620 531 1651 rare
555 1621 665 1652 cum
690 1605 948 1652 severitate
977 1612 1231 1668 pastorum
1274 1604 1492 1652 ecclesiae
1533 1620 1650 1667 erga
1685 1603 1810 1661 illos,

424 1680 507 1742 qui
531 1681 877 1728 authoritatem
892 1697 1060 1728 eorum
1084 1680 1384 1744 spiritualem
1403 1680 1542 1743 parvi
1557 1679 1808 1727 facerent:

423 1763 655 1818 tanquam
679 1756 896 1814 dixisset,
924 1760 954 1781 “
974 1757 1090 1815 Vos,
1117 1757 1199 1819 qui
1232 1764 1525 1819 potestatem
1551 1771 1711 1803 meam
1734 1770 1811 1802 as-

424 1832 710 1894 pernamini,
734 1848 836 1890 vos,
870 1833 952 1894 qui
968 1848 1045 1879 me
1062 1832 1386 1890 crucifixistiS,
1403 1831 1593 1894 quoties
1607 1846 1693 1878 vos
1707 1846 1812 1894 poe-

426 1907 615 1965 nitebit,
649 1916 699 1954 et
734 1907 797 1954 ad
821 1923 897 1954 me
921 1923 1009 1970 per
1034 1907 1418 1970 resipiscentiam
1443 1905 1812 1963 convertemini,

426 1981 805 2029 misericordiam
823 1998 982 2029 meam
1008 1983 1260 2030 sentietis:
1298 1982 1432 2045 quod
1452 1983 1492 2030 si
1516 1989 1814 2045 potestatem

427 2073 608 2115 eorum,
635 2057 822 2119 quivos
842 2058 1046 2120 posthac
1066 2057 1317 2105 docebunt
1337 2058 1386 2105 in
1403 2058 1585 2105 virtute
1605 2057 1815 2120 Spiritus

429 2132 611 2189 Sancti,
636 2132 891 2195 negabitis,
916 2141 1061 2179 erunt
1098 2132 1167 2179 illi
1208 2132 1546 2190 inexorabiles,
1581 2148 1740 2195 neque
1764 2132 1814 2180 in

426 2207 519 2254 hoc
544 2208 727 2255 mundo
761 2208 898 2255 vobis
933 2208 1203 2270 ignoscent,
1243 2208 1328 2255 sed
1366 2208 1470 2256 sine
1507 2207 1816 2256 absolutione

427 2283 697 2346 puniendos
722 2283 1014 2346 relinquent,
1034 2291 1271 2346 quantum
1289 2284 1339 2331 in
1357 2284 1453 2331 illis
1468 2291 1557 2342 est,
1580 2283 1631 2331 in
1651 2282 1816 2331 seculo

427 2359 638 2407 futuro.'’
696 2361 858 2423 Atque
882 2359 952 2407 ita
972 2360 1122 2407 verba
1145 2359 1228 2407 illa
1253 2359 1522 2407 Servatoris
1545 2358 1703 2407 nostri
1724 2374 1816 2422 pro

427 2434 743 2496 praedictione
763 2435 863 2482 sive
886 2435 1146 2497 prophetia
1169 2435 1295 2483 sumi
1312 2442 1519 2498 possunt
1542 2434 1818 2482 severitatis
1885 2466 1892 2470 -

429 2509 679 2557 hominum
704 2509 1144 2558 ecclesiasticorum
1168 2512 1219 2558 in
1254 2527 1408 2574 regno
1434 2509 1683 2558 Pontificis
1718 2509 1816 2556 Ro·
1964 2564 1968 2567 ¹

431 2584 575 2631 mani.
647 2585 782 2632 Citat
818 2593 1059 2647 praeterea
1095 2587 1244 2633 verba
1282 2588 1331 2634 S.
1359 2586 1494 2634 Pauli
1522 2586 1570 2647 (l
1600 2585 1711 2633 Cor.
1738 2601 1815 2632 xv.
1963 2587 1968 2649 j

431 2661 516 2719 29)
541 2678 552 2705 z
601 2659 791 2723 alioqui
828 2660 950 2722 quid
965 2660 1193 2724 facient,
1234 2661 1322 2725 qni
1361 2661 1684 2726 baptizantur
1714 2675 1817 2724 pro
1961 2659 1968 2667 ⁴

431 2735 649 2792 mortuis,
674 2735 719 2781 .ςὶ
742 2735 931 2782 omnino
952 2735 1131 2782 mortui
1146 2752 1240 2783 non
1259 2743 1536 2801 resurgant
1555 2739 1583 2783 ‚2
1678 2735 1743 2782 Ut
1766 2741 1818 2782 et

431 2810 555 2871 quid
575 2809 896 2873 baptizantur
920 2810 1068 2857 etiam
1084 2825 1186 2873 pro
1212 2810 1318 2858 illis
1337 2815 1364 2859 ἓ
1437 2811 1534 2859 Sed
1553 2810 1675 2858 nihil
1698 2810 1819 2858 dici-

432 2892 510 2930 tur
553 2884 612 2931 de
650 2885 948 2947 purgatorio.
1042 2884 1217 2933 Inferri
1259 2886 1454 2948 quidem
1491 2887 1605 2934 hinc
1636 2894 1816 2950 potest,
