1968 3236
445 249 538 291 560
758 260 1041 293 APPENDIX
1069 260 1140 292 AD
1169 260 1505 294 LEVIATHAN.

208 390 311 423 eff,
335 391 404 423 111,
444 383 781 424 MDCXXX1x;
819 371 904 417 sed
923 370 1314 418 concessionibus
1339 372 1628 435 quibusdam
1659 372 1822 436 regiis,

182 483 227 510 „e
240 452 368 520 qui'bus'„
445 461 650 508 quarum
673 462 770 492 una
805 454 909 493 erat
944 446 1151 493 sublatio
1186 447 1441 509 potestatis
1476 447 1759 511 episcopalis
1796 463 1822 494 e

182 526 388 598 fffifflessssn.
444 537 594 584 regno
615 521 805 578 Scotiae,
830 521 960 568 illico
985 522 1196 584 sopitum
1217 530 1318 576 est3
1345 523 1431 570 sed
1454 523 1566 581 cito,
1586 523 1822 586 instigan-

181 613 406 642 mmmmm.
445 597 572 644 tibus
605 596 986 659 Presbyterianis
1022 597 1255 659 Anglicis,
1281 613 1408 645 anno
1435 613 1627 646 MDCXL
1664 614 1822 646 resus-

446 672 663 719 citatum.
721 672 840 718 Erat
864 687 921 718 eo
956 678 1177 734 tempore
1201 673 1420 735 regimen
1444 673 1820 721 ecclesiasticum

444 747 833 794 administratum
850 748 1030 794 virtute
1053 747 1304 795 literarum
1327 749 1570 811 regiarum
1586 765 1674 812 per
1698 749 1823 812 epis-

445 838 606 885 copos.
678 822 888 870 Sedebat
921 822 1065 870 etiam
1108 823 1500 882 Parliamentum,
1526 832 1684 872 totum
1721 825 1822 872 fere

445 897 885 960 Presbyterianum.
957 898 1123 945 Factio
1148 899 1279 946 enim
1314 899 1687 963 Presbyteriana
1725 900 1826 947 fac-

444 974 627 1020 tionem
648 973 970 1036 episcopalem
994 974 1214 1036 potentia
1238 982 1287 1022 et
1305 974 1470 1022 favore
1487 975 1655 1038 populi
1677 975 1822 1038 longe

444 1049 716 1112 superabat.
821 1049 994 1112 Itaque
1041 1066 1169 1097 anno
1215 1051 1437 1113 proximo
1493 1059 1692 1098 coactus
1749 1057 1824 1098 est

445 1125 563 1180 Rex,
585 1141 679 1187 quo
700 1125 1076 1173 Parliamentum
1099 1125 1331 1188 placaret,
1349 1126 1600 1189 episcopos
1625 1126 1770 1174 etiam
1794 1142 1825 1173 a

442 1201 677 1263 regimine
702 1202 834 1248 omni
871 1201 1198 1249 ecclesiastico
1240 1202 1626 1249 extraordinario
1666 1217 1823 1250 remo-

441 1291 568 1323 vere.
641 1276 751 1324 Quo
775 1276 921 1334 facto,
945 1276 1078 1323 nulla
1102 1276 1308 1339 amplius
1341 1284 1557 1340 potestas
1590 1277 1824 1324 remansit

442 1351 569 1399 inter
594 1352 777 1415 Anglos
801 1352 1126 1415 cognoscendi
1156 1352 1381 1410 haereses,
1411 1353 1496 1400 sed
1531 1352 1822 1400 omnimodae

443 1435 586 1475 sectae
644 1436 977 1490 apparuerunt
1024 1428 1341 1475 scribentium
1386 1435 1435 1476 et
1470 1428 1824 1491 publicantium

442 1503 634 1565 qualem
674 1504 879 1566 quisque
914 1504 1068 1551 voluit
1104 1504 1415 1566 theologiam.
1484 1505 1596 1552 Jam
1630 1503 1825 1551 Parisiis

443 1579 650 1642 degebat
691 1579 867 1627 author
907 1579 1026 1628 dicti
1064 1579 1190 1637 libri,
1223 1580 1422 1643 vulgata
1457 1581 1557 1643 jam
1597 1579 1824 1627 libertate

442 1655 682 1702 scribendi
705 1663 862 1703 utens.
912 1656 976 1703 Et
993 1657 1105 1719 jura
1123 1655 1319 1718 quidem
1341 1657 1486 1719 regis,
1502 1664 1608 1703 tum
1631 1655 1682 1702 in
1699 1663 1823 1702 tem-

440 1731 686 1792 poralibus
720 1739 824 1779 tum
861 1731 911 1779 in
944 1731 1291 1795 spiritualibus,
1325 1731 1519 1794 egregie
1543 1730 1821 1778 vindicavit.

443 1805 683 1854 Caeterum
724 1807 840 1855 dum
870 1808 964 1855 hoc
1002 1824 1062 1855 ex
1101 1807 1366 1870 Scripturis
1411 1807 1570 1854 Sacris
1616 1814 1823 1854 conatur

440 1881 613 1938 facere,
639 1883 690 1929 in
714 1882 945 1946 dogmata
980 1883 1142 1945 lapsus
1168 1890 1242 1930 est
1274 1882 1508 1940 inaudita,
1529 1898 1636 1945 quae
1669 1898 1699 1930 a
1721 1882 1822 1944 ple-

440 1957 601 2020 risque
621 1958 860 2021 theologis
882 1958 1121 2006 haereseos
1137 1965 1186 2004 et
1204 1957 1430 2005 atheismi
1444 1964 1672 2005 accusata
1693 1965 1820 2005 sunt.

506 2033 569 2081 B.
608 2033 846 2081 Quaenam
870 2042 984 2081 sunt
1007 2033 1089 2081 illa
1109 2032 1370 2095 dogmata?

506 2108 570 2156 A.
608 2109 741 2157 Quid
764 2109 854 2157 tibi
877 2109 1070 2157 videtur
1094 2109 1250 2156 oratio
1274 2109 1395 2167 haec,
1423 2109 1581 2172 capite
1606 2108 1822 2156 secundo

439 2199 604 2231 versus
628 2185 777 2231 finem
797 2203 815 2239 ;
857 2184 1146 2249 Opinionem
1186 2185 1425 2232 hominum
1461 2184 1524 2232 de
1556 2183 1821 2249 spiritibus

440 2265 738 2307 mortuorum
762 2259 1143 2318 ambulantibus,
1170 2260 1231 2308 de
1267 2259 1520 2307 industria
1548 2266 1691 2323 puto,
1717 2266 1822 2307 tra-

441 2333 791 2397 ditamfuisse,
810 2341 897 2382 aut
914 2351 1006 2382 non
1022 2335 1344 2399 confutatam,
1366 2335 1439 2383 ad
1449 2334 1822 2383 sustentandam

440 2409 850 2457 eoeistimate'onem
874 2411 1271 2470 exorcismorum,
1295 2410 1434 2475 signi
1458 2410 1639 2469 crucis,
1675 2427 1821 2475 aquae

440 2482 720 2542 benedictae,
745 2485 1055 2549 aliarumque
1079 2486 1261 2533 artium
1286 2485 1425 2533 cleri.

505 2559 568 2606 B.
606 2559 728 2606 Mihi
776 2560 973 2623 quidem
1018 2577 1147 2615 vera,
1191 2562 1419 2624 prudens,
1458 2569 1508 2609 et
1546 2561 1821 2609 Christiana

442 2633 697 2692 videbitur,
738 2636 830 2683 nisi
878 2637 1177 2684 contrarium
1224 2638 1416 2685 evincas
1462 2653 1521 2685 ex
1568 2637 1821 2700 Scriptura

442 2708 602 2756 Sacra.
639 2709 876 2772 Equidem
895 2711 1004 2774 lego
1027 2711 1225 2770 (Matth.
1250 2712 1395 2759 xxvii.
1423 2714 1527 2774 52),
1553 2711 1744 2760 Christo
1767 2712 1819 2759 in

441 2798 584 2830 cruce
610 2784 846 2832 moriente
881 2801 1087 2849 corpora
1121 2795 1314 2834 mortua
1337 2804 1363 2835 e
1388 2787 1655 2851 sepulchris
1690 2787 1818 2835 exci-

440 2864 542 2905 tata
565 2874 684 2917 esse,
710 2876 807 2908 non
829 2869 990 2909 autem
1009 2861 1206 2909 animas.
