1968 3236
938 262 1116 298 INDEX.

276 374 346 398 non
356 362 522 409 impedire
532 374 602 409 quo
613 364 730 398 minus
739 362 915 398 cruciatus
922 367 1016 396 aeter-
1045 360 1257 407 Eloquentia
1275 362 1430 408 potentia
1444 366 1507 406 est,
1522 364 1579 398 69.

277 411 314 445 ni
330 411 541 453 relaxentur,
562 413 652 454 522;
679 410 797 445 Deum
821 408 1016 443 affirmatur
1046 407 1120 442 Ens
1136 408 1341 453 substantia,
1359 411 1441 444 530.

278 469 352 492 esse
383 468 584 504 corporeum
608 469 689 492 cum
711 455 941 499 Tertulliano,
971 455 1015 489 ab
1047 454 1329 498 Enthusiasmus,
1343 458 1428 499 267,
1443 458 1526 491 269.

278 505 518 539 OEcumenicis
547 505 713 539 Conciliis
745 514 816 537 non
840 502 1017 545 damnato,
1047 501 1254 548 Episcopus,
1303 508 1431 550 pastor,
1478 504 1664 552 presbyter,
1702 503 1832 548 doctor,

279 554 343 586 561
366 564 376 595 ;
405 552 522 586 Deum
553 551 716 584 ἀνούσιον
747 549 839 585 dixit
863 549 1018 584 Joannes
1091 549 1198 592 idem,
1213 552 1293 584 388.

280 598 621 641 Damascenus,562.
1049 595 1300 643 Episcoporum
1325 597 1464 643 Angliae
1495 601 1532 632 et
1560 596 1688 633 Scotiae
1714 597 1833 644 ampla

234 645 436 689 Diabolum,
459 645 636 686 Satanam,
652 642 836 685 Abaddon,
858 653 930 677 non
957 652 1017 675 no·
1093 649 1254 690 potestas,
1264 647 1346 687 402,
1358 645 1640 688 5463minuitur,
1650 646 1732 687 546,
1744 647 1834 689 5563

281 693 377 727 mina
387 691 659 733 individuorum,
681 690 740 725 sed
758 690 970 736 qualitatum
985 693 1021 723 et
1094 691 1255 735 nimium,
1272 703 1355 726 cum
1371 691 1499 726 damno
1516 691 1704 738 religioniS,
1712 693 1795 726 560.

280 739 473 774 officiorum
487 750 571 780 esse,
587 740 665 772 329.
1050 738 1156 773 Error
1171 743 1206 772 et
1220 738 1411 773 absurdum
1428 738 1535 782 unde,
1545 738 1751 785 quotuplex,
1764 741 1810 773 34
1823 750 1836 782 3

236 787 414 822 Diaconus
424 786 586 828 ecclesiae,
599 790 634 819 et
644 784 737 818 verbi
748 783 924 828 diffemnt,
932 785 1017 826 3903
1095 785 1138 819 ab
1154 796 1264 819 errore
1280 791 1475 821 nascuntur
1494 785 1652 828 crimina,
1665 788 1736 820 212
1749 798 1760 828 3
1783 796 1837 821 er-

282 833 506 868 diaconorum
522 832 646 874 officia,
657 833 739 874 390,
754 833 834 865 400.
1096 843 1151 866 ror
1160 832 1204 867 ab
1216 833 1421 867 auctoritate
1437 833 1586 879 mitigat,
1596 835 1665 867 218
1678 845 1690 875 ;
1713 843 1837 876 errare,

237 881 402 926 Dignitas
417 885 469 914 est
484 880 578 914 valor
592 879 754 921 hominis,
768 879 824 912 69.
1097 878 1220 925 decipi,
1235 879 1328 914 male
1348 880 1485 923 sentire,
1500 880 1529 915 si
1543 879 1679 915 sactum
1693 879 1836 915 nullum

238 927 333 962 Disci
359 927 431 961 lina
445 926 675 961 ecclesiastica
691 937 797 959 causa
812 924 923 959 civilis
938 923 1022 957 belli
1097 932 1274 971 sequatur,
1291 938 1356 962 sua
1370 932 1496 962 natura
1523 927 1654 962 crimen
1677 937 1750 961 non
1772 931 1836 971 est,

283 975 319 1008 in
335 939 463 1018 {cotim
482 985 543 1020 per
559 973 734 1019 Angliam‚
749 978 783 1007 et
799 971 1020 1015 Hiberniam,
1097 976 1167 1008 547
1182 980 1214 1008 ee
1227 985 1312 1020 seqq.

283 1024 364 1056 509.
1052 1019 1284 1064 Eucharistia,
1299 1020 1375 1055 vide
1391 1021 1426 1056 S.
1440 1019 1601 1067 Synaxis.

239 1069 428 1103 Discursus
452 1067 624 1111 mentalis,
656 1066 949 1112 imaginationum
971 1076 1024 1100 se·
1051 1067 1212 1102 Essentia
1239 1079 1365 1102 nomen
1387 1068 1482 1112 artis,
1498 1079 1566 1103 non
1590 1079 1655 1110 res,
1668 1070 1760 1112 4983
1783 1067 1838 1102 in-

284 1116 361 1159 ries,
375 1117 417 1149 14
431 1127 441 1158 3
466 1115 654 1157 discursus,
674 1114 905 1159 investigatio,
925 1124 1023 1159 saga·
1095 1120 1240 1150 ventum
1256 1115 1449 1150 Aristotelis
1465 1115 1608 1158 occasio,
1623 1117 1706 1150 496.

284 1163 381 1204 citas,
405 1162 554 1204 solertia,
578 1164 622 1196 17
633 1174 644 1204 ·,
668 1161 891 1196 discursuum
913 1159 1024 1195 deter-
1051 1161 1221 1196 Essentiae
1234 1169 1411 1208 separatae‚
1422 1165 1507 1206 4993
1523 1162 1644 1205 nullae,
1655 1164 1736 1204 499,
1752 1164 1838 1205 5313

283 1209 502 1252 minationes‚
519 1211 576 1243 51.
1097 1209 1247 1244 essentia
1276 1214 1311 1244 et
1340 1221 1402 1244 ens
1440 1208 1582 1244 tandem
1625 1208 1840 1251 coincidunt,

239 1256 422 1302 Disputari
437 1260 584 1302 possunt
604 1259 782 1301 pastorum
798 1254 973 1298 doctrinae,
989 1259 1026 1288 at
1097 1262 1219 1302 estque
1235 1257 1391 1291 essentiae
1407 1257 1576 1291 terminus
1592 1267 1840 1302 supervacuae,

285 1315 356 1338 non
371 1308 581 1349 potestatum
597 1302 702 1347 leges,
718 1304 799 1336 418.
1097 1308 1132 1338 et
1147 1304 1287 1346 noxius,
1302 1305 1382 1338 532.

241 1350 382 1385 Divitiae
413 1350 602 1395 conjuncta
617 1349 826 1384 liberalitate
850 1353 1024 1395 potentem
1054 1349 1119 1385 Est
1142 1351 1280 1396 copula,
1304 1350 1448 1385 verbum
1473 1350 1742 1392 substantivum,
1757 1351 1839 1393 497,

287 1397 432 1440 faciunt,
448 1399 504 1431 68.
1099 1400 1282 1440 498,512;
1306 1397 1451 1432 Hebraei
1471 1408 1510 1432 eo
1532 1402 1574 1432 ut
1597 1396 1726 1444 copula
1748 1407 1841 1432 nun-

241 1445 448 1480 Dominium
459 1449 644 1490 paternum
659 1448 695 1479 et
711 1443 1026 1489 despoticum‚150.
1100 1456 1208 1490 quam
1224 1450 1386 1487 utuntur,
1400 1447 1482 1487 498,
1498 1445 1578 1478 513.

241 1492 447 1526 Dominium
478 1492 527 1526 rei
553 1491 695 1537 privatae
721 1490 867 1525 debetur
896 1495 1028 1536 protec—
1061 1490 1183 1526 Ethica
1198 1491 1318 1538 legum
1334 1491 1549 1526 naturalium
1566 1490 1720 1534 scientia,
1737 1493 1818 1525 121.

286 1539 373 1573 tioni
390 1549 536 1573 summae
552 1538 744 1584 potestatis,
759 1539 841 1572 234.
1055 1538 1265 1573 Ethnicismi
1306 1539 1462 1584 reliquiae
1487 1539 1578 1573 inter
1615 1537 1842 1581 Christianos,

241 1585 375 1623 Δελεία,
387 1585 526 1627 λατρεία
537 1586 694 1630 imperite
707 1584 948 1630 distinguitur,
958 1586 1027 1618 483
1100 1589 1169 1620 475
1186 1597 1299 1632 usque
1315 1588 1396 1620 489.

244 1633 426 1668 Dubitatio
442 1633 512 1667 veri
529 1637 564 1666 et
579 1631 670 1672 falsi,
686 1634 745 1666 51.
1057 1632 1447 1668 Exeommunicandum
1472 1637 1612 1667 tantum
1643 1632 1688 1667 ob
1718 1642 1843 1674 mores,

244 1680 385 1722 Duella,
403 1678 576 1725 quomodo
592 1677 734 1713 tandem
747 1677 931 1713 efficaciter
940 1677 1029 1711 inhi-
1101 1682 1182 1723 371,
1194 1683 1286 1722 5573
1310 1691 1375 1714 nec
1390 1685 1507 1714 tamen
1530 1689 1702 1717 summam
1729 1683 1843 1725 potes-

289 1726 415 1770 benda,
428 1729 508 1761 244.
1102 1732 1222 1770 tatem,
1252 1729 1344 1768 373;
1371 1725 1741 1760 excommunicationis
1769 1724 1842 1760 ful-

245 1774 306 1809 Dii
323 1773 482 1821 gentium
499 1772 572 1820 qui,
588 1776 686 1818 quot,
702 1773 759 1815 89,
774 1773 832 1806 90.
1102 1785 1182 1808 men
1199 1773 1302 1819 quale
1324 1773 1450 1819 poetici
1463 1772 1488 1806 J
1490 1773 1573 1816 ovis,
1589 1774 1681 1815 3743
1704 1783 1844 1808 excom-

1101 1821 1303 1855 municatus
1315 1825 1355 1854 ut
1364 1819 1518 1865 fugetur,
1534 1830 1556 1854 a
1565 1829 1702 1854 summa
1719 1824 1772 1854 est
1782 1830 1843 1866 po-

617 1864 661 1900 E.
1101 1869 1323 1910 testate,395,
1336 1869 1423 1909 4033
1448 1866 1842 1902 excommunicationem

246 1942 432 1976 Eccnasu
459 1945 495 1975 et
520 1939 641 1975 civitas
665 1938 779 1973 idem:
808 1938 953 1973 ecclesia
969 1937 1029 1972 ho-
1101 1913 1423 1994 gffffioffiffiimen
1433 1912 1844 1960 fnisseloesaemajesmm

291 1987 613 2043 minequristiani,
623 1986 743 2021 Civium
753 1985 909 2040 h.⁰¹¹.¹i¹¹es
920 1986 1030 2030 paetis
1057 1987 1383 2042 Excommunicatio
1410 2007 1453 2042 ob
1470 2006 1615 2042 haeresin
1651 2009 1722 2042 550
1761 2009 1826 2042 551

291 2041 426 2070 mutuis
453 2046 491 2069 m
516 2045 628 2070 unum
645 2038 842 2076 consoclat1‚
858 2035 951 2075 2793
975 2043 1030 2067 ec·
1102 2057 1171 2088 556
1619 2034 1628 2050 ’
1723 2034 1733 2051 ’
1834 2033 1844 2050 ‘

291 2083 397 2118 clesia
411 2093 494 2128 ergo
504 2081 708 2116 universalis
725 2091 794 2114 non
811 2079 933 2122 datm-3
947 2079 1031 2124 quia

292 2142 356 2165 neo
366 2130 671 2171 civitas‚279‚335,
682 2129 761 2170 337,
769 2128 850 2170 428,
857 2128 937 2168 542,
945 2128 1031 2168 5433

293 2177 336 2212 de
361 2175 593 2212 ecclesiastica
611 2179 779 2220 potestate
809 2173 1031 2219 amplissime,

292 2227 374 2267 357,
388 2235 501 2269 usque
512 2225 600 2266 434;
610 2221 700 2256 Vide
712 2219 897 2267 Apostolos.
912 2219 1032 2255 Eccle-
1058 2241 1088 2276 E

293 2271 431 2306 siastica
461 2270 573 2304 officia
593 2268 851 2315 magisterialia,
877 2268 1031 2302 ministe-

294 2318 403 2360 rialia,
421 2319 491 2352 386
503 2323 534 2351 et
545 2327 630 2362 seqq.
643 2328 653 2359 3
669 2315 801 2359 electio,
813 2317 883 2350 389
897 2328 907 2358 3
924 2314 1032 2350 eccle-

294 2365 512 2400 siasticorum
520 2363 724 2398 sustentatio
737 2362 842 2405 unde,
854 2364 933 2405 393,
943 2364 1011 2396 394
1022 2374 1032 2406 ;

292 2416 399 2458 caput
422 2421 582 2446 summus
604 2410 790 2456 imperans,
813 2411 883 2444 397
889 2422 900 2452 ;
927 2408 1033 2444 eccle·
1431 2429 1461 2464 F

294 2460 382 2494 siam
399 2458 435 2492 in
449 2463 539 2493 terra
554 2468 623 2491 non
641 2468 715 2491 esse
730 2467 880 2502 regnum
892 2456 1034 2499 Christi,
1462 2456 1471 2464 '

293 2509 358 2540 451
372 2518 382 2548 3
394 2505 547 2540 ecclesiae
557 2509 639 2539 ante
648 2503 921 2539 Constantinum
928 2502 1034 2549 Mag·-
1059 2499 1200 2535 FACTlo
1217 2500 1442 2542 famulorum,
1460 2503 1538 2536 180.

293 2564 379 2588 num
396 2552 470 2587 sine
485 2552 688 2586 auctoritate
709 2549 926 2592 decernendi,
941 2551 1022 2584 566.
1059 2546 1215 2591 Falsarii,
1229 2551 1308 2583 221.

248 2599 412 2635 Ecclesia:
429 2598 578 2633 ministri
593 2597 743 2632 ministri
760 2597 904 2643 publici,
923 2599 999 2632 183.
1059 2594 1208 2629 Familia
1222 2606 1362 2641 magna,
1377 2606 1484 2642 parva
1498 2594 1631 2637 civitas,
1649 2597 1727 2629 154.

247 2646 382 2682 Electio
420 2645 625 2688 χειροτονία,
652 2647 721 2679 389
735 2657 745 2687 ;
784 2644 905 2679 electio
936 2654 1032 2679 nuuc
1060 2641 1285 2677 Famulorum
1301 2648 1337 2677 et
1351 2653 1527 2677 servorum
1544 2640 1661 2684 factio,
1677 2643 1757 2676 180.

292 2693 472 2729 doctorum
489 2692 641 2727 ecclesiae
663 2702 768 2738 penes
783 2702 957 2726 summam
972 2701 1032 2737 po·
1058 2688 1172 2732 Fides,
1188 2692 1257 2732 523
1281 2696 1382 2724 actus
1397 2700 1420 2723 a
1435 2689 1512 2724 Deo
1538 2699 1609 2723 non
1631 2688 1756 2734 jussus
1782 2685 1844 2723 sed

292 2746 462 2783 testatem,
477 2745 512 2774 et
527 2750 599 2783 cur,
617 2737 802 2785 quomode,
819 2740 900 2773 397.
1102 2735 1227 2778 sactus,
1241 2739 1335 2778 2083
1367 2747 1437 2771 non
1454 2734 1589 2771 credere
1605 2735 1756 2782 negatio,
1771 2745 1843 2770 non

247 2786 454 2822 Elizabetba
480 2787 600 2831 regina
625 2785 856 2832 pastoralibus
879 2784 1030 2820 ecclesiae
1102 2783 1328 2828 transgressio
1344 2787 1405 2826 est,
1421 2782 1491 2825 ib.;
1514 2782 1645 2818 civitati
1661 2792 1732 2817 non
1755 2792 1845 2816 ι·-

292 2833 530 2868 functionibus
568 2844 628 2878 per
665 2832 819 2878 diploma
846 2832 1031 2873 renuntiat,
1101 2841 1162 2876 per
1189 2829 1411 2874 credendum,
1428 2829 1500 2872 ib.;
1525 2827 1610 2863 fides
1626 2834 1663 2864 et
1677 2829 1844 2863 sanctim

294 2883 375 2923 402,
396 2883 465 2915 546
480 2892 490 2923 ;
514 2880 663 2914 lemures
679 2878 809 2924 Anglia
820 2879 925 2925 ejicit,
938 2881 1007 2913 507
1019 2890 1029 2921 ;
1101 2877 1257 2931 procedit
1271 2877 1315 2911 ab
1331 2876 1549 2919 educatione,
1567 2874 1763 2922 disciplina,
1779 2873 1844 2910 nli-

293 2938 362 2962 non
383 2927 514 2972 absque
529 2926 681 2972 periculo
697 2926 947 2962 combustionis
962 2924 1031 2961 suit
1100 2935 1201 2969 isque
1225 2923 1456 2966 naturalibus,
1475 2923 1554 2958 Deo
1576 2922 1631 2957 his
1655 2926 1776 2958 utente
1795 2920 1843 2957 ad

293 2974 360 3009 sub
377 2974 494 3010 Maria
511 2973 652 3019 Regina
669 2974 749 3007 546.
1101 2968 1609 3015 suosinstruendos,233;fides
1617 2968 1842 3013 eudemum!

1058 2100 1244 2148 Exemptio
1259 2100 1474 2143 clericorum,
1490 2103 1570 2135 504.

1058 2148 1215 2183 Exilium
1249 2148 1430 2183 subditum
1459 2159 1481 2182 a
1507 2159 1646 2183 summa
1675 2152 1843 2194 potestate

1101 2195 1237 2238 liberat,
1256 2198 1343 2238 1693
1367 2196 1426 2229 vix
1443 2206 1547 2240 poena
1561 2200 1624 2239 est,
1639 2197 1721 2230 227.

1091 2243 1294 2286 xorcismus,
1310 2245 1391 2285 457,
1406 2245 1488 2285 499,
1506 2245 1585 2277 505.

1058 2288 1284 2336 Experientia
1311 2300 1426 2324 rerum
1455 2290 1648 2324 multarum
1665 2288 1845 2331 memoria,

1103 2339 1149 2381 93
1172 2341 1281 2372 mater
1296 2336 1503 2383 prudentiae,
1520 2339 1575 2371 38.
