1968 3236
532 205 603 239 nn
630 205 888 239 clvl'rATss
915 204 1273 239 cnms‘rtANA.
1499 194 1595 236 303

205 318 475 384 praedicere
501 334 552 367 se
582 318 749 366 futura
783 318 954 366 dicunt
991 333 1079 381 per
1110 317 1310 381 spiritus
1337 323 1387 364 et
1410 331 1498 378 per
1521 315 1595 363 di·
1612 335 1879 371 maxxxw.

206 394 506 443 vinationem
540 394 942 457 superstitiosam,
966 394 1113 457 idque
1143 392 1309 440 multis
1339 391 1511 449 modis,
1535 399 1593 438 ut
1629 391 1855 463 m,

207 486 355 535 supra
376 471 504 534 (cap.
532 472 641 530 x11)
670 470 921 533 speciatim
947 469 1173 517 diximus.
1210 469 1372 531 Atque
1395 467 1447 515 hi
1470 467 1595 515 exis·
1631 475 1839 513 etPropbetin·

207 545 514 595 timationem
537 546 807 608 prophetiae
840 545 1075 607 majorem
1097 559 1186 607 per
1208 559 1360 590 uuum
1383 542 1596 606 aliquem

159 681 162 683 ‚
208 629 438 670 eventum
469 621 674 668 fortuito
709 620 997 684 praedictum
1029 619 1119 667 sibi
1149 619 1424 682 acquirunt,
1449 633 1597 681 quam

203 712 321 760 quae
343 697 610 744 innumeris
632 696 1030 759 praedictionibus
1053 711 1214 742 rerum
1230 710 1339 758 quae
1362 710 1464 741 non
1487 709 1597 740 eve-

208 779 406 830 nerunt,
423 780 585 835 potest
609 771 730 819 tolli.
786 770 1065 835 Prophetia
1082 786 1182 818 non
1206 779 1280 818 est
1303 785 1398 828 ars,
1421 785 1596 832 neque,

208 856 268 896 ut
302 848 512 895 sumitur
549 863 638 911 pro
683 846 1017 910 praedictione,
1054 846 1307 909 negotium
1350 853 1596 903 constans,

209 922 298 972 sed
320 939 442 971 onus
469 923 815 986 temporarium
852 931 999 985 atque
1040 921 1481 969 extraordinarium
1508 921 1599 968 im-

209 998 424 1063 positum
443 1014 471 1044 a
491 998 610 1054 Deo,
628 998 913 1060 plerumque
931 997 1046 1044 viris
1063 997 1221 1055 bonis,
1242 996 1329 1044 sed
1352 995 1600 1044 interdum

210 1073 359 1121 etiam
390 1073 544 1120 malis.
615 1073 795 1120 Mulier
824 1073 907 1120 illa
930 1073 990 1119 ab
1022 1071 1204 1129 Endor,
1229 1087 1339 1134 quae
1371 1071 1504 1119 dicta
1526 1079 1601 1119 est

212 1149 472 1197 suscitasse
495 1150 784 1211 phantasma
807 1134 1043 1196 Samuesss
1066 1164 1154 1211 per
1176 1148 1403 1211 spiritum
1423 1147 1602 1212 famili-

212 1239 363 1280 arem,
380 1224 705 1287 praedixitque
729 1232 937 1272 mortem
962 1224 1136 1282 Saulis,
1160 1240 1260 1271 non
1285 1225 1347 1272 ob
1371 1240 1480 1272 eam
1497 1239 1600 1271 rem

213 1299 519 1363 prophetissa
546 1307 666 1348 erat.
736 1300 908 1363 Neque
942 1300 1072 1347 enim
1109 1300 1363 1348 scientiam
1390 1300 1603 1363 aliquam

213 1375 402 1431 habuit,
426 1391 515 1438 per
549 1391 695 1438 quam
731 1375 781 1423 id
819 1375 978 1438 potuit
1011 1375 1187 1431 facere,
1210 1391 1367 1438 neque
1402 1382 1604 1438 apparet

209 1451 351 1514 jussu
387 1450 479 1498 Dei
519 1450 704 1498 factum
736 1467 858 1509 esse,
891 1451 982 1498 etsi
1013 1450 1334 1514 imposturam
1367 1451 1500 1498 illam
1533 1451 1606 1498 ita

212 1525 342 1573 nexit
376 1525 524 1583 Deus,
559 1534 616 1573 ut
657 1526 788 1583 Saul,
823 1526 937 1574 inde
982 1526 1180 1573 territus
1226 1526 1604 1591 debilitatusque

213 1601 395 1659 animo,
419 1601 588 1664 praelio
612 1601 771 1649 victus
794 1601 1005 1649 caderet.
1073 1601 1234 1648 Etiam
1257 1618 1507 1651 sermones
1530 1603 1605 1650 in-

213 1675 519 1724 cohaerentes
541 1676 671 1739 apud
689 1683 861 1739 gentes
878 1676 1184 1724 habebantur
1200 1693 1291 1740 pro
1308 1678 1604 1742 prophetia.

216 1751 472 1816 Ptophetae
495 1752 627 1800 enim
650 1752 958 1800 oraculorum
976 1769 1191 1811 suorum,
1205 1761 1325 1801 tunc
1341 1754 1606 1818 propheta-

214 1826 352 1884 bant,
377 1827 573 1890 quando
596 1844 749 1891 vapor
773 1828 948 1892 aliquis
982 1828 1171 1877 animos
1206 1845 1374 1877 eorum
1408 1831 1607 1894 expule-

216 1908 311 1960 rat,
333 1902 404 1950 ita
425 1910 482 1950 ut
504 1903 655 1951 verba
678 1903 878 1967 quidem
901 1904 1199 1967 protulerint
1222 1905 1351 1953 inter
1385 1921 1436 1954 se
1471 1906 1607 1955 inco-

217 1978 470 2038 haerentia,
494 1986 543 2026 et
566 1995 627 2027 ex
650 1980 842 2043 quibus,
865 1987 920 2028 ut
955 1996 1016 2028 ex
1048 1981 1263 2028 materia
1285 1982 1476 2045 prima,
1500 1982 1607 2030 fieri

218 2059 386 2117 posset
407 2053 639 2116 quicquid
661 2055 866 2119 quisque
888 2055 1050 2104 vellet.

289 2128 581 2192 Quanquam
619 2138 786 2179 autem
816 2132 868 2179 in
900 2131 1162 2195 Scripturis
1194 2132 1354 2179 Sacris
1384 2131 1610 2180 vocabuli

216 2203 472 2267 propheta
516 2212 594 2253 tot
637 2206 736 2254 sint
779 2207 1177 2270 significationes,
1217 2207 1611 2270 frequentissima

219 2284 387 2326 tamen
409 2293 468 2326 ea
488 2286 579 2337 ωε,
602 2280 654 2328 in
687 2297 785 2344 qua
806 2283 1015 2330 sumitur
1036 2298 1126 2346 pro
1150 2298 1207 2330 eo
1232 2283 1311 2330 cui
1336 2283 1466 2331 Deus
1488 2282 1609 2331 illud

222 2352 502 2401 immediate
524 2354 754 2418 loquutus
770 2366 862 2418 est,
880 2357 1012 2422 quod
1028 2358 1069 2406 is
1091 2358 1278 2406 homini
1301 2358 1378 2405 vel
1399 2358 1610 2406 homini·

223 2427 316 2476 bus
351 2427 579 2491 loquutus
614 2438 734 2479 erat.
803 2433 901 2481 Sed
942 2434 1203 2497 quomodo,
1246 2434 1375 2481 dicet
1418 2433 1608 2496 aliquiS‚

223 2502 421 2567 proprie
448 2502 546 2551 dici
575 2513 737 2568 potest
770 2507 1027 2572 loquutum
1062 2524 1167 2556 esse
1199 2509 1372 2567 Deum,
1397 2508 1481 2571 qui
1516 2508 1610 2556 lin-

226 2593 375 2642 gnam
397 2578 587 2642 aliaque
609 2596 794 2644 organa
813 2583 1044 2647 loquendi
1067 2600 1166 2632 non
1189 2584 1354 2642 habet,
1373 2583 1499 2631 sicut
1522 2583 1609 2632 ho-

227 2652 343 2700 mo?
392 2652 526 2702 Quid
538 2656 733 2704 autem?
805 2658 1050 2720 Quisecit
1068 2658 1274 2717 oculum,
1294 2658 1413 2706 dicit
1433 2658 1608 2717 David,

225 2726 370 2787 (Psal.
403 2728 533 2777 xciii.
553 2731 607 2791 9)
634 2747 728 2779 non
751 2732 940 2781 videbit
957 2737 986 2782 β’
1057 2734 1130 2792 Is,
1153 2734 1240 2799 qui
1255 2733 1399 2795 fecit
1423 2750 1608 2794 aurem,

227 2818 325 2850 non
346 2802 520 2851 audiet
533 2806 563 2852 Ρ
643 2805 748 2854 Etsi
783 2823 876 2856 nec
912 2808 1046 2856 videt
1084 2825 1175 2856 nec
1211 2808 1351 2856 audit
1385 2808 1518 2857 Deus
1553 2817 1610 2858 ut
