1968 3236
374 179 469 223 200
867 189 935 222 DE
963 188 1234 222 οινιΤΑΤΕ.

106 319 207 352 οΑΡ,
225 321 353 354 xxv1,
374 300 487 347 solis
511 300 641 362 leges
667 314 784 356 esse,
811 300 983 361 quibus
1006 299 1201 346 fuerunt
1233 297 1503 345 declaratae.
1574 297 1745 358 Itaque

132 375 319 449 Μ
373 375 652 432 infantibus,
693 382 850 422 mente
887 375 1057 437 captis,
1096 373 1176 436 qui
1211 373 1446 437 imperata
1477 371 1745 433 intelligere

133 449 272 487 civilibus
373 466 470 496 non
512 458 728 512 possunt,
764 466 919 512 neque
967 449 1082 511 quid
1117 449 1178 495 sit
1209 450 1395 511 justum
1431 454 1479 495 et
1515 447 1744 510 injustum

374 526 547 582 sciunt,
590 540 746 587 neque
786 534 930 587 pacta
964 523 1256 586 intelligunt,
1282 523 1411 585 leges
1449 522 1612 569 civiles
1647 536 1745 568 non

373 608 646 662 ponuntur3
682 615 839 662 neque
882 608 1140 662 propterea
1174 598 1283 655 illis,
1309 598 1497 660 quibus,
1522 597 1612 644 etsi
1641 596 1746 643 haec

374 675 534 721 omnia
556 675 844 737 intelligant,
871 675 1125 722 declaratae
1158 674 1257 721 sive
1294 673 1613 736 promulgatae
1646 687 1746 719 non

374 750 484 807 sint,
509 750 577 796 ita
600 759 654 797 ut
672 766 767 808 eas,
792 750 831 797 si
845 751 1123 806 voluissent,
1148 765 1441 812 cognoscere
1458 749 1745 812 potuissent.

376 825 790 872 Considerandum
814 842 929 888 ergo
955 833 1042 883 est,
1073 841 1180 887 quae
1203 831 1489 886 argumenta
1511 823 1586 870 vel
1610 823 1749 886 signa

374 901 436 948 ad
458 901 614 962 legem
638 900 1038 963 promulgandam
1056 900 1230 947 idonea
1249 899 1487 946 censenda
1504 899 1614 946 sint.

441 976 616 1033 Primo,
658 976 698 1022 si
737 976 814 1023 lex
851 992 908 1023 ea
942 975 1051 1023 talis
1086 975 1162 1033 sit,
1186 985 1242 1022 ut
1279 974 1406 1022 cives
1443 988 1609 1022 omnes
1645 972 1748 1021 sine

377 1052 658 1113 exceptione
678 1051 872 1113 obliget,
898 1068 987 1099 nec
1003 1051 1182 1113 scripta
1202 1050 1262 1098 sit
1283 1071 1295 1105 ;
1332 1049 1531 1097 dubium
1555 1065 1654 1096 non
1676 1056 1751 1096 est

377 1127 492 1190 quin
527 1126 604 1173 lex
639 1135 823 1173 naturae
848 1127 925 1174 sit.
997 1126 1141 1174 Quod
1165 1126 1288 1173 enim
1328 1142 1417 1188 pro
1442 1125 1548 1187 lege
1570 1124 1751 1172 habere

379 1202 607 1250 debemus
632 1218 729 1249 non
754 1210 950 1264 propter
974 1201 1236 1248 dictamina
1259 1201 1465 1248 aliorum
1482 1199 1748 1258 hominum,

378 1277 462 1325 sed
484 1287 683 1340 propter
712 1293 846 1324 suam
869 1277 1245 1339 uniuscujusque
1269 1276 1522 1333 rationem,
1547 1289 1750 1322 consen·

377 1360 520 1401 tanea
560 1368 664 1400 esse
696 1352 842 1399 debet
863 1351 1199 1399 universaliter
1222 1351 1400 1398 rationi
1423 1351 1662 1408 humanae,
1700 1358 1752 1398 et

375 1445 462 1491 per
500 1443 797 1490 consequens
843 1427 918 1475 lex
959 1427 1192 1475 naturalis
1234 1435 1323 1474 est.
1394 1426 1545 1488 Leges
1585 1425 1751 1487 itaque

376 1503 619 1551 naturales
659 1503 1000 1565 publicatione,
1038 1502 1432 1566 proclamatione,
1472 1500 1750 1563 promulga-

374 1579 508 1626 tione
528 1595 625 1625 non
650 1578 870 1641 indigent
889 1596 899 1633 ;
934 1588 990 1626 ut
1015 1595 1122 1642 quae
1141 1579 1191 1625 in
1214 1578 1358 1625 unico
1374 1585 1618 1639 praecepto
1634 1591 1749 1623 con-

376 1653 608 1711 tinentur,
641 1653 957 1717 qaodcunque
980 1652 1128 1700 vultis
1150 1659 1201 1699 ut
1212 1651 1424 1716 faciant
1442 1649 1576 1698 vobis
1599 1649 1750 1697 leomi-

375 1745 476 1786 neS,
495 1728 553 1775 id
571 1744 652 1775 vos
654 1728 828 1791 facite
850 1728 967 1775 illis.

443 1804 682 1860 Secundo,
720 1804 759 1851 si
796 1804 873 1851 lex
909 1804 1070 1867 aliqua
1107 1819 1204 1851 non
1241 1818 1421 1860 omnes,
1443 1801 1527 1850 sed
1561 1809 1749 1848 certum

375 1896 527 1944 genus
561 1879 812 1926 hominum
844 1880 919 1926 vel
952 1887 1138 1927 certum
1160 1878 1404 1925 hominem
1438 1876 1633 1939 obliget,
1657 1891 1750 1924 nec

376 1956 438 2003 sit
461 1954 640 2017 scripta
657 1970 813 2016 neque
838 1954 1155 2016 promulgata,
1171 1953 1248 2000 lex
1265 1961 1450 1999 naturae
1465 1960 1554 1998 est.
1589 1950 1749 1999 Etiam

353 2031 505 2097 §leges
551 2044 717 2076 omnes
760 2045 856 2076 non
889 2028 1221 2091 promulgatae,
1264 2027 1303 2074 si
1345 2027 1575 2089 obligent,
1618 2026 1750 2089 leges

375 2105 620 2153 naturales
645 2112 772 2152 sunt.
811 2105 954 2151 t{ussa
977 2104 1105 2151 enim
1121 2103 1281 2151 omnia
1295 2102 1513 2150 homines
1533 2102 1750 2164 obligant

375 2182 451 2228 vel
489 2188 727 2243 quatenus
764 2179 996 2237 homines,
1025 2179 1100 2226 vel
1125 2186 1360 2241 quatenus
1383 2177 1526 2236 cives,
1550 2177 1626 2225 vel
1649 2193 1747 2226 non

376 2257 572 2304 omnino
596 2255 827 2317 obligant.
898 2255 1067 2317 Itaque
1083 2254 1122 2301 si
1140 2253 1332 2316 publico
1356 2252 1576 2300 ministro
1600 2268 1747 2316 nego-

375 2332 497 2380 tium
538 2330 856 2394 quodcunque
888 2330 1104 2392 imponat
1133 2328 1407 2377 faciendum
1443 2328 1611 2376 civitas
1646 2329 1750 2377 sine

375 2408 555 2470 scripta
577 2406 757 2469 regula,
782 2405 875 2453 erit
898 2406 965 2453 illi
983 2421 1071 2468 pro
1090 2405 1256 2467 regula
1270 2404 1511 2451 dictamen
1530 2404 1748 2464 rationis,

374 2484 534 2546 legato
560 2482 753 2545 quidem
778 2481 983 2529 civitatis
1000 2482 1196 2537 bonum,
1210 2479 1362 2542 judici
1377 2489 1539 2526 autem
1554 2479 1605 2527 id
1619 2480 1749 2543 quod

376 2559 466 2606 sibi
490 2574 680 2621 aequum
704 2557 959 2605 videbitur.
1030 2556 1211 2604 Civitas
1232 2556 1360 2603 enim
1384 2563 1434 2603 et
1455 2556 1638 2604 bonum
1656 2556 1748 2604 sibi

376 2642 424 2681 et
447 2633 630 2681 civibus
655 2649 846 2696 aequum
865 2633 983 2680 velle
1006 2631 1307 2695 intelligitur.

442 2709 650 2772 Legibus
688 2717 874 2756 naturae
914 2708 1142 2771 exceptis,
1166 2707 1226 2755 de
1257 2715 1431 2754 natura
1467 2714 1517 2754 et
1539 2705 1748 2755 essentia

375 2784 535 2846 legum
560 2784 762 2833 aliarum
780 2784 994 2833 omnium
1018 2791 1092 2832 est
1115 2790 1170 2830 ut
1199 2782 1593 2846 promulgentur3
1629 2781 1749 2830 alio-
