1910 3236
82 377 137 408 CA
144 378 170 408 P
175 400 185 410 .
203 378 233 409 V
238 378 251 409 Ι
257 379 271 409 Ι
277 379 289 410 l
296 400 306 411 .

101 434 289 455 *sp—d

60 474 105 503 De
119 474 278 502 virtutibus

57 517 305 546 intellectualibus
313 528 319 551 ;

58 561 278 598 defectibusque

59 605 206 642 oppositis.

347 225 410 267 60
867 232 938 265 DE
968 231 1212 265 HOMINE.

346 346 591 393 actionem
626 345 854 407 aliquam,
882 361 991 407 quae
1026 344 1088 391 ab
1126 343 1208 392 illa
1243 343 1472 407 opinione
1503 342 1742 406 procedit,

346 421 705 469 exorbitantem
724 420 926 468 visibilis
949 440 960 474 ;
998 419 1194 483 quando
1215 427 1381 468 tamen
1406 418 1547 466 multi
1571 435 1742 467 eorum

348 498 648 560 conspirant,
686 497 822 543 furor
866 495 1016 542 totius
1063 495 1392 543 multitudinis
1429 495 1546 542 satis
1586 495 1742 542 mani-

345 574 499 622 festus
525 580 611 620 est.
686 571 950 620 Quodnam
991 570 1121 618 enim
1158 571 1361 618 insaniae
1396 578 1741 634 argumentum

346 650 503 712 majus
543 664 648 696 esse
682 655 848 711 potest
873 663 1019 709 quam
1044 647 1270 705 clamare,
1295 647 1457 706 ferire,
1483 654 1532 694 et
1554 646 1743 710 lapides

344 726 395 772 in
420 724 601 772 amicos
621 725 784 787 jacere
805 723 820 770 ἓ
892 723 1059 770 Minus
1079 730 1245 770 tamen
1265 730 1338 770 est
1357 722 1606 785 aliquanto
1629 722 1739 780 hoc,

345 818 491 864 quam
530 800 661 863 quod
694 798 974 862 hujusmodi
1009 799 1346 846 multitudines
1381 797 1644 861 aliquando
1668 797 1741 846 fa-

344 878 496 924 ciunt.
567 877 698 923 Nam
721 875 1012 933 occlamant,
1039 882 1343 939 oppugnant,
1365 883 1414 922 et
1437 874 1741 922 interficiunt

342 953 465 1011 illos,
489 968 576 1016 per
608 968 729 1015 quos
766 951 899 999 omni
936 959 1200 999 ante-actae
1223 951 1338 998 vitae
1370 957 1590 1014 tempore
1627 966 1739 1013 pro-

341 1029 461 1076 tecti
486 1036 536 1076 et
560 1028 747 1075 defensi
771 1028 831 1075 ab
857 1027 1046 1090 injuriis
1070 1028 1281 1075 fuerant.
1354 1027 1379 1073 J
1385 1043 1466 1074 am
1490 1027 1531 1074 si
1550 1026 1743 1074 insania

341 1105 448 1152 haec
487 1105 551 1152 sit
591 1104 642 1151 in
677 1104 1007 1162 multitudine,
1034 1103 1225 1151 insania
1259 1118 1452 1166 quoque
1477 1111 1552 1150 est
1575 1102 1627 1149 in
1650 1102 1740 1150 ho-

342 1181 554 1228 minibus
590 1179 810 1243 singulis.
883 1179 1312 1228 Quemadmodum
1349 1178 1479 1226 enim
1502 1178 1553 1225 in
1577 1178 1740 1226 medio

343 1257 482 1315 mari,
508 1272 786 1319 quanquam
811 1271 986 1303 sonum
1005 1255 1066 1302 ab
1086 1271 1214 1317 aqua
1237 1254 1328 1302 sibi
1347 1253 1571 1317 proxima
1592 1270 1741 1302 nemo

340 1333 593 1396 percipiat,
619 1332 712 1379 scit
736 1338 902 1379 tamen
938 1339 1133 1394 partem
1166 1331 1300 1378 illam
1335 1346 1475 1392 aquae
1500 1329 1740 1393 proximae

342 1409 559 1457 fremitui
591 1408 740 1455 maris
778 1423 875 1455 non
914 1407 1075 1454 minus
1111 1406 1441 1463 contribuere,
1474 1421 1622 1468 quam
1645 1405 1742 1453 alia

342 1501 455 1548 pars
480 1500 787 1548 quaecunque
812 1483 1030 1547 ejusdem
1055 1481 1436 1545 magnitudinis:
1481 1481 1551 1529 ita
1575 1481 1741 1539 etiam,

344 1577 621 1624 quanquam
645 1560 696 1606 in
718 1575 818 1607 uno
842 1559 920 1606 vel
943 1558 1110 1621 paucis
1147 1557 1426 1605 hominibus
1464 1572 1565 1604 non
1602 1573 1740 1620 mag-

341 1653 455 1684 nam
500 1635 752 1683 videamus
799 1634 1203 1697 inquietudinem,
1247 1633 1369 1680 certi
1419 1640 1584 1679 tamen
1631 1649 1739 1681 esse

341 1727 597 1775 possumus
616 1711 865 1774 passiones
883 1710 1012 1757 illius
1029 1710 1172 1756 unius
1189 1708 1266 1756 vel
1281 1723 1551 1771 paucorum
1570 1716 1736 1772 partes

341 1804 446 1836 esse
491 1787 715 1835 fremitus
761 1786 982 1834 seditiosi
1027 1792 1287 1833 commotae
1328 1784 1554 1832 civitatis.
1631 1784 1739 1832 Etsi

341 1864 463 1911 nihil
488 1871 614 1911 esset
638 1862 771 1911 aliud
795 1862 926 1925 quod
957 1861 1196 1909 insaniam
1226 1861 1370 1924 hujus
1394 1861 1587 1923 generis
1611 1860 1739 1908 indi-

343 1947 493 1998 caret,
509 1939 630 1987 mihi
646 1947 810 1986 tamen
825 1938 930 2001 ipsa
947 1936 1279 2000 inspirationis
1297 1936 1474 1984 divinae
1490 1936 1737 2000 arrogatio

342 2015 542 2063 insaniae
561 2015 776 2078 ipsorum
798 2029 1030 2076 magnum
1048 2012 1284 2060 indicium
1303 2023 1393 2059 est.
1445 2012 1569 2061 Quis
1586 2012 1734 2076 enim,

341 2091 392 2139 in
417 2090 724 2139 Morocomio
751 2089 917 2137 dicens
954 2089 1113 2136 Deum
1147 2104 1198 2135 se
1232 2103 1334 2135 esse
1357 2087 1434 2135 vel
1468 2087 1735 2147 Christum,

342 2183 430 2214 cur
452 2166 550 2214 illic
576 2166 834 2214 conclusus
859 2165 922 2212 sit
946 2164 1133 2211 nesciat
1160 2163 1176 2210 Ρ
1249 2163 1395 2217 Quod
1434 2170 1598 2210 autem
1636 2163 1736 2226 pri-

341 2250 508 2290 vatum
549 2242 784 2307 Spiritum
823 2257 964 2288 suum
998 2239 1126 2288 tanti
1160 2239 1344 2287 faciant
1389 2239 1556 2302 aliqui,
1593 2248 1649 2287 ut
1683 2255 1734 2287 se

341 2318 574 2367 divinitus
611 2317 838 2381 inspirari
879 2323 1067 2380 putent,
1104 2331 1438 2378 saepenumero
1475 2315 1633 2362 oritur
1672 2316 1735 2363 ab

341 2394 520 2442 erroris
544 2394 748 2456 alicujus
773 2393 822 2439 in
849 2391 1096 2454 theologia
1118 2391 1265 2453 vulgo
1285 2390 1470 2453 recepti
1493 2389 1624 2437 felici
1649 2389 1734 2438 de-

340 2470 586 2525 tectione3
623 2469 896 2517 nescientes
933 2467 1062 2514 enim
1080 2467 1158 2514 vel
1195 2466 1333 2514 obliti
1361 2482 1458 2529 quo
1484 2466 1638 2514 ductu
1655 2481 1734 2515 ra-

339 2547 488 2594 tionis
522 2546 574 2593 in
605 2551 707 2593 tam
747 2543 1044 2607 singularem
1067 2542 1341 2600 veritatem,
1367 2541 1459 2589 etsi
1483 2542 1733 2590 interdum

342 2622 520 2670 veritas
559 2637 660 2669 non
700 2620 780 2678 sit,
810 2618 1090 2677 inciderint,
1127 2617 1427 2680 semetipsos,
1463 2625 1519 2665 ut
1554 2618 1732 2682 quibus

339 2698 472 2746 Deus
498 2698 599 2761 ipse
638 2694 835 2760 speciali
858 2694 1018 2757 gratia
1042 2693 1316 2741 doctrinam
1340 2693 1472 2741 illam
1498 2709 1732 2757 superna·

339 2774 564 2821 turaliter
589 2772 776 2836 Spiritu
799 2771 979 2819 Sancto
998 2769 1302 2827 revelaverit,
1327 2769 1649 2818 admirantur.

408 2849 557 2898 Quod
592 2848 780 2896 insania
819 2846 939 2895 nihil
981 2845 1114 2894 aliud
1155 2845 1217 2893 sit
1251 2853 1432 2908 praeter
1478 2844 1730 2909 ingentem
