1968 3236
481 263 763 298 APPEme
791 264 864 298 AD
892 264 1228 298 aniATnAN.
1451 251 1545 303 557

231 370 298 418 B.
334 371 547 420 Omnino
572 374 684 421 sciri
709 390 807 423 non
833 383 1009 438 potest,
1034 360 1358 439 praeterquam
1382 390 1412 422 a
1439 374 1544 421 Deo

166 445 290 494 solo.

230 521 298 569 A.
334 521 511 570 Nonne
536 524 647 586 cogi
671 532 834 587 potest
857 525 1063 572 haeresin
1079 541 1215 572 suam
1238 525 1496 587 abjurare?

231 597 297 646 B.
334 598 446 646 Non
470 607 647 662 potest.
700 600 931 648 Solebant
954 600 1167 664 quidem,
1192 607 1352 648 stante
1374 599 1546 647 autho-

165 671 312 721 ritate
346 672 590 721 dictorum
617 683 863 722 rectorum
887 675 1339 734 ecclesiasticorum,
1363 676 1544 723 exami-

165 748 270 796 nari
306 748 568 812 aliquando
604 766 715 796 cum
751 750 1030 813 juramento
1065 750 1125 797 de
1153 749 1397 798 sententia
1418 750 1545 813 ipso-

165 839 273 872 rum
306 824 515 871 interna.
586 825 683 872 Sed
714 841 771 872 ea
808 833 1022 888 potestas
1054 841 1150 873 una
1179 841 1291 872 cum
1326 825 1430 888 ipsa
1458 841 1544 873 au-

164 897 399 946 thoritate
439 899 604 947 ablata
644 907 732 957 est,
769 908 825 947 ut
867 900 1060 963 iniqua;
1106 907 1378 963 propterea,
1414 900 1546 963 quod

166 973 516 1036 cogitationum
547 974 764 1022 vindicta
797 974 861 1022 ad
891 975 1045 1022 solum
1073 975 1267 1022 videtur
1299 975 1544 1038 pertinere

166 1049 339 1107 Deum,
355 1050 707 1112 cogitationum
732 1050 1071 1113 inspectorem.
1126 1051 1278 1113 Leges
1302 1050 1431 1097 enim
1455 1050 1546 1098 hu-

166 1140 323 1173 manae
346 1125 397 1172 in
417 1125 775 1172 contumaciam
800 1133 991 1173 tantum
1015 1112 1421 1176 affimadvertunt.

232 1200 297 1247 A.
335 1200 543 1247 Nullane
582 1201 922 1249 haereticorum
960 1218 1106 1265 poena
1145 1201 1477 1249 constituitur‘
1494 1202 1545 1249 in

166 1275 452 1339 evangelio?

231 1352 299 1399 B.
336 1351 498 1406 Nulla,
522 1352 614 1399 nisi
650 1352 781 1414 quod
815 1352 1033 1415 fugiendi
1070 1362 1198 1411 sunt,
1237 1361 1287 1400 et
1327 1368 1543 1400 commu-

165 1427 312 1475 nione
334 1436 630 1485 sanctorum,
659 1428 742 1490 qui
777 1428 859 1475 illo
883 1436 1102 1491 tempore
1126 1428 1187 1475 de
1211 1427 1391 1476 divitiis
1415 1443 1546 1475 com-

166 1502 393 1550 munibus
429 1503 698 1561 alebantur,
733 1503 1039 1566 prohibendi.
1107 1503 1307 1551 Nullam
1347 1518 1545 1566 poenam

167 1579 402 1627 sancitam
427 1579 622 1626 invenio
641 1579 922 1627 secularem.
960 1579 1132 1642 Neque
1156 1578 1544 1627 excommunica-

165 1655 351 1703 tionem
373 1654 563 1718 reperio
587 1663 789 1718 propter
810 1654 1036 1711 haeresin,
1056 1653 1143 1701 sed
1160 1661 1360 1717 propter
1376 1653 1543 1709 vitam,

166 1737 219 1778 et
256 1729 439 1778 scelera
475 1730 650 1793 quibus
691 1729 860 1793 religio
890 1729 1291 1776 dedecorabatur.
1361 1729 1546 1776 Contra

166 1812 347 1863 autem,
370 1805 411 1853 si
434 1804 497 1852 ad
521 1804 793 1852 doctrinam
810 1805 1138 1853 Christianam
1160 1804 1405 1868 parabolae
1421 1804 1547 1851 Novi

165 1879 467 1928 Testamenti
506 1880 796 1928 adhibendae
841 1889 969 1938 sunt,
1003 1880 1166 1944 puniri
1202 1880 1484 1927 haereticum
1518 1896 1548 1927 a

169 1954 444 2003 Christiano
483 1955 679 2003 homine
719 1972 865 2018 poena
910 1956 1040 2003 civili
1083 1955 1379 2018 prohibitum
1425 1964 1547 2018 puto

172 2029 375 2090 (Matth.
393 2029 495 2078 xiii.
519 2032 695 2092 27-30)
720 2049 731 2077 :
766 2030 907 2078 Unde
942 2030 1047 2077 hoec
1087 2030 1282 2077 zizania
1301 2033 1330 2077 ,9
1397 2029 1549 2076 Dixit

170 2103 277 2152 illis
293 2103 459 2163 lesus,
479 2104 713 2152 Inimicus
737 2105 872 2153 homo
896 2105 1149 2168 kocfecit.
1219 2104 1362 2151 Servi
1385 2111 1547 2151 autem

171 2179 404 2227 dixerunt
425 2178 519 2237 illi,
539 2179 583 2225 V
581 2180 625 2226 is
648 2180 943 2244 colligamus
963 2183 1062 2228 ea?
1098 2179 1197 2227 Ille
1221 2186 1382 2226 autem
1398 2178 1546 2236 dixit,

172 2253 302 2312 Non,
325 2271 386 2302 ne
402 2253 557 2318 sorte
580 2254 872 2320 colligentes
895 2255 1105 2312 zizania,
1137 2254 1410 2302 eradit-etia
1450 2269 1547 2301 una

167 2344 398 2393 granum.
469 2328 630 2376 Sinite
663 2329 804 2377 ambo
842 2330 989 2378 simul
1027 2344 1254 2377 crescere
1291 2345 1443 2392 nsque
1479 2328 1552 2376 ad

172 2418 386 2451 messem.
456 2403 633 2451 Nonne
666 2404 975 2453 manifestum
1005 2405 1120 2451 hinc
1151 2410 1240 2460 est,
1273 2403 1473 2460 zizania,
1497 2402 1549 2450 id

172 2486 247 2526 est
290 2478 498 2526 haereses
543 2478 858 2527 reservandas
904 2495 1007 2527 esse
1052 2478 1116 2526 ad
1155 2477 1394 2540 judicium
1433 2478 1548 2526 ulti-

171 2552 339 2600 mum?
409 2553 669 2602 Quomodo
706 2569 824 2616 ergo
871 2553 1158 2603 revellendae
1204 2562 1318 2600 sunt
1357 2553 1407 2600 in
1452 2553 1548 2601 hoc

171 2628 355 2676 mundo
386 2636 543 2676 morte
578 2628 656 2675 vel
691 2628 869 2676 exilio?
939 2630 1061 2677 Item
1095 2634 1109 2676 l
1138 2627 1249 2675 Cor.
1270 2627 1336 2674 iii.
1371 2633 1545 2675 11-15:

171 2702 555 2751 Fundamentum
585 2701 731 2750 aliud
750 2718 944 2767 ponere
966 2718 1100 2750 nemo
1127 2708 1315 2766 potest,
1333 2707 1548 2765 praeter-

170 2794 316 2843 quam
351 2777 487 2842 quod
519 2776 669 2824 ‹Ie-ms
704 2783 780 2824 eet
821 2777 1067 2824 Christus.
1154 2775 1244 2823 Sin
1288 2776 1400 2839 quis
1434 2776 1548 2824 hnic

150 2852 487 2917 ficndamento
519 2851 999 2916 superoedg‘ficaverit
1036 2866 1223 2910 aarum,
1269 2857 1549 2916 argentum,

1608 396 1711 428 cAl’.
1732 396 1780 428 11.

1604 497 1647 526 De
1660 497 1773 525 heresi.
