1910 3236
715 317 784 350 nn
813 316 1055 351 ΗοΜιΝΕ.
1508 301 1569 352 37

190 426 328 491 cipiis
351 426 620 475 ordiantur.
679 428 771 474 Vix
792 429 921 476 enim
940 427 1157 476 invenies
1180 424 1427 473 hominem
1451 423 1573 471 adeo

190 501 454 565 stupidum,
481 502 597 565 quin
622 502 662 550 si
699 502 748 549 in
783 503 1055 566 geometria
1078 500 1310 549 erraverit
1334 515 1573 547 errorem-

191 592 287 641 que
310 578 414 641 ejus
448 578 542 641 ipsi
574 577 844 626 ostenderit
878 578 1014 637 alius,
1040 592 1255 626 errorem
1281 591 1421 623 suum
1444 574 1573 622 illico

190 659 438 716 agnoscet.

258 729 476 792 Apparet
498 728 613 776 hinc
638 728 876 775 rationem
912 742 1017 775 non
1042 743 1161 786 esse,
1185 727 1312 775 sicut
1335 741 1503 774 sensus
1526 732 1576 774 et

191 803 441 862 memoria,
489 803 745 852 nobiscum
782 810 976 857 natam3
1014 819 1172 866 neque
1212 802 1330 860 sola,
1367 810 1423 849 ut
1460 817 1576 865 pru-

193 879 375 938 dentia,
400 879 700 943 experientia
734 879 1036 942 acquisitam,
1062 879 1147 926 sed
1180 878 1447 932 industria3
1484 877 1577 924 sci-

191 955 308 1004 licet
331 963 447 1018 apta
482 955 533 1002 in
555 955 725 1018 primis
749 954 1366 1018 impositione'nominum;
1403 952 1579 1000 deinde

192 1029 424 1078 methodo
443 1038 579 1078 recta
600 1030 911 1094 procedendo
932 1046 962 1077 a
983 1030 1260 1077 nominibus
1275 1029 1338 1076 ad
1360 1028 1580 1092 proposi-

194 1106 369 1164 tiones,
395 1113 446 1153 et
468 1122 499 1153 a
526 1105 943 1169 propositionibus
980 1104 1043 1152 ad
1078 1104 1397 1168 syllogismOS,
1423 1103 1581 1151 donec

193 1181 418 1230 veniatur
431 1181 494 1229 ad
509 1181 838 1245 cognitionem
855 1179 1310 1243 consequentarium
1328 1178 1581 1226 nominum

195 1257 413 1305 omnium
451 1273 560 1320 quae
595 1256 658 1304 ad
692 1256 945 1304 scientiam
981 1255 1243 1318 pertinent.
1314 1255 1492 1301 Sensus
1531 1261 1582 1301 et

195 1332 445 1390 memoria,
476 1332 594 1380 facti
628 1340 822 1380 tantum
861 1331 1078 1394 cognitio
1113 1338 1221 1386 est;
1257 1328 1466 1377 scientia
1498 1345 1583 1376 au-

196 1416 297 1457 tem
334 1408 552 1471 cognitio
590 1414 663 1455 est
700 1406 1156 1470 consequentiarum
1192 1404 1336 1453 unius
1371 1403 1490 1452 facti
1520 1403 1585 1451 ad

197 1485 420 1533 alterum.
492 1484 583 1531 Per
602 1499 709 1531 eam
733 1491 899 1531 autem
922 1481 1110 1546 aliquis,
1131 1497 1191 1529 ex
1214 1497 1272 1528 eo
1297 1479 1434 1543 quod
1451 1495 1583 1527 nunc

196 1560 358 1609 facere
380 1566 559 1623 potest,
580 1559 783 1607 docetur
801 1558 987 1623 aliquid
1010 1557 1142 1606 aliud
1167 1556 1321 1604 simile
1345 1555 1520 1612 facere,
1545 1554 1585 1602 si

197 1635 330 1692 velit,
366 1635 462 1682 alio
497 1642 733 1698 tempore.
805 1634 935 1683 Quia
970 1632 1161 1696 quoties
1189 1631 1408 1678 videmus
1442 1630 1586 1677 effec-

197 1718 337 1758 tuum
378 1717 540 1758 ortum
583 1718 633 1758 et
675 1725 860 1768 causas,
898 1717 948 1757 et
992 1706 1234 1771 quomodo
1270 1711 1585 1770 generantur,

199 1786 446 1844 docemur,
472 1785 661 1849 quoties
691 1785 743 1833 in
777 1791 946 1832 nostra
977 1791 1222 1847 potestate
1256 1788 1385 1839 sunt,
1416 1796 1586 1869 causas

199 1861 380 1911 similes
405 1861 584 1909 similes
607 1859 878 1924 producere
902 1860 1118 1907 effectus.

268 1937 485 1985 Infantes
510 1936 662 1999 igitur
684 1944 850 1984 actum
873 1934 1093 1991 rationis,
1119 1940 1382 1995 antequam
1406 1947 1587 1979 sermo-

200 2013 276 2062 nis
299 2028 442 2060 usum
459 2011 788 2076 acquisierint,
807 2027 906 2058 non
921 2010 1103 2058 habent
1120 2029 1132 2063 ;
1168 2014 1405 2056 vocantur
1423 2015 1587 2054 autem

201 2088 430 2138 animalia
478 2087 735 2136 rationalia
778 2095 980 2151 propter
1031 2091 1327 2149 potestatem
1377 2091 1586 2130 tantum.

201 2164 424 2228 Plerique
465 2172 628 2212 autem
669 2164 908 2222 homines,
950 2161 1042 2210 etsi
1082 2160 1399 2223 aliquousque
1439 2157 1589 2205 ratio-

203 2239 357 2288 cinari
388 2247 612 2303 possunt,
648 2246 705 2286 ut
742 2238 871 2286 forte
911 2237 962 2285 in
1003 2235 1249 2290 numeris;
1291 2250 1391 2282 non
1424 2241 1588 2280 tamen

204 2315 414 2363 multum
442 2314 557 2363 inde
593 2314 864 2378 adjumenti
902 2312 1148 2375 accipiunt
1185 2310 1249 2358 ad
1279 2309 1430 2356 vitam
1459 2323 1590 2355 com-

205 2406 430 2446 munem;
485 2390 537 2438 in
573 2405 672 2453 qua
712 2389 895 2452 seipsos
935 2394 1114 2450 regunt
1154 2385 1235 2433 alii
1274 2383 1462 2440 melius,
1506 2381 1589 2429 alii

204 2467 359 2530 pejus,
376 2474 523 2530 prout
541 2465 843 2529 experientia
866 2462 1100 2511 memoria
1116 2461 1192 2508 vel
1215 2459 1436 2523 appetitu
1460 2457 1590 2504 inter

206 2557 257 2590 se
303 2541 571 2596 differunt;
634 2540 842 2588 maxime
885 2545 1048 2586 autem
1098 2536 1296 2584 fortuna
1339 2534 1468 2581 bona
1512 2531 1590 2579 vel

207 2616 426 2675 adversa,
467 2625 518 2664 et
551 2631 679 2664 unus
719 2614 919 2663 alterius
957 2612 1199 2661 erroribus
1236 2609 1588 2673 gubernantur.

210 2691 359 2741 Quod
387 2691 518 2739 enim
548 2690 612 2739 ad
641 2690 903 2738 scientiam
934 2688 1114 2737 attinet
1137 2694 1187 2734 et
1210 2684 1457 2732 actionum
1481 2697 1591 2729 sua-

209 2782 319 2815 rum
341 2767 534 2829 regulas
553 2773 727 2823 certas,
751 2765 823 2812 ita
844 2764 905 2812 ab
934 2779 993 2810 ea
1014 2762 1158 2824 longe
1181 2760 1371 2813 absunt,
1395 2764 1451 2804 ut
1474 2755 1592 2819 quid

210 2842 275 2890 sit
308 2850 489 2904 praeter
524 2857 634 2889 suas
674 2840 891 2903 ipsorum
929 2836 1220 2900 cupiditates
1254 2833 1369 2880 vitae
1406 2831 1591 2895 regula,

210 2932 308 2965 non
341 2915 631 2980 intelligant.
702 2913 1031 2963 Geometriam
1065 2909 1210 2973 aliqui
1242 2923 1332 2972 pro
1361 2914 1467 2955 arte
1490 2921 1593 2953 ma·-

1630 442 1732 475 CAP.
1750 441 1796 472 V.

1619 494 1809 519 s--fd

1631 541 1675 569 Du»,
1690 539 1800 567 rationo

1626 588 1656 612 et
1669 582 1796 612 scicntia.
