1968 3236
185 420 286 453 CAP.
304 421 371 453 111.

180 476 371 498 Q——f——ae

166 515 212 543 De
226 515 344 552 quibus-

165 559 232 586 dam
247 558 340 595 objec-

163 601 292 629 tionibus
306 610 371 629 con-

165 648 211 673 tra
227 644 396 673 Leviatham

427 280 522 323 566
744 288 1030 322 APPENDIX
1057 286 1130 319 AD
1158 285 1502 319 LEVIATHAN.

427 400 631 448 tilenam
645 415 830 456 novam,
848 399 1087 456 dieenteS,
1104 397 1291 461 dignu-5*
1309 413 1364 444 es
1382 396 1617 460 accipere
1635 394 1815 443 librum

427 483 477 523 et
501 475 706 539 aperire
730 473 911 538 sigilla
943 474 1066 536 ejus,
1101 473 1221 536 quia
1247 472 1440 520 occisa-s·
1455 471 1637 534 fuisti,
1662 477 1713 518 et
1736 486 1816 517 re-

429 551 628 599 demisti
664 566 753 596 nos
791 550 903 596 Deo
938 565 1040 612 per
1076 548 1369 611 sanguinem
1406 553 1552 605 tuum,
1589 546 1653 593 ab
1688 545 1818 593 omni

429 626 580 683 tribu,
616 632 665 672 et
701 624 895 688 lingua,
931 631 981 671 et
1009 623 1218 687 popde,
1257 630 1307 670 et
1340 629 1519 686 gemm
1555 628 1605 669 et
1627 621 1836 685 fecisti·

429 723 518 752 nos
543 705 654 751 Deo
689 709 861 750 nostro
895 719 1047 766 reges
1078 708 1128 748 et
1163 700 1471 759 sacerdotes,
1495 706 1546 747 et
1580 699 1818 765 regnabi-

429 797 532 828 mus
558 780 607 826 in
634 786 792 826 terra.
864 778 998 826 Quid
1020 778 1114 825 hoc
1139 776 1349 824 clarius?

494 856 558 903 A.
595 854 783 902 Eodem
829 854 1007 916 capite,
1050 852 1357 916 punitionem
1401 851 1723 914 reproborum
1767 850 1819 898 in

428 939 560 979 terra
578 945 772 994 quoque
794 929 899 977 fore
924 929 1058 987 dicit5
1085 944 1177 975 nec
1201 935 1451 975 aeternam.

496 1008 561 1054 B.
598 1005 934 1054 Dubitandum
957 1021 1058 1052 non
1082 1012 1171 1062 est,
1189 1004 1362 1067 quinsi
1376 1002 1574 1066 reprobi
1591 1019 1621 1050 a
1638 1002 1821 1050 sanctis

430 1082 751 1130 militantibus
776 1080 1060 1128 destruendi
1078 1080 1191 1137 sint,
1217 1079 1534 1127 destruentur
1557 1094 1703 1141 super
1724 1085 1823 1125 ter-

430 1176 534 1207 ram
555 1179 566 1213 ;
604 1174 762 1221 neque
783 1157 981 1220 quidem
1001 1163 1198 1214 aeterne,
1219 1156 1259 1203 si
1282 1171 1453 1202 verum
1477 1154 1541 1202 sit
1560 1154 1822 1201 morituros

430 1250 533 1282 esse
556 1241 766 1282 mortem
792 1232 1073 1281 secundam.

495 1309 561 1356 A.
605 1310 779 1372 Capite
803 1309 1057 1371 trigesimo
1081 1324 1230 1366 nono,
1256 1307 1428 1355 definit
1451 1305 1706 1354 ecclesiam
1728 1305 1822 1353 hoc

431 1386 598 1433 modo:
619 1385 861 1432 Ecclesia
886 1392 962 1431 est
981 1383 1221 1431 hominum
1239 1398 1468 1430 numeras
1477 1380 1824 1446 profitentium

432 1461 727 1525 religionem
755 1459 1112 1518 Christianam,
1137 1458 1383 1507 unitorum
1409 1457 1460 1503 in
1474 1472 1702 1521 persona
1724 1471 1823 1503 ana

432 1553 681 1601 suprema,
707 1537 846 1598 cujus
860 1536 1010 1598 jussu
1036 1534 1295 1583 convenire
1319 1532 1513 1590 debent,
1538 1538 1588 1580 et
1610 1531 1718 1579 sine
1741 1547 1824 1578 cu-

422 1613 512 1674 jas
559 1612 869 1660 authoritate
910 1610 1168 1659 convenire
1207 1625 1302 1657 non
1349 1607 1543 1656 debent.
1613 1607 1688 1654 Ex
1728 1622 1825 1670 qua

435 1688 719 1736 definitione
761 1686 998 1750 sequitur,
1038 1686 1169 1749 quod
1207 1693 1426 1747 tempore
1472 1683 1823 1747 imperatorum

435 1764 756 1822 ethnicorum,
792 1778 954 1825 neque
980 1761 1251 1809 Concilium
1276 1758 1640 1822 Apostolorum,
1665 1773 1823 1821 neque

435 1839 567 1887 aliud
583 1838 969 1887 Christianorum
996 1836 1269 1885 Concilium
1297 1841 1411 1883 ante
1436 1834 1695 1893 Nicenum‚
1718 1842 1824 1882 erat

435 1915 640 1962 licitum.

503 1990 567 2037 B.
606 1989 979 2047 Conventiones,
1027 1987 1079 2035 id
1115 1995 1206 2046 est,
1248 1986 1423 2050 synodi
1459 1985 1596 2033 fuere
1637 1985 1826 2049 aliquot

437 2065 828 2113 Christianorum
852 2065 941 2112 sub
966 2062 1342 2127 imperatoribus
1361 2061 1584 2109 ethnicis.
1619 2061 1718 2109 Sed
1738 2077 1827 2125 per

436 2140 712 2199 ecelesiam,
749 2140 980 2202 intelligit
1002 2138 1245 2202 synodum
1283 2153 1394 2186 cum
1417 2136 1717 2185 authoritate
1741 2136 1826 2185 de-

437 2216 684 2273 cernendi,
709 2224 760 2264 et
795 2217 934 2279 cujus
958 2215 1167 2262 decretis
1190 2230 1290 2261 non
1314 2214 1650 2276 obtemperare
1673 2212 1826 2275 injus-

438 2301 543 2340 tum
568 2299 688 2340 erat.
756 2292 899 2341 Tales
931 2299 1096 2339 autem
1130 2290 1303 2354 synodi
1327 2289 1431 2337 sine
1455 2305 1644 2336 summa
1666 2295 1827 2351 potes-

437 2376 540 2416 tate
564 2369 772 2416 existere
794 2384 894 2416 non
911 2375 1130 2431 possunt.

505 2443 569 2492 A.
607 2444 778 2507 Capite
802 2442 1212 2507 trigesimosexto,
1232 2441 1316 2489 ubi
1341 2440 1520 2488 dicitur
1548 2438 1679 2499 (Joh.
1695 2438 1727 2486 i.
1759 2437 1825 2499 l),

450 2518 657 2565 Verbum
680 2526 792 2566 erat
822 2517 964 2582 apud
985 2518 1159 2574 Deum,
1185 2525 1233 2564 et
1267 2516 1398 2576 (Joh.
1423 2516 1455 2563 i.
1489 2515 1587 2575 14),
1622 2512 1827 2561 Verbum

422 2593 629 2656 factum
675 2600 751 2641 est
794 2609 913 2642 caro
929 2610 948 2647 ;
982 2590 1178 2639 verbum
1218 2591 1336 2639 dicit
1380 2590 1510 2638 idem
1553 2589 1826 2652 significare

443 2669 575 2731 quod
596 2669 885 2733 promis-92⁰0,
924 2675 974 2716 et
1003 2667 1382 2732 promissionem
1413 2665 1543 2714 idem
1579 2663 1713 2728 quod
1743 2678 1826 2711 res

433 2744 705 2806 promissa,
730 2744 781 2792 id
818 2751 907 2803 est,
937 2744 1105 2792 Jesum
1130 2742 1407 2790 Christum:
1443 2748 1499 2789 ut
1534 2740 1708 2789 Psalm.
1733 2739 1824 2787 civ.

450 2824 523 2876 19,
547 2827 597 2867 et
620 2819 793 2867 Genes.
819 2819 883 2867 xl.
916 2824 990 2876 13,
1015 2817 1219 2880 aliisque
1241 2817 1361 2865 locis
1384 2816 1635 2864 similibus.

509 2894 573 2941 B.
612 2894 796 2942 Quidni
822 2893 838 2941 ?
920 2894 1047 2941 Nam
1093 2908 1263 2940 vocem
1318 2891 1458 2950 hanc,
1505 2890 1718 2949 verbum,
1765 2905 1827 2937 an

1949 2952 1968 2974 ἦ

1962 3034 1968 3067 i
