1968 3236
700 180 770 213 na
798 179 1072 213 CIVITATE.
1494 167 1578 210 191

269 291 540 341 Consilium
575 291 703 340 dare
738 291 934 347 dicitur,
965 289 1160 354 quando
1196 289 1304 353 quis
1338 288 1458 337 dicit
1492 288 1584 336 hoc
1618 309 1722 342 eff,
1738 307 1851 340 xxv.

179 369 287 434 fac
324 367 403 416 vel
438 383 533 415 non
555 366 676 430 fac,
702 366 892 414 consilii
927 366 1168 414 rationem
1203 366 1263 413 ab
1287 381 1346 414 eo
1384 365 1583 422 ducenS,
1641 362 1829 435 m

200 443 333 509 quod
372 444 557 491 bonum
598 441 642 489 ei
683 443 762 500 sit,
788 442 867 489 cui
891 441 1148 489 consilium
1188 441 1348 489 datur.
1442 440 1586 489 Unde

198 518 514 568 manifestum
538 525 629 574 est,
655 517 914 564 consilium
946 516 1144 565 dantem
1168 517 1352 565 bonum
1374 523 1588 580 praeten-

201 594 317 644 dere
341 594 490 642 solius
506 592 804 655 accipientis.

268 670 439 733 Itaque
478 669 607 716 inter
644 668 901 716 consilium
937 676 987 716 et
1020 668 1277 734 imperium
1315 667 1591 716 differentia

200 761 301 795 una
339 759 519 807 magna
560 751 649 800 est,
686 743 820 806 quod
853 744 946 791 hoc
981 744 1045 791 ad
1077 744 1347 808 proprium,
1382 743 1505 791 illud
1526 742 1591 791 ad

201 821 414 871 alienum
451 820 636 867 bonum
672 819 874 867 tendere
898 820 1201 883 intelligitur.
1273 820 1436 883 Atque
1474 819 1591 867 hinc

37 950 39 953 ξ
203 895 481 946 differentia
516 895 672 942 oritur
707 894 818 954 alia,
857 894 990 958 quod
1020 895 1074 952 is,
1099 896 1179 943 cui
1209 896 1494 959 imperatur,
1526 894 1592 942 ad

31 970 46 1033 ᾗ,
202 971 533 1021 obedientiam
569 970 779 1034 obligari
801 972 971 1034 possit,
996 987 1171 1034 nempe
1193 971 1234 1019 si
1257 971 1456 1019 obedire
1479 986 1593 1034 pac-

27 1037 47 1074 ³7
202 1054 283 1096 tus
305 1046 482 1095 fuerit:
520 1046 607 1094 sed
629 1046 686 1104 is,
707 1046 785 1093 cui
809 1046 1066 1094 consilium
1086 1046 1254 1094 datum
1274 1055 1363 1105 est,
1381 1054 1438 1094 ut
1450 1047 1595 1110 juxta

204 1122 463 1172 consilium
486 1121 655 1168 datum
675 1128 791 1184 agat
814 1122 1020 1185 obligari
1043 1138 1142 1169 non
1165 1130 1329 1185 potest
1349 1143 1362 1176 ;
1398 1122 1439 1169 si
1463 1122 1594 1169 enim

205 1197 507 1261 obligaretur
529 1203 692 1259 pacto,
711 1212 812 1244 non
835 1196 1043 1259 amplius
1058 1197 1315 1244 consilium
1332 1196 1418 1244 sed
1442 1197 1596 1260 impe-

204 1274 334 1321 rium
348 1279 489 1320 esset.
545 1271 713 1319 Tertia
729 1271 858 1319 inter
872 1271 1043 1318 eadem
1058 1271 1334 1320 differentia
1357 1280 1447 1328 est,
1463 1272 1597 1335 quod

201 1350 284 1413 jus
305 1347 497 1397 consilii
521 1347 669 1395 dandi
689 1347 938 1410 postulare
961 1363 1106 1394 nemo
1130 1355 1323 1410 potest;
1360 1348 1476 1411 quia
1509 1349 1598 1396 bo·

206 1439 326 1472 num
362 1423 455 1472 sibi
478 1439 539 1471 ex
562 1423 764 1471 consilio
791 1423 1041 1486 postulare
1059 1439 1111 1471 se
1134 1430 1298 1487 negat.

274 1499 355 1548 Ad
389 1507 618 1547 naturam
652 1499 844 1546 consilii
877 1499 1090 1562 pertinet
1123 1499 1273 1547 etiam
1314 1499 1425 1557 hoc,
1463 1499 1598 1562 quod

208 1575 410 1624 dantem
436 1574 493 1633 is,
517 1574 603 1638 qui
626 1573 769 1637 petit,
792 1590 952 1637 neque
975 1574 1151 1638 punire
1173 1590 1332 1638 neque
1367 1591 1599 1623 accusare

203 1651 316 1715 Jure
336 1656 515 1714 potest.
552 1649 681 1697 Nam
704 1649 789 1712 qui
811 1649 936 1712 petit
960 1650 1233 1709 consilium,
1255 1650 1458 1699 arbitrio
1477 1650 1599 1698 dan-

210 1725 275 1775 tis
296 1724 404 1773 dari
426 1724 598 1773 voluit.
686 1724 861 1788 Itaque
902 1725 986 1787 qni
1020 1725 1304 1774 monarchae
1326 1726 1406 1774 vel
1447 1726 1598 1774 coetui

210 1801 468 1850 eonsilium
505 1800 591 1848 dat
612 1801 818 1864 petenti,
843 1801 944 1848 sive
966 1800 1161 1864 placeat
1185 1801 1287 1849 sive
1324 1801 1598 1865 displiceat,

210 1876 375 1942 puniri
396 1892 497 1924 non
519 1883 698 1940 potest,
731 1883 790 1924 ut
824 1876 958 1940 quod
990 1877 1267 1925 volentibus
1302 1877 1473 1926 datum
1507 1884 1599 1925 est.

212 1951 457 2002 Caeternm
479 1952 521 2000 si
540 1952 659 2000 civis
677 1951 772 1999 civi
795 1952 1054 2000 consilium
1078 1952 1161 2001 det
1178 1953 1391 2002 faciendi
1414 1953 1602 2017 aliquid

213 2027 348 2092 quod
369 2027 478 2091 lege
514 2027 815 2091 prohibitum
856 2035 948 2086 est,
986 2028 1088 2076 sive
1126 2029 1383 2077 consilium
1418 2029 1541 2077 illud
1572 2046 1604 2078 a

211 2118 365 2168 prava
378 2102 651 2151 intentione
666 2103 766 2150 sive
780 2103 842 2150 ab
857 2102 1137 2166 ignorantia
1149 2112 1343 2153 tantum
1350 2105 1601 2168 procedat,

213 2178 378 2243 puniri
400 2194 431 2226 a
444 2178 642 2226 civitate
659 2187 853 2242 potestz
878 2179 993 2242 quia
1015 2179 1296 2243 ignorantia
1308 2180 1430 2244 legis
1447 2181 1602 2239 illum,

215 2253 302 2319 qui
322 2253 444 2318 legis
465 2253 693 2302 notitiam
717 2254 898 2302 habere
922 2254 1108 2314 debuit,
1127 2272 1228 2304 non
1251 2264 1467 2304 excusat.

282 2327 530 2377 Hor-tatio
553 2338 604 2377 et
621 2329 908 2378 dehortatio
923 2331 1181 2380 consilium
1195 2332 1392 2395 quidem
1411 2340 1500 2390 est,
1517 2331 1606 2379 sed

216 2410 276 2452 ut
303 2403 393 2453 fiat
430 2404 565 2468 quod
596 2404 705 2452 fieri
738 2405 965 2464 consulit,
1000 2407 1315 2455 vehementer
1346 2407 1604 2470 cupientiS.

218 2477 350 2527 Nam
383 2479 469 2542 qui
500 2479 741 2539 hortatur,
776 2481 1036 2530 severitate
1075 2482 1464 2530 ratiocinationis
1503 2498 1605 2530 non

215 2553 388 2613 utitur,
411 2554 499 2603 sed
520 2555 889 2619 quibuscunque
911 2565 1077 2620 potest
1110 2558 1412 2621 argumentis
1435 2556 1500 2605 ad
1522 2573 1607 2605 ac-

218 2627 406 2678 tionem
428 2629 618 2678 incitat.
687 2631 860 2695 Itaque
882 2632 935 2680 in
956 2633 1332 2692 hortationibus,
1356 2648 1387 2680 a
1418 2633 1605 2696 passio-

218 2701 364 2752 nibus
393 2711 445 2752 et
477 2704 787 2768 opinionibus
822 2708 1163 2756 communibus
1197 2716 1488 2772 argumenta
1514 2708 1605 2757 du-

220 2785 355 2838 cunt,
367 2786 673 2843 utlmturque
688 2781 1015 2844 persuadendi
1032 2799 1180 2832 causa
1193 2783 1606 2843 similitudinibus,
