1968 3236
495 250 565 284 m:
592 249 844 284 mvi-mm
871 249 1224 284 cums-ruma,
1445 239 1535 283 281

173 360 323 410 Juxta
344 360 470 408 hanc
494 361 715 409 vocabuli
740 361 968 426 corporis
990 360 1336 424 acceptionem,
1361 374 1542 424 corpus
1559 381 1821 416 cAp‚xxx1v‚

174 443 227 484 et
263 434 544 484 cub-stanna
586 437 712 484 idem
758 437 1061 499 significant;
1107 444 1158 484 et
1196 435 1412 500 proinde,
1449 452 1541 484 vox
1560 435 1824 513 „Imma

174 512 455 574 composita,
479 511 760 559 substantia
786 513 1095 577 incorporea,
1111 519 1184 559 aet
1200 511 1542 574 insignificanS,
1558 530 1645 592 «ἐξῇ-ι
1664 518 1824 590 ὴψεζὲίξ·

177 601 316 650 aeque
339 603 397 634 ac
432 587 472 634 si
507 587 613 650 quis
637 587 822 634 diceret
847 603 1027 651 corpus
1052 587 1391 651 incorporeum
1406 604 1425 641 ;
1459 601 1543 634 ne·
1559 568 1826 642 miffar?

0 665 26 711 4⁶--
177 677 271 726 que
288 662 384 720 illa,
401 678 558 725 neque
576 678 667 710 vox
692 662 1052 721 innnaterialis,
1069 663 1118 710 in
1134 663 1383 726 Scriptura
1397 662 1547 710 Sacra
1560 648 1766 731 &maffeus
1784 647 1827 675 ³¹*

178 752 386 801 usquam
404 738 665 786 invenitur.

242 812 394 861 Juxta
412 829 605 861 sensum
625 822 786 861 autem
802 812 949 875 vulgi,
974 828 1073 860 non
1096 820 1253 860 totum
1268 813 1545 861 universum

176 903 267 952 pro
290 904 492 952 corpore
516 889 684 936 haberi
719 889 857 945 solet,
893 887 979 935 sed
1002 895 1163 951 partes
1198 889 1299 951 ejus
1323 888 1418 936 illae
1440 897 1549 936 tan-

177 969 284 1011 tum
322 979 442 1026 quas
477 979 621 1026 agere
659 963 709 1010 in
751 979 801 1010 se
843 963 971 1026 ipsos
1007 972 1091 1010 aut
1137 971 1274 1011 tactu
1318 963 1549 1023 sentiunt,

180 1038 376 1102 quando
400 1039 646 1097 resistunt,
669 1047 754 1085 aut
777 1039 896 1096 visu,
922 1037 1114 1101 quando
1131 1046 1440 1102 prospectum
1464 1038 1552 1086 im·

179 1113 400 1177 pediunt.
470 1114 638 1176 Itaque
663 1113 710 1160 in
730 1128 950 1160 sermone
1019 1112 1120 1181 ilgi,
1140 1128 1230 1160 aer
1253 1121 1302 1160 et
1324 1112 1550 1161 substan-

182 1188 264 1237 tiae
286 1189 439 1236 aeriae
462 1205 560 1236 non
583 1189 822 1236 habentur
845 1204 933 1251 pro
968 1128 1262 1251 ‹lrporibua
1297 1187 1397 1246 sed,
1432 1204 1551 1251 quo-

181 1264 275 1312 tioe
289 1265 351 1312 ab
370 1265 463 1312 illis
482 1264 665 1327 aliquid
678 1264 944 1327 patiuntur,
960 1272 1131 1311 ventus
1148 1272 1197 1311 et
1215 1264 1412 1327 spiritus
1430 1263 1550 1311 dici-

183 1347 280 1398 tur,
304 1348 360 1387 ut
382 1339 596 1404 spiritus
620 1339 790 1387 vitalis
814 1348 862 1386 et
885 1339 1097 1404 spiritus
1121 1339 1367 1387 animalis.
1405 1338 1551 1388 Quod

182 1423 345 1463 autem
369 1415 547 1462 attinet
570 1414 631 1462 ad
668 1414 797 1462 idola
828 1414 1029 1471 cerebri,
1065 1413 1164 1461 sive
1200 1414 1551 1477 phantasmata,

184 1506 293 1554 quae
321 1489 548 1537 videntur
571 1497 621 1536 et
654 1505 752 1536 non
789 1496 915 1546 sunt,
956 1488 1118 1551 qualia
1150 1489 1199 1536 in
1235 1489 1441 1553 speculis
1474 1489 1553 1537 vel

184 1563 399 1622 somniiS,
422 1564 498 1611 vel
522 1564 668 1612 etiam
692 1564 951 1628 aliquando
983 1579 1071 1627 per
1102 1565 1286 1612 cerebri
1319 1566 1555 1628 intempe-

183 1639 305 1688 riem
327 1639 639 1703 vigilantibus
671 1648 923 1703 apparent,
948 1649 1139 1702 spectra
1171 1647 1299 1698 sunt,
1335 1648 1399 1698 et,
1423 1640 1555 1703 quod

183 1714 430 1778 apostolus
452 1715 788 1763 universaliter
812 1714 872 1762 de
896 1714 1037 1762 idolis
1056 1715 1189 1774 dicit,
1208 1715 1348 1764 nihil.
1402 1716 1553 1775 Nihil,

185 1789 399 1852 inquam,
425 1790 624 1837 omnino
648 1790 715 1838 ibi
733 1790 817 1838 ubi
840 1790 1065 1838 videntur
1083 1806 1204 1849 esse,
1228 1807 1387 1855 neque
1410 1790 1460 1838 in
1479 1807 1555 1839 ce-

187 1865 329 1913 rebro
344 1865 448 1928 ipso
468 1865 601 1912 aliud
618 1881 763 1928 quam
779 1865 1016 1912 tumultus
1031 1874 1167 1913 ortus
1185 1866 1246 1913 ab
1262 1882 1556 1930 organorum

186 1939 466 2003 agitatione.
504 1940 739 1988 Homines
756 1948 935 1998 autem,
953 1956 1155 2003 quorum
1175 1941 1338 1999 animi,
1354 1941 1459 1990 aliis
1477 1958 1557 1991 co-

186 2015 503 2079 gitationibus
525 2016 763 2079 occupati,
788 2031 948 2063 rerum
973 2031 1139 2063 causas
1161 2032 1260 2064 non
1289 2017 1556 2079 inquirunt,

187 2089 411 2139 naeciunt
433 2091 677 2154 quomodo
699 2091 918 2139 vocanda
948 2091 1060 2150 sint,
1095 2099 1144 2139 et
1175 2092 1378 2155 proinde
1417 2092 1557 2141 facile

188 2165 468 2230 persuaderi
490 2175 695 2230 possunt
730 2167 791 2214 ab
832 2166 924 2214 illis
967 2182 1172 2230 quorum
1208 2167 1458 2215 scientiam
1481 2183 1558 2215 re-

187 2249 434 2298 verentur,
452 2250 508 2288 ut
529 2249 703 2289 vocent
724 2241 822 2300 illa,
847 2258 945 2290 non
981 2250 1186 2305 spectra,
1217 2243 1302 2290 sed
1333 2258 1556 2306 corpora3

188 2324 457 2380 putentque
474 2326 728 2380 compacta
745 2333 847 2365 esse
865 2333 925 2365 ex
943 2333 1054 2365 aere
1071 2333 1159 2380 per
1176 2318 1447 2381 potentiam
1470 2317 1558 2365 ali-

192 2406 336 2454 quam
381 2392 823 2454 supernaturalem:
866 2393 1011 2441 etiam
1044 2393 1324 2456 persuaderi
1357 2401 1560 2456 possunt

191 2467 290 2525 alii,
325 2466 456 2531 quod
489 2476 602 2515 sunt
636 2468 850 2531 spiritus,
884 2476 1142 2532 propterea
1189 2467 1318 2531 quod
1349 2468 1399 2514 in
1434 2467 1559 2526 loco,

190 2541 277 2590 ubi
314 2542 542 2590 videntur
577 2558 696 2602 esse,
736 2551 872 2592 tactu
906 2543 1154 2607 percipere
1191 2543 1310 2591 nihil
1344 2549 1559 2606 possunt.

194 2617 395 2681 Propria
411 2633 528 2682 ergo
553 2618 840 2681 significatio
863 2618 1092 2683 spiritus,
1108 2619 1158 2666 in
1177 2633 1397 2665 sermone
1413 2616 1561 2679 vulgi,

194 2700 280 2740 aut
312 2708 486 2756 corpus
525 2693 714 2751 subtile,
751 2693 968 2751 fluidum,
1004 2702 1055 2740 et
1087 2692 1323 2740 invisibile
1357 2699 1446 2748 est,
1477 2699 1563 2739 aut

195 2775 454 2830 spectrum,
488 2767 538 2815 id
570 2776 659 2826 est,
683 2768 865 2816 idolum
889 2784 975 2815 seu
997 2767 1303 2831 phantasma:
1368 2766 1563 2830 Signifi-

194 2841 409 2889 cationes
422 2851 586 2890 autem
602 2843 1237 2906 metaphoricae,praesertim
1252 2841 1302 2889 in
1313 2841 1564 2904 Scriptura
