1968 3236
691 235 762 268 nn
789 235 1063 268 mvn-Ara.
1483 226 1573 268 163

190 355 354 394 tamen
389 345 458 393 ita
491 345 661 394 vivunt
694 354 930 409 perpetuo
966 362 1022 393 ac
1054 346 1094 393 si
1118 345 1299 394 bellum
1322 352 1463 404 esset,
1487 361 1571 409 pa-

188 421 284 469 rati
306 420 369 468 ad
392 436 623 484 pugnam,
660 422 920 469 tormentis
955 421 1141 469 bellicis
1179 430 1352 470 contra
1387 420 1571 469 vicinos

187 495 512 559 undequaque
537 496 801 544 collocatis.
874 497 1044 559 Itaque
1068 513 1226 561 neque
1261 497 1571 545 Atheniensis

187 586 346 634 neque
371 571 619 619 Romanus
639 572 900 636 quisquam
925 571 1055 619 liber
1073 589 1102 620 a
1118 571 1316 636 legibus
1339 581 1462 632 erat,
1485 573 1571 621 sed

187 646 410 695 civitates
434 663 619 695 eorum.
692 649 748 696 In
774 648 928 711 portis
963 648 1210 711 murisque
1234 649 1369 696 urbis
1394 649 1571 697 Luccae

186 722 277 770 etsi
312 722 607 771 inscribatur
631 724 820 787 maguis
845 724 1209 780 characteribus
1234 724 1568 783 LIBERTAS,

186 795 447 846 Luccensis
462 807 626 847 tamen
642 816 785 848 nemo
802 801 985 863 majore
1001 800 1224 848 libertate
1239 799 1418 848 fruitur
1426 816 1572 863 quam

186 873 755 938 Constantinopolitanus
776 899 787 929 ;
812 876 1072 939 utrobique
1091 875 1221 923 euim
1240 876 1429 940 legibus
1453 876 1571 924 civi-

184 948 312 998 libus
331 950 630 999 vinciuntur.

113 1018 116 1025 ’
254 1025 399 1073 Dulci
422 1034 585 1074 autem
608 1027 805 1075 nomine
829 1026 1067 1074 libertatis
1089 1025 1234 1074 facile
1261 1025 1572 1090 decipiuntur

182 1099 421 1159 homines,
447 1101 530 1164 qui
546 1101 846 1164 distinguere
866 1101 1154 1159 nescientes,
1180 1101 1232 1149 id
1255 1101 1387 1165 quod
1401 1102 1570 1150 civita-

184 1177 250 1224 tis
295 1177 444 1225 solius
485 1179 567 1241 jus
615 1185 690 1225 est
734 1194 824 1241 pro
872 1193 960 1225 sua
1001 1177 1237 1240 cujusque
1282 1177 1571 1226 haereditate

183 1251 374 1315 privata
391 1252 482 1299 sibi
498 1261 745 1316 arrogant.
784 1253 883 1302 Qui
902 1268 1038 1300 error
1057 1252 1249 1315 quoties
1273 1252 1570 1301 authoritate

183 1341 369 1385 eorum,
394 1327 478 1390 qui
524 1336 724 1391 propter
764 1343 822 1375 ea
868 1343 977 1391 quae
1023 1327 1323 1390 scripserunt
1367 1328 1571 1391 politica

182 1402 397 1450 celebres
435 1410 564 1461 sunt,
605 1403 939 1459 confirmatur,
979 1402 1254 1450 mirandum
1285 1419 1385 1450 non
1418 1411 1493 1451 est
1528 1405 1569 1452 si

182 1477 471 1526 seditionem
496 1486 545 1526 et
569 1486 724 1526 status
748 1478 1069 1526 mutationem
1091 1477 1264 1540 pariat.
1335 1478 1393 1526 In
1416 1479 1569 1542 parti-

182 1553 272 1601 bus
296 1554 426 1602 orbis
454 1561 696 1602 terrarum
727 1553 945 1602 occiduis
982 1553 1234 1617 opiniones
1275 1560 1465 1602 nostras
1507 1555 1567 1603 de

182 1629 490 1678 institutione
537 1638 588 1678 et
629 1630 822 1694 Juribus
870 1629 1127 1678 civitatum
1174 1630 1451 1693 accepimus
1503 1631 1565 1678 ab

180 1704 461 1763 Aristotele,
504 1705 755 1763 Cicerone,
779 1704 981 1768 aliisque
1016 1704 1198 1753 Graecis
1232 1712 1282 1752 et
1307 1705 1565 1762 Romanis;

183 1780 267 1844 qui
282 1796 394 1828 cum
409 1780 645 1842 degerent
662 1780 714 1828 in
729 1780 1010 1828 civitatibus
1025 1779 1366 1828 democraticis
1381 1789 1432 1829 et
1450 1782 1568 1830 aris-

181 1855 446 1912 tocraticis,
464 1857 578 1919 jura
600 1856 684 1903 illa
706 1871 805 1904 non
824 1855 1117 1919 aprincipiis
1141 1862 1329 1904 naturae
1353 1856 1567 1906 deduxe-

182 1939 313 1988 runt,
338 1930 425 1979 sed
439 1947 582 1979 usum
605 1939 654 1979 et
673 1931 1078 1979 consuetudinem
1097 1931 1351 1980 civitatum
1369 1948 1566 1982 suarum

182 2004 235 2054 in
256 2005 404 2054 libros
449 2021 561 2054 suos
588 2006 814 2069 politicos
851 2006 1276 2069 transcripserunt,
1300 2023 1398 2055 non
1425 2008 1566 2057 aliter

182 2096 329 2144 quam
350 2081 543 2145 regulas
565 2082 799 2145 loquendi
822 2098 883 2130 ex
904 2098 998 2130 usu
1030 2082 1263 2145 temporis
1286 2083 1361 2130 sui
1384 2083 1565 2131 descri-

181 2155 298 2206 bere
311 2158 471 2206 solent
483 2158 806 2221 grammatici.
832 2157 1078 2207 Quoniam
1091 2173 1209 2221 ergo
1227 2158 1563 2217 Athenienses,

182 2247 245 2281 ne
266 2241 449 2282 statum
481 2242 670 2282 mutare
694 2242 946 2298 cuperent,
970 2233 1147 2281 liberos
1170 2234 1299 2282 solos
1341 2249 1443 2281 esse
1480 2249 1564 2282 eos

183 2307 268 2371 qui
293 2307 342 2356 in
382 2308 580 2357 civitate
618 2309 839 2357 viverent
876 2308 1116 2372 populari,
1157 2324 1419 2371 servosque
1459 2324 1564 2356 esse

182 2382 266 2446 qui
282 2383 372 2431 sub
391 2383 658 2432 monarcha
679 2391 857 2443 essent,
877 2384 1179 2432 docebantur
1198 2404 1210 2438 ;
1246 2383 1358 2432 ideo
1379 2384 1564 2432 Aristo-

180 2457 302 2506 teles
317 2458 384 2518 (in
404 2458 556 2508 Polit.
576 2459 681 2508 Lib.
698 2474 775 2518 vl,
794 2476 901 2523 cap.
917 2460 971 2521 2)
989 2459 1267 2508 libertatem
1285 2458 1492 2522 supponi
1511 2459 1563 2506 in

183 2531 482 2582 democratia
526 2534 734 2599 scripsit,
770 2534 1113 2598 neminemque
1143 2534 1194 2582 in
1231 2534 1327 2582 alia
1354 2533 1562 2582 civitatis

181 2607 340 2658 forma
374 2626 479 2659 esse
515 2610 739 2659 liberum.
809 2610 949 2659 Sicut
978 2618 1141 2658 autem
1165 2608 1468 2667 AristoteleS,
1492 2610 1563 2657 ita

184 2699 378 2749 quoque
401 2686 573 2734 Cicero
597 2686 776 2750 aliique
806 2686 1067 2750 scriptores
1102 2685 1353 2749 politicam
1383 2684 1564 2732 doctri-

181 2773 297 2809 nam
313 2775 451 2809 suam
464 2777 611 2824 super
625 2760 957 2810 Romanorum
972 2760 1374 2809 consuetudinem
1387 2759 1562 2809 funda—

182 2843 386 2891 verunt3
423 2836 505 2899 qui
525 2837 731 2885 Romani
750 2837 1081 2885 monarchiam
1106 2835 1265 2884 odisse
1289 2835 1561 2884 didicerant

1319 2925 1358 2956 M
1387 2923 1407 2952 2

1613 368 1715 400 CAP.
1734 367 1831 399 XXI.

1629 463 1673 491 De·
1686 463 1817 491 libertate

1627 516 1740 535 civmm.
