1910 3236
91 380 194 412 CAP.
215 379 279 412 lv.

99 435 288 456 »ἡκ-κ

97 474 143 502 De
157 482 295 503 sermone.

341 232 405 275 26
864 236 936 271 DE
964 235 1210 270 ΗοΜΙΝΕ.

343 353 517 418 quinto
557 351 728 400 eadem
768 356 1066 414 repeterent.
1134 349 1298 397 Etiam
1334 349 1392 408 is,
1436 348 1520 411 qui
1562 347 1734 396 decem

341 431 492 479 verba
513 428 663 477 habet
685 426 971 484 numeralia,
996 425 1091 473 nisi
1115 425 1288 473 ordine
1324 441 1384 473 ea
1413 424 1605 483 recitet,
1640 440 1733 472 nu-

341 521 530 554 merare
553 519 707 567 usque
731 502 792 550 ad
818 502 990 550 decem
1022 516 1122 549 non
1144 508 1342 565 potest3
1378 500 1535 549 multo
1570 500 1732 548 minus

342 582 550 640 addere,
586 578 928 636 substrahere,
969 585 1020 624 et
1048 584 1251 625 caeteras
1285 577 1523 640 perficere
1558 592 1733 640 opera-

342 658 500 706 tiones
523 653 870 702 arithmeticaS.
941 652 1115 716 Itaque
1147 653 1332 716 absque
1354 653 1616 701 verborum
1638 668 1732 700 usu

341 746 660 782 numerorum
707 729 1008 793 computatio
1055 735 1131 777 est
1175 729 1489 793 impossibilis
1511 750 1524 785 ;
1572 729 1730 776 multo

342 807 497 871 magis
521 805 931 869 magnitudinum,
955 805 1199 868 graduum
1222 805 1512 865 velocitatis,
1536 805 1730 863 virium,

342 885 643 945 aliarumque
673 898 855 941 rerum,
893 898 1099 945 quarum
1133 882 1526 946 computationes
1558 881 1623 930 ad
1644 898 1731 945 ge-

341 960 471 1008 neris
499 958 703 1006 humani
727 958 1072 1006 necessitatem
1095 958 1172 1006 vel
1196 958 1536 1021 adjumentum
1559 974 1730 1006 neces-

343 1036 482 1084 sariae
505 1044 633 1082 sunt.

411 1111 622 1160 Quando
649 1110 746 1158 duo
769 1110 970 1158 nomina
994 1111 1363 1174 conjunguntur
1392 1118 1450 1158 ut
1483 1110 1570 1158 fiat
1603 1111 1732 1158 affir-

343 1187 494 1235 matio
518 1187 597 1235 vel
620 1187 988 1250 consequentia,
1014 1194 1071 1235 ut
1096 1203 1210 1234 cum
1238 1186 1459 1245 dicimus,
1492 1186 1630 1234 homo
1653 1193 1732 1234 est

344 1264 547 1323 animal,
581 1263 660 1311 vel
692 1263 778 1322 sic,
817 1263 865 1311 si
895 1269 971 1311 est
1008 1263 1147 1311 homo
1185 1270 1284 1311 tum
1321 1269 1399 1310 est
1443 1262 1646 1322 animal,
1681 1269 1732 1311 et

342 1357 522 1388 nomen
544 1340 786 1403 posterius
822 1339 1014 1388 animal
1035 1340 1281 1403 significat
1315 1339 1481 1388 omnia
1503 1355 1613 1402 quae
1636 1339 1732 1403 sig-

343 1417 511 1464 nificat
534 1416 669 1479 prius
692 1432 874 1464 nomen
898 1416 1051 1475 homo,
1083 1416 1342 1464 affirmatio
1366 1415 1451 1464 illa
1482 1415 1583 1463 sive
1614 1431 1732 1464 con-

343 1492 598 1556 sequentia
620 1507 741 1540 vera
766 1498 856 1551 est,
893 1492 1076 1555 alioqui
1092 1491 1267 1556 falsa.
1336 1490 1467 1538 Nam
1490 1507 1657 1539 verum
1680 1499 1734 1539 et

322 1568 525 1632 falsum
564 1567 805 1616 attributa
841 1575 956 1615 sunt
994 1584 1097 1616 non
1138 1583 1304 1615 rerum
1345 1566 1433 1615 sed
1473 1567 1731 1615 orationis.

342 1644 439 1693 Ubi
454 1651 619 1692 autem
633 1643 790 1691 oratio
805 1659 907 1691 non
925 1651 1015 1702 est,
1029 1643 1098 1691 ibi
1116 1659 1276 1706 neque
1290 1657 1461 1691 verum
1479 1651 1554 1690 est
1570 1659 1732 1706 neque

339 1721 545 1776 falsum;
593 1736 873 1784 quanquam
906 1736 1044 1768 error
1079 1736 1183 1768 esse
1217 1726 1398 1782 potest,
1438 1725 1496 1766 ut
1533 1718 1731 1783 quando

341 1804 652 1861 expectamus
677 1797 729 1844 id
753 1796 886 1860 quod
908 1813 1011 1844 non
1035 1797 1145 1855 erit,
1169 1795 1248 1844 vel
1271 1795 1575 1858 suspicamur
1599 1795 1731 1859 quod

340 1890 440 1921 non
462 1873 556 1921 fuit
576 1894 587 1929 ;
625 1872 712 1921 sed
733 1872 844 1921 falsi
868 1872 1087 1920 accusari
1110 1888 1211 1920 non
1233 1878 1410 1935 potest.

411 1950 657 1999 Quoniam
698 1966 815 2013 ergo
854 1949 904 1996 in
942 1948 1252 1997 ordinatione
1288 1954 1426 1995 recta
1460 1946 1731 2004 nominum,

345 2026 540 2089 quando
565 2025 749 2089 aliquid
772 2026 1085 2084 affirmamus,
1118 2024 1342 2073 consistit
1364 2023 1558 2082 veritas,
1583 2023 1624 2071 is
1648 2022 1733 2086 qui

343 2102 602 2150 veritatem
626 2109 907 2150 accuratam
927 2101 1120 2166 quaerit,
1139 2100 1421 2149 meminisse
1437 2099 1598 2155 debet,
1615 2098 1734 2161 quid

345 2178 396 2225 in
443 2194 635 2242 quoque
676 2178 785 2226 loco
831 2177 1218 2242 unumquodque
1263 2191 1444 2224 nomen
1489 2175 1634 2229 valet,
1683 2180 1734 2221 et

343 2254 558 2311 nomina,
601 2254 777 2316 quibus
816 2254 989 2312 utitur,
1030 2261 1166 2301 recte
1208 2252 1463 2300 collocare.
1533 2250 1733 2313 Alioqui

343 2330 474 2377 enim
496 2329 788 2393 impeditum
812 2347 862 2378 se
887 2330 1106 2378 inveniet
1128 2329 1390 2376 verborum
1426 2326 1580 2386 tricis,
1606 2326 1734 2374 sicut

342 2405 532 2454 avicula
567 2405 819 2464 inviscata,
859 2422 968 2469 quae
1010 2412 1193 2468 quanto
1233 2402 1390 2466 magis
1430 2402 1639 2450 liberare
1681 2417 1733 2449 se

343 2487 514 2539 certat,
562 2488 704 2528 tanto
752 2481 907 2544 magis
952 2481 1238 2529 inviscatur.
1308 2478 1483 2542 Itaque
1524 2477 1577 2525 in
1615 2494 1734 2542 geo-

342 2557 532 2614 metria,
557 2572 667 2619 quae
691 2556 794 2604 sola
812 2556 915 2604 fere
935 2563 1009 2604 est
1027 2554 1234 2604 scientia
1251 2561 1499 2613 accurata,
1516 2553 1735 2618 incipere

342 2632 565 2695 magistri
588 2632 746 2680 solent
769 2648 799 2680 a
823 2633 1175 2681 constitutione
1209 2630 1626 2694 significationum
1649 2647 1735 2679 no-

343 2707 530 2755 minum
554 2708 729 2770 quibus
758 2709 894 2756 usuri
929 2717 1060 2768 sunt,
1093 2708 1147 2756 id
1178 2714 1268 2766 est,
1292 2723 1322 2754 a
1346 2706 1734 2767 definitionibus,

345 2789 394 2829 et
415 2782 466 2829 in
490 2783 732 2846 principio
757 2785 918 2847 operis
941 2785 1049 2833 illas
1073 2783 1330 2833 collocare.

413 2859 573 2921 Atque
614 2859 728 2908 hinc
763 2868 982 2924 apparet,
1009 2877 1156 2925 quam
1187 2859 1252 2908 sit
1286 2858 1356 2907 illi
1391 2874 1527 2922 opus,
1552 2859 1636 2922 qui
1669 2857 1734 2906 ad
