1968 3236
438 203 534 247 398
762 213 831 246 DE
861 211 1118 246 CIVITATE
1148 211 1506 246 CHRISTIANA.
1539 235 1542 239 .

171 348 273 380 οΑΡ,
290 348 402 381 xm,
438 333 603 372 antem
628 325 813 379 videns,
838 325 1180 386 interrogaret,
1205 324 1332 372 sicut
1369 325 1679 372 Servatorem
1714 341 1828 374 nos-

188 403 392 481 ffie
437 407 568 448 trum
587 400 1013 461 interrogaverunt
1035 399 1315 447 sacerdotes
1332 407 1381 447 et
1396 401 1609 448 seniores
1628 401 1826 460 (Matth.

186 487 388 517 ecclesiastiea.
436 476 534 523 xxi.
560 477 665 537 23),
691 476 802 530 Qua
837 474 1148 522 authoritate
1162 475 1314 538 sacis
1344 475 1445 522 ista
1462 479 1489 524 ,9
1525 482 1575 523 et
1598 477 1712 539 quis
1736 476 1830 525 tibi

438 551 579 599 dedit
610 552 758 598 istam
794 550 1196 599 authoritatem?
1233 551 1527 614 respondere
1562 551 1706 599 aliter
1727 568 1828 599 non

435 626 715 690 potest,nisi
735 626 866 689 quod
883 626 1000 674 facit
1018 627 1112 674 ista
1131 627 1430 675 authoritate
1449 627 1676 686 civitatis,
1687 628 1748 675 ab
1768 643 1827 675 eo

437 703 564 761 data,
596 703 679 765 qui
714 703 925 750 civitatis
963 711 1037 750 est
1071 719 1297 766 persona.
1383 704 1607 751 Pastores
1643 718 1828 759 omnes,

434 786 615 842 praeter
638 795 934 842 supremum,
943 780 1066 842 jure
1081 778 1217 826 civili
1240 779 1335 827 ista
1357 778 1546 826 faciunt
1565 799 1578 833 ;
1614 778 1702 826 sed
1724 794 1827 837 rex,

435 863 485 901 et
524 854 802 917 quicunque
845 870 1087 902 summam
1122 854 1273 902 habet
1309 860 1620 917 potestatem,
1657 854 1824 902 eadem

434 930 621 977 faciunt
658 930 958 978 authoritate
996 930 1104 988 Dei,
1145 930 1261 989 sive,
1302 937 1359 977 ut
1394 930 1680 993 loquuntur,
1703 930 1828 992 jure

435 1005 615 1052 divim.
687 1005 879 1068 Regum
899 1021 1017 1068 ergo
1043 1013 1093 1052 et
1118 1021 1306 1052 summe
1330 1005 1679 1068 imperantium
1697 1004 1827 1053 solo-

432 1097 541 1127 rum
566 1088 641 1128 est
665 1082 716 1128 in
740 1081 895 1129 titulis
919 1082 1116 1139 habere,
1136 1081 1238 1129 Dei
1252 1082 1436 1146 gratia
1451 1097 1544 1128 rex
1559 1087 1652 1128 etc.
1687 1081 1827 1144 Epis-

432 1172 666 1219 coporum
705 1163 793 1215 est,
832 1173 936 1220 per
971 1156 1200 1220 gratiam
1240 1158 1385 1221 regi-s·
1421 1156 1691 1220 episcopus
1732 1161 1825 1204 etc.

433 1232 560 1279 Nam
586 1232 756 1280 divina
770 1232 1098 1296 providentia
1125 1239 1174 1279 et
1198 1231 1299 1279 Dei
1319 1231 1502 1295 gratia
1519 1231 1651 1279 idem
1675 1231 1829 1295 signi-

431 1308 597 1355 ficant.

499 1382 668 1445 Atqui,
706 1382 747 1429 si
777 1382 1110 1446 unusquisque
1147 1398 1234 1430 rex
1266 1381 1572 1430 Christianus
1605 1381 1825 1431 subdito-

431 1475 540 1506 rum
564 1474 762 1506 suorum
787 1474 1003 1506 summus
1029 1475 1224 1522 quoque
1255 1466 1425 1522 pastor
1449 1458 1528 1516 sit,
1554 1458 1703 1506 etiam
1725 1473 1827 1506 non

432 1534 589 1582 solum
622 1534 940 1597 praedicandi,
971 1534 1104 1598 quod
1139 1534 1267 1582 forte
1302 1550 1402 1581 non
1436 1534 1714 1596 negabitur,
1740 1533 1828 1582 sed

433 1610 579 1657 etiam
619 1611 919 1673 baptizandi,
956 1618 1313 1658 sacramentum
1362 1625 1518 1657 coenae
1555 1609 1827 1658 Dominicae

431 1685 820 1745 administrandi,
846 1694 895 1734 et
931 1686 1116 1750 templa
1139 1685 1516 1748 sacerdotesque
1540 1701 1828 1733 consecran-

432 1761 498 1820 di,
517 1762 598 1824 jus
621 1762 800 1810 habere
823 1762 978 1810 videri
1000 1769 1186 1825 potest;
1213 1760 1346 1825 quod
1364 1777 1463 1808 non
1487 1760 1630 1808 facile
1654 1776 1828 1809 conce-

432 1836 591 1884 detur.
676 1837 848 1901 Neque
873 1839 1004 1885 enim
1027 1837 1078 1885 id
1110 1838 1272 1885 facere
1296 1837 1487 1891 solent;
1539 1852 1698 1899 neque
1722 1836 1826 1885 sine

432 1911 741 1974 impositione
778 1930 1011 1962 manuum
1047 1914 1263 1978 episcopi
1300 1914 1376 1961 vel
1407 1913 1685 1976 presbyteri
1718 1913 1827 1961 fieri

433 1989 700 2036 consuevit,
772 1990 841 2037 Ut
874 1991 1138 2053 probemus
1175 2005 1292 2052 ergo
1335 2004 1476 2051 reges
1523 1987 1826 2037 Christianos

430 2063 710 2112 ministeriis
743 2065 837 2113 illis
869 2066 942 2113 uti
974 2082 1134 2129 posse,
1160 2066 1285 2113 ratio
1323 2064 1576 2113 reddenda
1599 2074 1691 2123 est,
1718 2072 1827 2112 tum

431 2154 581 2201 quare
615 2140 666 2187 id
696 2156 797 2188 non
829 2140 1030 2199 faciant,
1058 2148 1108 2189 ct
1141 2140 1387 2204 quomodo
1420 2140 1524 2188 sine
1549 2139 1828 2188 ceremonia

433 2213 515 2261 illa
551 2215 737 2263 usitata
764 2216 1090 2279 impositionis
1132 2232 1369 2264 manuum
1401 2215 1467 2274 id,
1493 2215 1534 2263 si
1563 2215 1824 2275 voluerint,

428 2288 588 2338 facere
603 2291 714 2354 jure
737 2291 942 2355 possint.

497 2365 549 2412 Si
573 2366 680 2428 quis
703 2383 790 2414 rex
814 2366 1029 2414 scientiae
1053 2367 1258 2430 alicujus
1286 2367 1512 2414 humanae
1535 2366 1724 2430 peritus
1747 2382 1821 2415 es-

428 2447 517 2498 set,
537 2442 654 2504 quin
675 2442 851 2490 docere
870 2458 977 2489 eam
996 2442 1190 2504 publice
1211 2443 1383 2491 eodem
1396 2443 1507 2506 jure
1525 2450 1707 2505 posset,
1727 2458 1824 2505 quo

428 2531 537 2562 eam
563 2515 742 2564 docent
766 2517 849 2580 qui
878 2517 939 2564 ab
964 2517 1046 2564 illo
1068 2518 1147 2580 jus
1182 2518 1447 2581 accipiunt,
1486 2517 1689 2565 dubium
1714 2517 1824 2566 nul-

427 2588 527 2637 lum
553 2598 641 2639 est.
726 2591 972 2640 Quoniam
1005 2600 1166 2639 autem
1202 2593 1351 2641 totius
1376 2592 1588 2641 civitatis
1611 2593 1663 2641 in
1687 2592 1825 2647 illum

428 2662 666 2714 incumbit
690 2683 823 2726 cura,
846 2674 902 2714 ut
924 2666 1026 2729 ipse
1051 2667 1101 2714 in
1127 2683 1204 2715 res
1229 2668 1335 2716 illas
1359 2668 1597 2716 momenti
1620 2668 1824 2717 minoris

429 2744 619 2802 tempus
656 2757 798 2789 suum
834 2749 1128 2800 contere-ret,
1165 2742 1529 2791 incommodum
1570 2743 1823 2808 publicum

428 2822 570 2862 esset.
640 2815 806 2865 Potest
853 2816 999 2865 etiam
1035 2832 1137 2875 rex,
1174 2817 1213 2864 si
1249 2818 1474 2877 voluerit,
1510 2819 1622 2867 lites
1657 2818 1823 2868 civiles
