1968 3236
468 239 539 273 ΒΕ
566 237 826 272 clvl'rA'rR
853 235 1209 271 CHRISTIANA.
1435 221 1530 270 445

147 367 422 424 argentum,
460 366 555 405 etc.
575 379 586 412 ;
637 373 699 404 an
741 356 952 412 inutiles,
989 364 1046 403 ut
1083 355 1288 418 lignum,
1329 352 1533 409 foenum,
1551 365 1655 397 CAP.
1682 361 1815 395 xmn.

149 443 273 491 etc.;
307 443 427 483 tunc
463 440 644 490 autem,
677 433 759 495 qui
794 447 940 495 super
970 431 1343 479 fundamentum
1365 443 1534 475 verum
1557 415 1821 494 nem„

148 511 272 560 falsa
293 517 378 558 ant
400 508 660 572 nugatoria
683 508 1063 563 aedificaverunt,
1088 521 1146 552 ea
1162 504 1397 551 videbunt
1420 518 1536 550 con·
1553 499 1820 572 ffiffi‘ssffiss·

151 587 410 640 demnata3
458 585 550 648 ipsi
595 593 759 631 tamen
796 583 1127 639 salvabuntur,
1169 588 1219 628 et
1258 579 1539 627 transibunt
1555 584 1807 616 amnem-⁸³¹·

152 678 241 727 per
275 662 440 725 ignem
475 660 606 707 hunc
645 658 781 706 illaesi
818 658 880 705 ad
911 658 1062 704 vitam
1086 664 1336 712 aeternam,
1359 669 1539 702 nomen

153 738 259 787 veri
280 737 373 785 Dei
396 735 686 783 invocaturi.
758 734 815 781 In
841 749 936 795 qua
971 730 1395 794 interpretatione,
1418 728 1541 777 nihil

0 830 8 866 f
155 821 231 861 est
269 810 401 875 quod
436 809 551 858 fidei
588 809 879 857 Christianae
914 807 977 854 sit
1000 805 1334 860 contrarium;
1370 804 1458 852 sed
1478 819 1543 852 ne

156 887 369 937 scintilla
392 885 588 949 quidem
611 883 898 948 purgatorii.

225 963 428 1012 Quaeret
449 962 656 1009 fortasse
676 959 864 1022 aliquis,
884 975 946 1006 an
971 973 1109 1020 aeque
1132 955 1457 1004 necessarium
1480 954 1545 1002 ad

159 1039 366 1087 salutem
390 1054 489 1085 non
513 1037 591 1095 sit,
607 1036 806 1084 credere
822 1034 980 1082 Deum
1004 1049 1114 1081 esse
1137 1032 1511 1095 omnipotentem
1526 1048 1546 1084 ,·

160 1121 437 1163 creatorem
478 1112 644 1160 mundi
659 1130 677 1166 ;
712 1110 880 1158 Jesum
916 1108 1165 1173 Chryjstum
1204 1106 1549 1154 resurrexisse

162 1197 212 1238 et
230 1188 447 1237 homines
471 1188 520 1235 in
546 1187 629 1235 die
648 1186 817 1234 ultimo
836 1174 1207 1232 resurrffeturos
1225 1198 1333 1230 esse
1356 1196 1547 1235 omnes,-

163 1281 221 1313 ac
245 1264 445 1312 credere
468 1262 636 1310 Jesum
661 1278 771 1310 esse
798 1261 1064 1308 Christum.
1131 1257 1439 1322 Respondet),
1457 1257 1549 1304 hos

164 1356 333 1390 omnes
349 1339 627 1402 multosque
645 1338 764 1386 alios
788 1336 1020 1384 articulos
1037 1334 1335 1383 necessarios
1352 1332 1550 1396 quidem

165 1431 304 1481 aeqne
327 1430 447 1472 esse,
473 1413 560 1461 sed
590 1413 716 1471 ideo,
742 1412 856 1475 quia
897 1411 947 1459 in
983 1410 1067 1458 illo
1097 1427 1197 1458 uno
1222 1409 1550 1458 continentur.

167 1490 291 1541 Quis
313 1490 445 1538 enim
468 1496 557 1547 est,
584 1488 668 1551 qui
691 1503 791 1535 non
813 1486 952 1543 vidit,
976 1485 1230 1533 credentes
1256 1484 1424 1532 Jesum
1447 1497 1554 1530 esse

165 1566 322 1616 filium
346 1564 438 1613 Dei
461 1562 824 1626 omnipotentiS‚
859 1561 1134 1609 necessario
1169 1559 1312 1608 simul
1353 1557 1554 1606 credere

166 1642 327 1691 Deum
362 1655 467 1688 oese
503 1654 667 1686 rerum
702 1637 920 1685 omnium
951 1643 1224 1683 creatorem
1246 1634 1555 1697 omnipoten-

168 1716 302 1766 tem?
371 1716 474 1764 Aut
515 1713 760 1778 quomodo
801 1712 934 1760 credi
968 1719 1146 1775 potest,
1182 1711 1352 1759 Jesum
1388 1725 1556 1773 regem

170 1807 277 1840 esse
310 1791 363 1839 in
397 1799 637 1839 aeternum
660 1796 996 1853 regnaturum,
1020 1787 1082 1835 ab
1106 1803 1164 1834 eo
1189 1786 1272 1849 qui
1295 1785 1434 1833 illum
1456 1801 1557 1832 non

172 1867 332 1917 credit
353 1866 676 1915 resurrexisse
699 1881 730 1913 a
750 1863 987 1912 mortuis?
1039 1863 1269 1910 Mortuus
1295 1861 1427 1909 enim
1450 1875 1558 1923 reg-

172 1958 292 1992 nare
312 1958 411 1991 non
434 1949 611 2005 potest.
682 1941 975 2003 Quicunque
999 1947 1162 1987 autem
1184 1937 1559 1986 fundamentum

173 2024 330 2075 tenet,
351 2015 522 2064 Jesum
545 2033 655 2064 esse
675 2015 946 2074 Christum,
970 2015 1136 2063 omnia
1147 2021 1286 2062 tenet
1311 2029 1420 2076 quae
1444 2010 1559 2059 inde

179 2090 350 2140 inferri
383 2099 602 2155 possunt,
642 2092 742 2140 sive
778 2091 1008 2139 illationis
1044 2090 1143 2138 vim
1178 2089 1280 2152 ipse
1314 2086 1560 2149 intelligit,

179 2167 280 2215 sive
302 2182 402 2214 non
424 2166 667 2230 intelligit.
717 2167 933 2215 Firmum
952 2181 1070 2229 ergo
1087 2172 1239 2213 restat
1255 2179 1409 2211 unum
1430 2162 1564 2209 hunc

181 2240 457 2298 articulum,
479 2242 718 2290 creditum
742 2242 1109 2306 poenitentibuS,
1133 2240 1197 2288 ad
1232 2238 1566 2287 remissionem

181 2324 495 2382 peccatorum
530 2317 644 2365 fidei
677 2317 794 2366 satis
821 2333 942 2376 esse,
965 2325 1017 2365 et
1046 2315 1254 2380 proinde
1289 2313 1443 2361 solum
1479 2327 1566 2360 ne-

184 2407 461 2440 cessarium.

251 2466 517 2515 Ostensum
549 2473 663 2514 ante
697 2475 789 2525 est,
813 2466 1157 2523 obedientiam,
1182 2471 1367 2527 quanta
1396 2462 1461 2510 ad
1494 2477 1570 2509 sa-

8 2540 30 2614 ξζ
184 2542 338 2591 lutem
375 2548 609 2589 aeternam
649 2541 929 2604 requiritur,
954 2541 1219 2589 consistere
1243 2539 1294 2586 in
1317 2537 1573 2585 voluntate
1632 2555 1650 2577 ο

0 2615 23 2640 ³''
187 2617 423 2681 implendi
446 2616 604 2680 legem
634 2616 727 2665 Dei
763 2625 1005 2681 quatenus
1036 2629 1307 2679 possumus,
1332 2612 1384 2660 id
1407 2619 1497 2670 est,
1520 2611 1571 2659 in

187 2691 477 2756 poenitentia
498 2692 823 2755 peccantium.
881 2693 1146 2741 Ostensum
1170 2689 1289 2737 item
1311 2697 1387 2736 aet
1408 2687 1572 2745 fidem,

189 2774 376 2831 quanta
397 2766 461 2814 ad
483 2766 689 2815 salutem
723 2767 996 2815 necessaria
1026 2774 1115 2824 ωε,
1141 2762 1382 2813 contineri
1404 2763 1455 2811 in
1478 2762 1575 2810 hoc

189 2841 415 2900 articulo,
438 2840 587 2888 Jesus
609 2846 687 2889 est
713 2835 962 2889 Chriitus.
1014 2842 1146 2889 Loca
1160 2838 1426 2903 Scripturae
1441 2853 1576 2886 nunc

190 2916 438 2980 proferam
472 2915 649 2979 aliqua,
681 2916 856 2979 quibus
892 2917 1145 2980 probatur,
1181 2913 1346 2963 omnia
1389 2912 1575 2977 simpli-
