1910 3236
712 300 783 334 na
806 300 1083 334 elvl‘rA'ra.
1509 293 1591 335 131

203 409 388 473 aliquid
413 410 621 474 amplius
641 427 787 474 quam
807 413 1061 460 consensio
1078 421 1163 460 aut
1182 411 1462 461 concordia.
1510 413 1596 460 Est

202 485 334 533 enim
358 486 408 533 in
431 501 689 550 personam
715 504 863 536 unam
887 504 1004 536 vera
1028 488 1247 536 omnium
1276 489 1393 536 unio
1414 509 1426 544 ς
1463 488 1594 551 quod

200 560 259 608 fit
271 576 360 624 per
382 570 581 624 pactum
601 562 981 626 uniuscujusque
1001 580 1111 610 cum
1128 579 1420 627 unoquoque
1441 584 1453 619 ;
1489 570 1593 611 tan·

1634 436 1740 470 CM'.
1758 436 1880 470 XVII.

1652 491 1842 512 b--f—-ae

1613 532 1657 559 De
1671 541 1768 564 cans-2,
1781 543 1864 566 gene.

1612 576 1732 607 ratione,
1745 580 1772 602 et
1787 576 1854 605 ‹lofi-

1557 639 1566 648 .
1612 619 1720 646 uitione
1734 619 1867 649 civitati&

200 650 347 699 quam
381 637 421 684 si
444 637 707 700 unicuique
739 639 1071 702 unusquisque
1096 639 1296 694 diceret,
1321 639 1440 704 Ego
1481 639 1595 686 haze

199 709 397 769 homini,
423 712 503 760 vel
524 713 637 761 hnic
663 714 827 771 eoetai,
854 714 1207 762 authoritatem
1244 721 1295 762 et
1319 715 1409 778 jus
1444 730 1595 761 meam

197 787 414 851 regendi
455 788 689 853 meipsum
728 789 958 847 concedO,
996 805 1056 836 ea
1104 781 1399 847 conditione,
1441 795 1495 836 at
1541 796 1593 836 ta

196 878 389 927 quoque
413 870 546 911 tuam
571 865 927 912 authoritatem
951 871 1000 912 et
1011 865 1102 926 jus
1127 870 1259 911 tuum
1282 864 1356 911 tui
1379 863 1594 927 regendi

196 937 248 986 in
283 939 486 987 eundem
522 940 827 1003 transferas.
899 941 1012 989 Quo
1046 939 1195 997 fact0‚
1220 939 1485 987 multitudo
1509 939 1593 987 illa

194 1028 294 1062 una
326 1030 536 1077 persona
559 1024 649 1074 est,
669 1023 718 1063 et
743 1024 948 1064 vocatur
970 1014 1165 1063 Civitas
1191 1023 1241 1062 et
1265 1014 1588 1079 Respublica.

194 1090 360 1153 Atque
383 1090 489 1139 haec
515 1099 590 1138 est
617 1091 870 1153 generatio
907 1090 1079 1154 magni
1114 1090 1253 1138 illius
1289 1089 1589 1148 Leviathan,

194 1165 287 1223 vel,
312 1173 368 1213 ut
383 1166 577 1229 dignius
600 1167 789 1230 loquar,
810 1165 1039 1213 mortalis
1070 1165 1172 1212 Dei
1192 1184 1210 1220 ;
1246 1165 1325 1213 cui
1342 1181 1514 1228 pacem
1538 1174 1589 1213 et

193 1242 553 1304 protectionem
586 1243 674 1290 sub
700 1242 804 1290 Deo
830 1241 1094 1289 immortali
1119 1240 1352 1288 debemus
1377 1257 1587 1288 omnem.

193 1316 508 1365 Authoritate
532 1318 662 1365 enim
686 1326 825 1365 tanta
844 1318 904 1364 ab
924 1315 1151 1364 omnibus
1185 1324 1236 1364 et
1260 1316 1464 1378 singulis
1489 1317 1588 1364 col-

192 1390 307 1451 lata,
326 1400 511 1441 tantam
528 1394 799 1457 potentiam
818 1401 869 1440 et
884 1400 1133 1440 tantarum
1151 1391 1329 1439 virium
1343 1407 1485 1438 usum
1499 1391 1587 1439 ha-

191 1466 292 1526 bet,
315 1476 371 1516 ut
387 1476 575 1516 terrore
607 1485 772 1516 earum
799 1468 1077 1515 voluntates
1096 1467 1315 1515 omnium
1334 1466 1396 1514 ad
1414 1483 1585 1530 pacem

190 1543 321 1591 inter
342 1559 395 1591 se
418 1552 468 1592 et
502 1543 567 1592 ad
590 1544 989 1607 conjunctionem
1013 1551 1187 1590 contra
1210 1542 1376 1590 hostes
1395 1542 1586 1590 confor-

189 1633 325 1667 mare
347 1619 516 1683 possit.
566 1619 623 1667 In
643 1635 739 1682 quo
758 1618 981 1666 consistit
1000 1618 1211 1666 essentia
1225 1617 1454 1677 civitatis,
1476 1633 1586 1680 quae

189 1692 261 1741 sie
278 1693 537 1741 definitur:
566 1693 760 1741 Civitas
765 1708 993 1758 persona
1008 1709 1106 1740 una
1124 1699 1218 1751 est,
1238 1692 1378 1754 cujus
1396 1692 1586 1739 aetion-

189 1784 268 1816 um
290 1768 508 1818 homines
527 1785 707 1834 magno
725 1784 939 1827 numero,
946 1784 1049 1833 per
1055 1775 1221 1833 pacta
1236 1774 1403 1816 mutua
1422 1768 1586 1815 unius-

190 1844 429 1909 cujusque
470 1862 577 1893 cum
617 1860 919 1909 unoquoque,
941 1843 1190 1908 fecerant
1219 1859 1275 1891 se
1312 1843 1550 1891 authores
1567 1863 1585 1898 ;

189 1935 247 1968 eo
252 1920 379 1982 fine,
403 1926 458 1967 ut
475 1920 710 1985 potentia
728 1920 934 1967 omnium
956 1918 1171 1967 arbitrio
1194 1935 1283 1966 suo
1319 1919 1393 1967 ad
1402 1935 1586 1983 pacem

189 2001 242 2043 et
265 2011 555 2044 communem
573 1995 908 2060 defensionem
925 2001 1168 2043 uteretur.
1231 1995 1279 2043 Is
1298 2002 1480 2052 autem,
1502 1994 1584 2058 qui

190 2070 403 2121 civitatis
432 2087 691 2136 personam
731 2071 875 2135 gerit,
910 2086 1143 2118 summam
1178 2070 1363 2118 habere
1404 2069 1585 2117 dicitur

180 2153 501 2212 potestatem.
571 2147 750 2196 Caeteri
774 2162 943 2195 omnes
965 2146 1156 2195 subditi
1187 2153 1236 2195 et
1261 2146 1394 2194 cives
1418 2145 1583 2208 appel-

189 2220 368 2271 lantur.
438 2223 659 2272 Potestas
693 2232 858 2271 autem
887 2238 1077 2270 summa
1101 2221 1292 2270 duobus
1317 2221 1473 2268 modis
1495 2220 1581 2267 ha-

189 2296 365 2354 betur3
400 2314 607 2362 quarum
648 2314 747 2346 una
782 2305 857 2346 est
879 2298 981 2353 vis;
1018 2305 1074 2344 ut
1111 2313 1223 2345 cum
1268 2304 1410 2360 pater
1453 2295 1580 2343 filios

189 2387 304 2422 suos
315 2373 407 2423 sibi
425 2373 623 2422 obedire
640 2373 775 2437 cogit
794 2395 807 2429 ;
843 2373 996 2421 vitam
1011 2372 1141 2421 enim
1166 2372 1260 2420 illis
1280 2387 1381 2419 non
1405 2369 1580 2417 alendo

189 2449 382 2498 auferre
402 2457 596 2512 potest;
631 2449 789 2497 velut
829 2448 911 2511 qui
939 2447 1081 2496 victis
1106 2447 1328 2495 hostibus
1371 2461 1429 2492 ea
1462 2461 1579 2492 con-

191 2523 377 2573 ditione
390 2524 543 2572 vitam
558 2524 823 2581 condonat,
843 2531 896 2571 ut
916 2523 1156 2586 imperata
1171 2522 1370 2570 faciant.
1440 2519 1580 2567 Alter

190 2599 362 2648 modus
384 2607 475 2658 est,
499 2599 696 2663 quando
719 2598 941 2647 homines
956 2606 1129 2661 sponte
1150 2612 1388 2645 summam
1413 2602 1578 2658 potes-

189 2682 343 2726 tatem
360 2674 411 2722 in
428 2690 580 2722 unum
598 2674 847 2723 hominem
861 2673 939 2720 vel
957 2681 1139 2721 eoetum
1155 2688 1239 2735 spe
1254 2669 1579 2735 protectionis

190 2749 465 2799 conferunt.
509 2750 674 2813 Atque
688 2750 796 2798 haec
815 2749 1029 2797 civitatis
1045 2747 1287 2796 institutio
1305 2768 1317 2800 ;
1354 2745 1439 2792 illa
1457 2745 1575 2792 civi-

191 2826 308 2875 tatis
341 2825 596 2888 acquisitio
635 2835 726 2874 est.
796 2825 966 2874 Dicam
990 2833 1156 2872 autem
1180 2821 1336 2886 primo
1378 2820 1439 2868 de
1464 2819 1578 2867 civi-

189 2909 292 2952 tate
310 2900 547 2950 instituta.

1342 2989 1371 3020 K
1399 2990 1419 3020 2
