1968 3236
490 221 560 255 nn
587 220 845 255 clvrrATu
873 220 1230 254 cnmsriANA.
1454 209 1551 267 4¹13

165 338 280 380 sunt
301 347 332 380 a
353 347 543 380 summo
564 333 825 397 pontifice;
862 332 947 380 sed
971 348 1034 379 an
1057 332 1191 390 boni,
1210 347 1273 379 an
1298 330 1413 378 mali
1435 330 1549 387 sint,
1583 349 1686 381 cn.
1706 347 1820 381 xm.

166 407 260 455 nisi
299 407 350 455 in
385 424 472 456 suo
519 408 670 471 ipsius
713 408 946 466 dominio,
989 407 1212 470 judicare
1251 422 1351 455 non
1389 405 1550 454 debet.

166 483 370 531 Etiamsi
393 500 562 531 verum
587 493 730 541 esset,
756 500 855 531 non
880 499 1021 546 posse
1045 483 1244 530 omnino
1269 497 1431 530 errare
1464 481 1553 529 Pa-

166 574 296 623 pam,
316 559 368 607 id
398 568 563 607 tamen
591 561 672 622 jus
709 559 962 622 judicandi
987 559 1036 606 in
1063 558 1342 606 civitatibus
1383 557 1553 605 alienis

166 634 355 682 nullum
387 636 734 683 contribueret.
819 635 1007 682 Deinde
1048 651 1078 682 a
1117 634 1306 682 ratione
1345 633 1554 682 naturali

166 725 258 774 pro
272 710 615 758 infallibilitate
638 711 779 774 Papae
805 711 967 773 arguit
990 710 1087 758 sic:
1117 710 1168 757 Si
1186 710 1315 773 Papa
1333 710 1384 757 in
1407 709 1553 756 rebus

166 785 234 834 ad
254 786 459 834 salutem
484 787 768 834 necessariis
789 802 952 834 errare
983 793 1165 849 posset,
1190 794 1308 833 tunc
1339 785 1403 833 ad
1427 784 1555 832 salu-

168 869 270 909 tem
307 861 527 909 ecclesiae
572 878 670 909 non
713 862 830 909 satis
871 878 900 908 a
936 861 1129 908 Christo
1166 861 1416 924 provisum
1458 867 1553 913 est;

169 945 431 1001 propterea
467 938 598 999 quod
622 937 899 984 doctrinam
926 937 1067 1000 Papae
1110 937 1246 999 sequi
1286 936 1428 984 nobis
1465 936 1557 984 im-

169 1012 372 1076 peravit.
418 1012 514 1060 Ubi
533 1020 697 1059 autem
714 1012 937 1059 Christus
954 1011 1002 1058 id
1016 1012 1232 1074 jusserit,
1254 1019 1339 1059 aut
1358 1012 1557 1059 omnino

173 1087 237 1135 de
262 1088 395 1151 Papa
418 1088 611 1135 locutus
635 1088 714 1144 sit,
731 1104 831 1136 non
856 1087 1084 1135 ostendit.
1122 1087 1283 1134 Etiam
1307 1103 1555 1146 concesso,

174 1163 319 1248 Papae
357 1164 525 1211 datum
562 1180 664 1211 esse
707 1163 941 1227 quicquid
959 1170 1026 1211 b.
1065 1163 1208 1211 Petro
1245 1163 1414 1210 datum
1444 1169 1555 1217 est;

170 1240 288 1303 quia
307 1248 472 1287 tamen
502 1240 552 1287 in
582 1240 836 1303 Scriptura
872 1240 1022 1286 Sacra
1051 1255 1293 1323 nusquam
1328 1240 1558 1302 jubemur

170 1314 370 1363 obedire
404 1316 564 1373 Petro,
590 1315 800 1378 injustus
824 1322 952 1362 esset
980 1314 1081 1376 qui,
1105 1314 1145 1361 si
1175 1314 1337 1362 facere
1371 1314 1558 1377 aliquid

174 1390 344 1439 Petrus
362 1391 556 1453 juberet
579 1391 710 1453 quod
744 1390 931 1454 legibus
965 1389 1136 1452 patriis
1166 1390 1466 1438 contrarium
1486 1406 1558 1438 es-

170 1473 263 1520 set,
286 1465 357 1514 illi
379 1466 619 1513 obediret.

241 1542 506 1600 Postremo,
548 1542 728 1606 Papam
769 1549 1061 1605 potestatem
1103 1541 1283 1589 habere
1321 1557 1559 1589 summam

170 1633 260 1681 per
281 1625 446 1666 totum
471 1618 644 1665 orbem
669 1617 1005 1665 Christianum
1041 1618 1092 1664 in
1133 1618 1278 1665 rebus
1320 1617 1560 1675 civilibus,

172 1709 332 1757 neque
370 1693 518 1757 Papa,
543 1709 705 1756 neque
740 1693 948 1741 ecclesia
981 1693 1217 1740 definivit.
1288 1693 1403 1741 Non
1443 1709 1561 1756 ergo

172 1768 456 1832 obligantur
484 1769 876 1832 jurisdictionem
915 1770 1021 1832 ejus
1055 1769 1106 1816 in
1131 1769 1276 1816 rebus
1300 1769 1562 1816 moralibus

173 1859 440 1907 agnoscere
464 1860 633 1892 omnes
654 1844 939 1892 Christiani.
978 1844 1245 1908 Imperium
1269 1844 1400 1892 enim
1420 1844 1563 1892 civile

173 1935 433 1979 summum,
470 1927 521 1967 et
556 1935 783 1983 suprema
818 1920 878 1967 de
915 1920 1262 1968 controversiis
1296 1919 1563 1967 moralibus

169 1994 426 2058 judicatio,
451 1994 622 2043 eadem
638 2004 713 2043 est
731 2011 838 2043 res:
865 1995 980 2054 imo,
999 2010 1139 2058 reges
1157 2011 1257 2043 non
1274 1995 1421 2043 modo
1443 1994 1563 2059 quid

176 2069 242 2117 sit
258 2069 444 2133 Justum
468 2078 518 2118 et
540 2071 774 2134 injustum
799 2071 851 2119 in
882 2071 1158 2119 actionibus
1183 2071 1439 2127 definiunt,
1476 2069 1563 2118 sed

176 2144 327 2193 etiam
346 2145 586 2208 justitiam
604 2146 758 2209 ipsam
782 2163 871 2210 per
904 2146 1035 2210 leges
1072 2162 1185 2194 suas
1207 2146 1426 2199 faciunt;
1457 2147 1559 2209 jus-

178 2219 291 2268 titia
311 2226 475 2268 autem
495 2229 547 2268 et
568 2221 807 2284 injustitia
829 2221 892 2270 ad
916 2222 1120 2270 moralia
1137 2222 1400 2285 pertinent.
1461 2221 1562 2268 Ne-

180 2310 276 2358 que
289 2294 477 2357 justum
499 2302 584 2343 aut
607 2297 842 2359 injustum
865 2297 916 2345 in
941 2297 1158 2345 moribus
1183 2297 1445 2360 quicquam
1467 2304 1561 2355 est,

180 2370 275 2417 nisi
297 2369 349 2417 id
367 2369 500 2432 quod
521 2371 592 2418 ita
613 2370 799 2419 factum
822 2381 898 2420 est
920 2388 1009 2436 per
1023 2372 1156 2435 leges
1180 2372 1362 2419 civiles.

249 2444 319 2492 Ut
333 2444 511 2507 Papam
526 2453 817 2508 potestatem
835 2447 1014 2495 habere
1033 2448 1083 2495 in
1099 2447 1377 2494 civitatibus
1392 2446 1563 2495 alienis

180 2519 504 2584 legislativam
525 2521 716 2583 probet,
740 2523 943 2571 adducit
965 2523 1127 2571 locum
1152 2523 1299 2571 Deut.
1323 2522 1438 2570 xvii.
1469 2528 1525 2570 12
1548 2541 1561 2569 z

190 2595 238 2641 V
232 2595 281 2643 ir
299 2602 461 2643 autem
476 2595 581 2654 ille,
605 2597 692 2661 qui
694 2597 838 2662 fecit
854 2598 1083 2664 superbe,
1107 2605 1161 2646 ut
1200 2614 1295 2646 non
1318 2596 1565 2645 auscultet

181 2669 438 2717 sacerdoti
460 2677 747 2720 constanter
777 2673 1083 2721 ministranti
1106 2672 1296 2720 Jehova
1323 2671 1432 2719 Deo
1464 2677 1564 2730 tuo,

180 2751 271 2793 aut
275 2745 445 2808 judici
463 2764 483 2800 ;
507 2746 678 2810 utique
693 2748 928 2795 morietur
942 2748 1020 2796 vir
1037 2747 1140 2806 ille,
1156 2754 1206 2795 et
1224 2746 1372 2795 tolles
1389 2746 1566 2795 malum

181 2820 315 2870 illud
334 2837 395 2868 ex
421 2821 620 2869 Israele
638 2840 656 2869 .·
690 2822 885 2881 oblitus,
920 2823 1053 2887 quod
1086 2839 1302 2871 summus
1338 2822 1565 2871 sacerdos

1606 402 1796 420 *ὴν-ό

1605 444 1650 472 De
1662 447 1805 481 potestate

1603 486 1807 516 ecclesiatica.
