1968 3236
489 276 774 310 Apvnxmx
803 275 875 308 An
902 274 1242 308 LssvaTnAN.
1460 263 1555 305 5³19

173 395 280 438 tum
301 387 378 435 vel
400 387 584 435 factum
606 388 669 435 sit
695 387 743 434 id
768 386 900 449 quod
924 386 1029 449 lege
1052 384 1354 449 prohibetur,
1380 390 1429 430 et
1446 398 1558 446 pro-

174 462 289 512 inde
318 463 482 527 puniri
523 464 691 526 possit,
717 462 836 509 illud
875 461 1066 508 definiri
1108 460 1177 508 ita
1211 459 1373 517 debet,
1397 466 1454 506 ut
1488 457 1556 505 illi

174 554 358 597 omnes,
383 539 465 601 qui
491 539 597 600 lege
622 538 704 585 illa
724 536 972 599 obligandi
991 543 1120 593 sunt,
1145 541 1446 599 cognoscant
1463 533 1558 580 hoc

174 622 227 663 et
246 614 367 662 illud
389 614 589 670 factum,
613 621 758 676 prout
781 612 887 675 lege
912 627 1021 659 cum
1046 608 1422 658 circumstantiis
1441 607 1560 655 defi-

173 690 334 739 nitum
358 699 447 747 est,
472 690 548 737 vel
572 689 678 737 haec
701 688 777 735 vel
812 688 894 735 illa
917 687 1080 744 verba,
1106 702 1214 749 quae
1246 685 1295 732 in
1324 684 1431 747 lege
1455 684 1560 747 ipsa

175 765 469 823 scribuntur,
512 764 758 829 punienda
794 779 912 811 esse.
984 762 1111 810 Nam
1146 761 1402 808 verborum
1443 758 1559 806 ecn-

176 842 443 905 sequentiae
487 840 783 888 difficillimae
824 838 1048 902 judicatu
1091 843 1219 884 sunt.
1303 835 1474 898 Itaque
1520 834 1560 880 si

177 933 306 974 reuS,
330 916 638 979 ignoratione
656 915 781 962 bene
805 911 1147 969 ratiocinandi,
1173 919 1345 958 contra
1367 909 1560 957 literam

178 992 302 1056 legis
338 991 568 1054 loquutus
619 990 697 1047 sit,
739 989 873 1036 nullo
915 987 1143 1050 cuiquam
1197 986 1375 1033 damno
1411 985 1559 1042 facto,

179 1067 432 1116 excusabit
456 1066 592 1114 illum
627 1064 920 1128 ignorantia.
992 1063 1078 1129 Sip
1111 1061 1261 1125 judex
1297 1075 1386 1124 per
1421 1060 1561 1122 igno-

180 1142 392 1190 rantiam
443 1141 648 1205 alicujus
710 1139 1106 1203 consequentioe'*
1122 1137 1367 1185 hominem
1425 1136 1564 1183 inno-

181 1227 374 1266 centem
392 1234 549 1281 poenae
564 1216 836 1274 tradiderit,
852 1214 1073 1263 excusari
1088 1230 1184 1261 non
1201 1219 1379 1276 potest.
1418 1210 1564 1260 Quod

182 1294 223 1342 si
246 1294 396 1341 verba
418 1294 523 1356 ipsa
545 1293 666 1340 sciat
692 1300 864 1339 contra
886 1291 1045 1354 legem
1059 1305 1180 1346 esse,
1204 1288 1367 1352 puniri
1385 1294 1562 1350 potest.

185 1369 350 1418 Quare
374 1369 457 1432 qui
482 1369 640 1416 Deum
663 1383 766 1415 esse
802 1375 966 1430 negat,
990 1366 1068 1413 vel
1105 1372 1271 1428 aperte
1307 1364 1565 1427 profitetur

184 1444 407 1492 dubitare
439 1459 491 1491 se
522 1459 585 1491 an
609 1443 671 1490 sit
694 1442 770 1490 vel
793 1458 891 1490 non
922 1442 1001 1499 sit,
1024 1441 1117 1488 etsi
1140 1439 1312 1487 modus
1331 1437 1566 1502 puniendi

183 1519 457 1582 adscriptus
489 1518 587 1581 legi
621 1534 720 1566 non
758 1518 837 1574 sit,
875 1516 1038 1580 puniri
1072 1524 1251 1579 potest,
1275 1514 1362 1562 sed
1401 1513 1562 1570 exilio,

186 1594 335 1643 etiam
366 1593 597 1657 aequitate
629 1592 855 1640 naturali.
925 1591 1053 1638 Nam
1083 1590 1254 1653 religio
1292 1597 1343 1636 et
1378 1588 1564 1651 agnitio

185 1669 421 1735 potentiae
456 1668 634 1716 divinae
657 1668 708 1715 in
732 1667 865 1716 omni
897 1666 1094 1714 civitate
1117 1666 1225 1729 lege
1265 1665 1564 1727 imperatur:

186 1752 237 1794 et
260 1751 334 1793 oet
357 1743 542 1792 civitati
567 1743 697 1791 omni
723 1742 996 1800 essentiale,
1020 1749 1076 1789 ut
1098 1741 1148 1788 in
1172 1740 1327 1805 pactis
1347 1748 1569 1787 servetur

186 1820 326 1879 fides,
363 1827 415 1867 et
453 1819 699 1882 praecipue
736 1818 776 1866 si
813 1818 877 1865 sit
908 1815 1226 1880 jurejurando
1263 1815 1567 1863 confirmata.

191 1895 323 1945 Quia
342 1910 461 1958 ergo
484 1894 657 1942 atheus
684 1892 1005 1957 jurejurando
1032 1891 1237 1955 obligari
1260 1907 1359 1939 non
1387 1897 1567 1954 potest,

191 1986 223 2019 a
242 1970 492 2034 republica
523 1969 738 2033 ablegari
773 1969 934 2027 debet,
959 1984 1059 2016 non
1091 1975 1148 2015 ut
1178 1974 1458 2023 contumax,
1483 1965 1570 2013 sed

191 2053 249 2093 ut
282 2052 631 2094 nocumentum
666 2045 930 2109 publicum.
1001 2044 1101 2091 Cur
1136 2051 1315 2100 autem,
1352 2048 1571 2089 cessante

194 2121 374 2169 damno
420 2120 630 2184 publico,
682 2120 978 2168 occidendus
1012 2120 1075 2167 sit
1116 2134 1215 2166 non
1261 2117 1417 2174 video,
1460 2131 1573 2163 cum

194 2195 258 2243 ab
292 2195 543 2258 impietate
583 2195 801 2243 converti
846 2195 998 2258 possit
1034 2192 1309 2256 aliquando.
1380 2191 1506 2238 Nam
1544 2204 1574 2236 a

196 2269 564 2333 longanimitate
587 2269 752 2317 divina
784 2269 902 2333 quid
936 2277 1011 2317 est
1044 2267 1174 2331 quod
1211 2281 1404 2330 sperare
1427 2265 1573 2312 homo

196 2360 298 2393 non
329 2352 507 2408 potest,
530 2352 789 2407 antequam
813 2345 1083 2393 moriatur?
1154 2342 1385 2390 Similiter
1409 2340 1575 2387 dicen-

198 2420 318 2468 dum
350 2428 425 2467 est
458 2418 520 2466 de
553 2419 868 2483 blasphemia,
893 2436 1003 2483 quae
1037 2427 1109 2466 est
1144 2416 1299 2465 oratio
1333 2416 1385 2463 in
1417 2415 1575 2463 Deum

199 2495 564 2554 contumeliosa,
583 2504 648 2552 et,
672 2497 1006 2544 consentiente
1031 2495 1193 2542 animo
1209 2509 1319 2540 cum
1338 2491 1575 2550 oratione,

201 2570 483 2619 atheismuS.

268 2646 333 2693 A.
370 2645 535 2694 Quare
557 2653 718 2693 autem
745 2661 843 2694 non
865 2645 1069 2709 relegati
1103 2643 1265 2707 potius
1288 2650 1429 2690 erant
1450 2641 1578 2689 blas-

201 2721 382 2785 phemi,
404 2736 493 2784 per
515 2720 672 2784 legem
697 2721 980 2780 Mosaicam‚
1004 2735 1147 2783 quam
1172 2717 1351 2766 occisi?

268 2795 334 2843 B.
360 2794 491 2844 Quia
513 2810 610 2858 quo
628 2796 738 2858 jure
760 2810 846 2843 rex
867 2803 1088 2843 terrenus
1107 2793 1456 2856 blasphemum,
1472 2791 1579 2854 lege

203 2871 319 2930 lata,
356 2886 508 2933 reguo
547 2886 635 2918 sno
667 2877 829 2934 potest
861 2870 1118 2934 expellere,
1152 2867 1319 2916 eodem
1351 2868 1462 2931 jure
1494 2882 1580 2915 rex

1623 402 1726 435 CAP.
1744 401 1793 433 11.

1618 504 1663 532 De
1676 502 1789 531 here-i.
