1968 3236
699 246 771 280 Du
798 244 1076 280 οῐνῐΤΑΤΕ.
1494 233 1584 286 157

195 360 366 413 tatem,
385 354 603 417 exegerit
617 370 647 402 a
670 355 865 403 subdito
882 372 987 414 suo,
1007 364 1138 404 recte
1158 355 1371 419 exigitur
1389 356 1584 419 quando
1639 379 1742 412 cAp,
1759 379 1839 413 χχ,

196 444 319 493 opus
334 429 442 488 erit,
467 437 519 476 et
533 430 665 492 quod
690 439 854 478 utrum
875 447 996 495 opus
1022 432 1086 479 sit
1108 447 1263 479 necne
1281 432 1383 495 ipse
1396 431 1586 495 judica-
1646 436 1831 501 m

194 504 286 564 bit,
310 504 504 552 ostendi
543 514 708 568 potest
748 523 808 555 ex
833 508 992 555 verbis
1025 507 1207 555 Christi
1249 507 1452 568 (Matth.
1486 508 1584 555 xxi.
1643 498 1763 566 paim?
1775 520 1805 544 et

196 586 245 639 2,
270 580 322 640 3)
350 579 599 643 discipulis
632 581 731 628 suis
772 582 1066 640 mandantis,
1108 583 1188 630 Ite
1221 583 1270 630 in
1308 583 1464 631 vicum
1500 583 1588 647 qui
1643 560 1797 598 ‘mmm‘

195 654 333 704 vobis
357 662 434 704 est
457 673 520 703 ex
557 657 785 716 (Averso,
811 664 860 704 et
884 658 1057 706 statim
1100 658 1358 706 invenietis
1394 658 1586 706 asinam

195 730 414 796 ligatam
438 738 487 779 et
502 732 697 796 pullum
723 750 828 780 cnm
853 750 913 780 ea
931 752 948 788 ;
972 734 1218 781 solvente-s·
1242 750 1325 782 eos
1349 734 1588 782 adducite

196 814 270 863 ad
299 831 409 862 me:
445 822 495 863 et
532 816 578 862 si
615 816 727 880 quis
764 816 902 864 vobi-s·
945 817 1144 882 aliquid
1183 818 1389 875 dixerit,
1414 817 1585 875 dicite,

185 890 399 939 Domino
418 891 497 938 his
512 908 636 956 opus
654 899 759 947 est‚·
783 893 955 940 statim
971 899 1132 940 autem
1154 893 1318 941 mittet
1332 910 1432 941 eos.
1470 893 1586 940 Non

0 1028 7 1033 Δ,
163 973 165 975 ’
185 966 561 1030 interrogabunt
575 975 741 1015 utrum
765 968 1029 1016 necessitas
1048 968 1132 1015 illa
1147 969 1248 1016 sive
1263 984 1387 1032 opus
1406 969 1487 1031 jus
1502 983 1585 1015 eos

0 1036 7 1092 ἕ
188 1042 414 1106 capiendi
454 1042 653 1091 domino
697 1044 898 1102 tribuat,
938 1059 1098 1106 neque
1143 1051 1310 1092 utrum
1356 1044 1585 1092 dominus

0 1108 5 1123 ’
189 1118 498 1167 necessitatis
534 1119 662 1167 illius
693 1119 846 1183 judex
885 1119 977 1174 sit;
1015 1119 1101 1166 sed
1131 1119 1182 1166 in
1205 1119 1460 1167 voluntate
1485 1119 1579 1167 Dei

192 1193 522 1257 acquiescent.

263 1270 356 1318 His
380 1269 499 1318 locis
533 1270 649 1318 addi
683 1270 831 1318 etiam
863 1279 1032 1334 potest
1069 1271 1201 1334 quod
1225 1271 1404 1319 dicitur
1444 1271 1584 1332 (Gen.

192 1344 262 1393 iii.
288 1346 360 1406 5),
388 1344 560 1393 Eritis
596 1346 727 1393 sicut
751 1346 841 1404 dii,
872 1347 1088 1394 sciente-s·
1125 1347 1239 1394 boni
1273 1353 1323 1394 et
1348 1346 1468 1394 mali
1484 1365 1502 1401 ;
1538 1354 1588 1394 et

198 1420 346 1483 (vers.
378 1422 458 1482 ll)
487 1421 600 1485 qui-s·
637 1421 883 1469 indicavit
909 1421 1000 1470 tibi
1024 1422 1202 1470 nudum
1228 1439 1338 1470 esse
1362 1429 1411 1470 te
1429 1425 1466 1470 ‚2‘
1506 1421 1586 1469 An

194 1495 258 1544 de
274 1495 462 1560 fructu
487 1495 625 1543 illius
648 1495 864 1554 arboris,
890 1497 953 1544 de
975 1514 1070 1561 quo
1091 1498 1454 1546 interdioeeram
1496 1495 1588 1543 tibi

192 1587 254 1619 ne
278 1571 510 1619 comeda-3
534 1588 597 1618 ex
621 1588 695 1629 eo,
721 1571 1040 1619 commederis
1058 1575 1086 1620 ,9
1158 1572 1406 1636 Cognstio,
1427 1572 1478 1619 id
1496 1578 1585 1628 est,

187 1645 428 1710 judicatio
450 1646 568 1694 boni
599 1653 650 1694 et
683 1646 815 1705 mali,
838 1647 1098 1695 vetabatur
1122 1648 1211 1695 sub
1235 1648 1433 1696 nomine
1456 1647 1587 1695 fruc-

191 1728 272 1770 tus
294 1721 483 1770 arboris
502 1721 719 1770 scientiae
741 1722 860 1770 boni
883 1730 935 1770 et
954 1722 1084 1780 mali,
1109 1723 1162 1771 in
1199 1723 1586 1787 experimentum

194 1797 487 1845 obedientiae
503 1796 695 1845 Adami.
733 1797 968 1845 Diabolus
983 1806 1164 1857 autem,
1178 1806 1236 1846 ut
1262 1799 1585 1846 ambitionem

193 1871 405 1931 feminae,
429 1872 509 1920 cui
532 1872 722 1920 fructus
746 1873 827 1920 ille
850 1873 1054 1936 pulcher
1082 1875 1184 1937 jam
1213 1874 1345 1922 visus
1365 1882 1486 1932 erat,
1510 1874 1585 1921 in·

196 1947 443 2007 cenderet,
459 1947 583 1996 dixit
596 1947 667 1995 illi
681 1947 786 1996 fore
804 1948 914 1996 illos
935 1949 1074 2012 quasi
1087 1948 1222 2008 deos,
1244 1949 1453 1998 scientes
1467 1949 1586 1997 boni

195 2031 248 2072 et
269 2024 401 2072 mali.
451 2023 576 2072 Cum
594 2023 747 2086 igitur
764 2023 1092 2072 comedissent
1109 2025 1271 2083 ambo,
1292 2033 1587 2088 arrogarunt

196 2099 393 2163 quidem
409 2098 622 2146 officium
645 2099 778 2162 quod
792 2099 881 2147 Dei
898 2099 1046 2147 solius
1065 2108 1187 2159 erat,
1210 2116 1386 2164 nempe
1399 2100 1587 2164 judica-

196 2175 382 2223 tionem
394 2174 511 2222 boni
530 2181 581 2222 et
599 2174 730 2233 mali,
749 2174 942 2222 sibimet
957 2175 1075 2239 ipsis
1096 2197 1108 2232 ;
1134 2192 1414 2240 quanquam
1432 2175 1586 2223 facul-

195 2257 350 2299 tatem
388 2266 566 2298 novam
608 2250 916 2298 discernendi
947 2251 1077 2300 inter
1098 2252 1284 2300 bonum
1318 2260 1369 2299 et
1403 2251 1586 2298 malum

195 2326 382 2375 nullam
409 2325 755 2389 acquisierant.
827 2326 976 2376 Quod
1017 2327 1197 2375 dicitur
1235 2334 1413 2383 autem,
1455 2325 1586 2388 quod

196 2417 310 2450 cum
334 2401 676 2461 comedissent,
699 2401 929 2450 viderunt
949 2418 1001 2450 se
1026 2402 1184 2450 nudos
1208 2418 1327 2459 esse,
1346 2417 1490 2449 nemo
1515 2400 1586 2448 lo-

196 2493 308 2526 cum
342 2477 481 2525 illum
519 2477 590 2525 ita
629 2477 982 2541 interpretatus
1014 2484 1103 2535 est,
1152 2477 1290 2540 quasi
1315 2475 1436 2524 coeci
1471 2483 1586 2522 ante

195 2551 380 2601 fuerint
397 2568 559 2616 neque
577 2569 688 2601 suas
711 2553 927 2616 ipsorum
953 2560 1089 2600 cutes
1103 2552 1334 2600 viderint.
1405 2551 1585 2598 Sensus

195 2634 362 2676 autem
381 2629 668 2677 manifestus
686 2636 777 2687 est,
798 2628 931 2691 quod
948 2645 1006 2676 eo
1023 2629 1237 2692 primum
1255 2634 1477 2689 tempore
1495 2641 1586 2673 nu-

197 2702 403 2751 ditatem
428 2719 582 2761 suam,
598 2703 650 2751 in
674 2719 770 2766 qua
788 2703 893 2751 Deo
916 2703 1075 2751 visum
1101 2710 1173 2750 est
1187 2702 1295 2750 illos
1311 2716 1494 2758 creare,
1513 2700 1587 2748 in-

199 2777 431 2827 decoram
453 2794 559 2826 esse
596 2778 898 2842 judicarunt,
922 2787 973 2826 et
1007 2777 1193 2841 pudore
1213 2793 1300 2824 suo
1337 2776 1428 2823 Dei
1464 2791 1586 2839 opus

195 2853 354 2902 tacite
396 2853 806 2902 condemnarunt.
876 2854 1156 2916 Interrogat
1188 2867 1306 2914 ergo
1342 2850 1584 2897 Adamum

201 2929 351 2987 Deus,
377 2928 709 2987 commedisti,
734 2935 826 2976 ete.
850 2937 1082 2991 tanquam
1108 2927 1147 2975 si
1173 2926 1388 2984 dixisset,
1413 2932 1483 2982 tu,
1503 2925 1587 2988 qui
