1968 3236
741 260 810 292 DE
839 259 1114 292 CIVITATE.
1530 249 1625 292 215

238 388 343 420 sam
355 372 555 430 habens,
575 372 733 435 ipsum
749 388 994 435 occupans
1010 371 1286 430 interficiat,
1306 371 1491 419 crimen
1509 373 1625 428 erit;
1645 391 1748 424 CAP.
1759 390 1911 423 xxvn.

237 463 330 495 nec
365 456 518 505 metu,
544 448 629 495 sed
663 448 775 495 odio
809 448 981 496 fecisse
1000 447 1332 510 judicabitur;
1367 455 1626 511 propterea

238 523 370 586 quod
393 524 602 587 protegi,
629 524 667 571 si
684 533 1003 587 expectasset,
1019 523 1181 587 potuit
1199 540 1228 570 a
1246 523 1457 571 civitate.
1531 525 1627 572 Sed

238 599 278 646 si
303 598 438 646 illum
471 600 840 662 aggredientem
869 599 1144 656 occidisset,
1170 599 1354 646 crimen
1379 615 1478 647 non
1509 599 1628 648 fuis-

238 682 311 723 set
332 695 343 730 ;
381 674 494 738 quia
529 676 762 723 auxilium
794 692 823 723 a
846 676 1033 738 legibus
1057 675 1304 738 expectari
1328 690 1424 722 non
1450 676 1627 738 potuit.

238 750 368 799 Civis
408 767 437 798 a
477 751 582 798 cive
623 752 773 798 verba
812 751 948 798 audit
980 751 1124 814 plena
1152 751 1484 810 contumeliae,
1520 767 1629 814 quae

237 825 371 874 nulla
394 835 558 874 tamen
584 828 690 890 lege
715 828 814 875 lata
837 827 1137 890 puniuntur3
1175 834 1509 890 metuensque,
1534 828 1630 876 nisi

237 902 385 949 armis
410 902 640 961 vindicet,
664 919 753 966 pro
773 903 971 950 homine
996 902 1163 949 haberi
1188 902 1378 961 timido,
1403 903 1467 951 ad
1494 920 1631 952 arma

236 987 472 1041 provocat
498 987 546 1026 et
570 979 704 1026 illum
729 979 990 1033 interficit;
1027 977 1214 1025 crimen
1240 985 1345 1033 est3
1382 994 1472 1026 nec
1497 988 1631 1028 metu

240 1053 479 1116 ejusmodi
506 1055 834 1101 excusabitur.
887 1053 1085 1102 Quare?
1137 1053 1266 1101 Quia
1290 1053 1460 1101 civitas
1484 1055 1632 1102 verba

237 1129 447 1192 publica,
482 1130 533 1177 id
560 1138 650 1187 est,
675 1130 823 1193 leges,
850 1128 981 1192 apud
1019 1129 1146 1176 cives
1175 1129 1284 1192 plus
1316 1130 1476 1177 valere
1509 1130 1630 1189 vult,

239 1220 386 1267 quam
401 1206 550 1252 verba
570 1205 779 1252 hominis
795 1204 1052 1266 singularis
1071 1225 1082 1258 ;
1110 1205 1248 1267 cujus
1262 1205 1422 1252 verbis
1436 1222 1632 1269 poenam

238 1280 534 1328 constituere
572 1280 681 1328 ideo
719 1281 950 1343 neglexit,
975 1280 1089 1342 quia
1128 1295 1227 1338 eos,
1269 1281 1353 1343 qui
1387 1297 1450 1328 ne
1483 1282 1634 1329 verba

238 1355 435 1418 quidem
471 1356 680 1403 tolerare
715 1363 935 1419 possunt,
967 1371 1056 1418 pro
1088 1355 1382 1404 mollissimis
1414 1357 1633 1404 omnium

237 1430 489 1478 hominum
511 1432 658 1479 habet
682 1432 869 1479 civitas.
940 1431 1157 1479 Crimina
1180 1448 1242 1479 ne
1260 1433 1632 1495 metus‘quidem

239 1505 330 1553 Dei
354 1514 570 1565 excusat,
596 1507 749 1554 multo
767 1507 927 1554 minus
951 1514 1109 1554 metus
1132 1523 1298 1554 earum
1322 1523 1502 1566 rerum,
1524 1525 1632 1571 quae

238 1582 327 1629 sub
368 1583 565 1630 nomine
589 1583 854 1647 spirituum
890 1582 1222 1630 formidabiles
1253 1584 1435 1631 multus
1472 1585 1630 1640 fiunt;

240 1658 407 1721 quales
431 1659 675 1706 habentur
709 1659 934 1717 lemures,
960 1659 1136 1706 animae
1168 1667 1490 1718 mortuorum,
1516 1660 1632 1708 alia-

238 1749 334 1797 que
373 1734 717 1797 phantasmata
757 1734 1101 1782 dormientium
1143 1735 1219 1782 vel
1262 1734 1631 1783 dormitantium

239 1809 492 1858 hominum
535 1811 1001 1874 superstitiosorum.
1079 1810 1275 1858 Crimen
1317 1812 1445 1858 enim
1488 1828 1633 1860 omne

238 1883 473 1948 injustum
507 1893 610 1940 est;
646 1886 856 1949 ideoque
889 1901 989 1933 non
1027 1886 1111 1949 qui
1145 1887 1329 1933 crimen
1371 1886 1506 1946 facit,
1547 1887 1634 1935 sed

240 1960 325 2024 qui
357 1960 500 2024 fugit,
535 1961 639 2009 Deo
669 1961 845 2024 placet.
917 1961 1090 2024 Itaque
1125 1961 1442 2009 metuendum
1476 1978 1505 2010 a
1527 1963 1632 2011 Deo

238 2034 516 2084 hominibus
535 2037 680 2100 justis
703 2036 825 2084 nihil
845 2045 934 2096 est,
961 2037 1194 2100 quicquid
1213 2037 1308 2085 illis
1333 2039 1632 2087 comminen-

238 2116 321 2158 tur
345 2111 543 2174 quidam
569 2113 657 2160 sub
681 2120 925 2175 praetextu
948 2112 1198 2176 religionis
1221 2130 1251 2161 a
1273 2113 1321 2161 vi
1356 2114 1630 2177 spirituum.

305 2187 382 2235 Ab
419 2187 496 2235 his
529 2188 787 2235 criminum
823 2188 1041 2236 fontibus
1078 2188 1281 2236 diversis
1317 2189 1631 2237 manifestum

240 2269 316 2310 est
338 2262 513 2310 falsum
529 2279 648 2319 esse,
666 2264 799 2327 quod
821 2272 1086 2312 tenuerunt
1108 2264 1224 2312 olim
1246 2265 1414 2321 Stoici,
1429 2273 1633 2328 peccata

239 2337 403 2385 omnia
426 2353 530 2386 esse
548 2339 768 2401 aequalia.
839 2339 929 2386 Est
952 2340 1082 2387 enim
1106 2356 1207 2388 non
1235 2340 1392 2388 solum
1421 2355 1631 2387 excusa-

240 2411 365 2460 tioni
405 2413 541 2461 locus
570 2414 848 2477 aliquando,
873 2415 957 2463 ubi
983 2415 1117 2479 quod
1149 2416 1334 2463 crimen
1358 2415 1629 2474 videbatur,

238 2494 371 2535 recte
394 2488 579 2537 factum
611 2505 716 2538 esse
752 2490 1053 2546 ostenditur3
1090 2490 1176 2538 sed
1212 2491 1359 2538 etiam
1394 2497 1631 2538 extenua-

239 2563 379 2620 tioni,
404 2579 500 2627 qua
522 2565 723 2624 crimen,
743 2566 875 2629 quod
889 2566 1145 2614 videbatur
1163 2582 1411 2630 magnum,
1427 2573 1631 2629 apparet

238 2638 414 2687 minus.
485 2640 778 2704 Quanquam
802 2642 931 2689 enim
962 2642 1168 2689 crimina
1191 2643 1356 2689 omnia
1378 2641 1631 2704 aequaliter

239 2712 421 2776 injusta
434 2715 758 2778 appellantur,
777 2717 1187 2780 quemadmodum
1206 2717 1363 2764 omnis
1381 2733 1410 2764 a
1426 2716 1630 2764 rectitu-

240 2787 355 2836 dine
378 2789 590 2838 deviatio
613 2799 817 2840 vocatur
840 2793 1054 2840 curvitas
1075 2814 1086 2848 ;
1111 2809 1211 2840 non
1229 2800 1394 2840 tamen
1409 2792 1630 2856 sequitur

240 2861 354 2910 inde
390 2865 554 2912 omnia
581 2866 786 2914 crimina
822 2882 925 2914 esse
961 2867 1213 2929 aequaliter
1244 2868 1438 2930 injusta,
1474 2867 1629 2931 magis

242 2953 388 3000 quam
412 2939 575 2988 omnia
598 2956 747 2989 curva
771 2941 1024 3004 aequaliter
1047 2958 1151 2990 esse
1175 2958 1338 2990 curva.

1684 446 1873 467 ffi———ae——d

1665 484 1709 511 De
1723 484 1847 512 crimini-

1664 527 1729 557 bus,
1742 536 1860 555 excusa-

1665 571 1802 602 tionibus,
1812 574 1841 598 et
1853 579 1899 598 ex-

1666 614 1892 642 tenuationibus.
