1968 3236
139 350 242 384 CAP.
259 349 369 382 xbu.

166 405 349 427 -Ὑ-κ

158 450 202 479 De
214 454 358 489 potestate

158 493 360 522 ecclesiastica.

404 208 502 251 410
726 219 796 250 ΒΕ
824 216 1080 251 οινιΤΑΤΕ
1108 216 1466 250 CHRISTIANA.

404 327 535 390 quod
580 328 629 375 in
683 328 968 376 Christianis
1019 326 1245 374 dominiis
1300 334 1593 390 potestatem
1637 327 1788 376 habet

404 404 535 466 leges
560 403 816 459 condendi,
833 403 1039 465 illosque
1057 402 1294 465 puniendi
1313 403 1398 466 qui
1420 403 1527 451 illas
1542 411 1788 467 transgre-

406 479 627 526 dientur:
664 479 873 535 tertiam,
902 478 1210 525 Servatorem
1234 486 1458 525 nostrum
1485 478 1786 541 jurisdictio-

405 570 516 602 nem
532 554 906 602 ecclesiasticam
922 569 1117 600 omnem
1138 552 1189 599 in
1207 553 1492 615 pontificem
1509 553 1786 602 Romanum

405 630 680 677 contulisse.

470 706 560 752 Pro
601 704 896 767 judiciorum
935 703 1180 767 papalium
1227 704 1590 764 infallibilitate,
1631 705 1786 754 multa

402 780 600 828 adducit
624 780 888 843 Scripturae
912 780 1020 827 loca
1040 798 1050 826 τ
1075 780 1303 842 primum,
1325 780 1442 828 Luc.
1459 780 1574 828 xxii.
1593 786 1671 838 31,
1687 787 1748 830 32
1771 799 1783 828 :

403 856 583 915 Simon,
610 856 790 914 Simon,
811 872 940 914 eece,
966 856 1188 902 δἀίαηαδ
1215 855 1354 919 petit
1379 872 1478 914 vos,
1503 862 1556 903 ut
1580 856 1786 904 ventilet

402 931 531 978 sicut
557 931 778 978 triticum
796 949 813 984 ;
849 930 942 978 sed
975 946 1070 995 ego
1096 937 1344 995 precatus
1379 947 1482 978 sum
1504 947 1609 995 pro
1633 937 1699 990 te,
1722 949 1786 980 ne

403 1006 752 1069 deficiatfides
779 1013 896 1054 tua:
924 1013 975 1054 tu
1002 1006 1178 1071 igitur,
1205 1006 1480 1070 aliquando
1504 1023 1782 1066 conversus,

400 1082 576 1129 stabili
577 1083 806 1145 fratres.
843 1083 913 1130 Ex
932 1098 1028 1144 quo
1048 1081 1156 1129 loco
1173 1081 1496 1130 Bellarminus
1517 1082 1782 1142 concludit,

401 1157 647 1205 Christum
674 1158 860 1206 Simoni
884 1158 1027 1205 Petro
1054 1156 1150 1205 duo
1176 1158 1473 1206 concessisse
1497 1158 1781 1222 privilegia3

399 1249 565 1290 unum,
605 1234 735 1296 quod
758 1249 848 1281 nec
882 1234 986 1296 ipse
1027 1249 1117 1281 nec
1157 1248 1460 1281 successores
1499 1234 1602 1297 ejus
1645 1233 1782 1297 quic-

401 1324 562 1371 quam,
610 1309 688 1356 vel
741 1309 792 1356 in
835 1309 933 1356 fide
978 1309 1055 1355 vel
1098 1308 1149 1356 in
1194 1309 1412 1356 moribus
1458 1309 1651 1368 falsum,
1697 1316 1784 1357 aut

398 1384 601 1447 alicujus
639 1401 778 1447 papae
821 1384 1093 1432 definitioni
1139 1385 1456 1442 contrarium,
1503 1384 1778 1433 definirent.

400 1459 496 1507 Sed
519 1461 652 1508 locus
671 1461 750 1507 ille
765 1468 899 1508 totus
918 1461 1153 1508 attentius
1173 1459 1556 1508 considerandus
1572 1467 1661 1520 est,
1678 1460 1779 1524 qui,

398 1542 454 1582 ut
487 1535 606 1582 mihi
629 1535 836 1594 videtur,
862 1536 1162 1584 contrarium
1185 1537 1362 1599 probat
1385 1537 1488 1599 ejus
1513 1536 1644 1599 quod
1665 1552 1779 1600 pro-

398 1611 566 1658 batum
584 1611 664 1658 ille
682 1611 842 1659 vellet.
914 1611 1204 1660 Sacerdotes
1225 1620 1276 1660 et
1299 1613 1472 1660 scribae
1498 1611 1773 1660 Servatoris

398 1687 551 1734 nostri
568 1687 618 1734 in
635 1688 759 1735 festo
785 1688 981 1736 Paschae
997 1688 1253 1736 occidendi
1270 1688 1527 1736 consilium
1550 1687 1779 1745 inierant,

399 1778 542 1824 quem
584 1763 736 1811 Judas
771 1763 917 1811 etiam
954 1765 1057 1826 Jam
1091 1763 1186 1811 illis
1220 1762 1428 1826 prodere
1469 1762 1778 1812 deliberarat.

397 1837 543 1885 Venit
578 1845 739 1885 autem
778 1838 841 1885 ad
880 1838 1060 1886 festum
1096 1838 1333 1897 Christus,
1370 1846 1422 1886 et
1445 1854 1558 1886 cum
1595 1838 1782 1887 Pascha

397 1928 495 1960 una
514 1929 625 1960 cum
644 1914 892 1977 Apostolis
910 1914 1193 1972 celebraret,
1213 1914 1338 1962 dixit
1354 1914 1449 1962 illis
1462 1913 1642 1962 festum
1659 1913 1782 1963 illud

397 2004 447 2036 se
471 1989 647 2036 iterum
683 1990 1040 2038 celebraturum
1063 2006 1164 2038 non
1188 2005 1309 2049 esse,
1335 1997 1600 2054 antequam
1623 1989 1782 2038 venis-

398 2071 473 2111 set
495 2080 700 2127 regnum
725 2065 844 2121 Dei;
881 2066 1005 2113 dixit
1029 2066 1178 2113 etiam
1201 2073 1256 2113 ut
1271 2066 1332 2113 ab
1355 2081 1455 2113 uno
1475 2081 1644 2113 eorum
1668 2081 1759 2129 pro

397 2140 608 2188 deretur.
660 2142 783 2189 Cum
801 2142 950 2204 igitur
964 2141 1174 2204 apostoli
1190 2141 1440 2189 Christum
1459 2149 1572 2189 ante
1591 2141 1783 2189 Pascha

395 2216 667 2277 proximum
693 2224 1010 2280 regnaturum
1029 2232 1132 2264 esse
1150 2216 1422 2275 crederent,
1441 2216 1572 2264 inter
1591 2232 1643 2264 se
1666 2215 1780 2280 quis

396 2297 527 2337 esset
556 2298 671 2339 tunc
689 2292 928 2339 maximus
949 2291 999 2339 in
1019 2291 1107 2339 illo
1123 2307 1297 2355 regnO,
1315 2291 1457 2352 (vers.
1476 2293 1560 2354 24)
1577 2298 1783 2339 eonten-

397 2365 588 2413 debant.
682 2367 994 2430 Quapropter
1041 2367 1271 2415 Servator
1310 2374 1477 2415 noster
1516 2367 1611 2415 illis
1658 2366 1784 2415 dixit

394 2440 537 2498 (vers.
564 2443 768 2503 25-30):
811 2446 840 2467 “
861 2458 1000 2506 reges
1024 2443 1222 2505 quidem
1246 2443 1470 2491 ethnicos
1508 2442 1784 2491 dominium

396 2531 620 2564 exercere
637 2517 688 2564 in
704 2517 922 2565 subditos
946 2533 1075 2574 suOS,
1094 2526 1144 2565 et
1161 2518 1497 2566 benefactores
1516 2517 1782 2582 appellari;

396 2607 480 2638 vos
516 2600 679 2639 autem
714 2608 815 2640 non
850 2592 934 2650 sic,
960 2591 1045 2639 sed
1079 2608 1204 2640 unus
1235 2601 1450 2641 vestrum
1473 2593 1615 2642 alteri
1637 2592 1786 2641 debet

394 2666 690 2714 ministrare.
801 2667 1026 2729 Regnum
1072 2667 1270 2729 quidem
1315 2669 1453 2716 vobis
1500 2668 1643 2727 dabo,
1699 2666 1787 2717 sed

395 2741 536 2802 quale
575 2742 695 2789 mihi
729 2741 865 2789 dedit
902 2742 1044 2789 Pater
1067 2758 1219 2800 meus,
1245 2742 1332 2790 sed
1368 2759 1469 2792 non
1503 2743 1787 2792 habendum

396 2825 507 2864 ante
533 2817 800 2865 adventum
825 2833 1019 2872 meum;
1056 2824 1161 2865 tum
1197 2817 1394 2866 demum
1431 2819 1698 2868 comedetis
1738 2826 1789 2867 et
