1910 3236
662 207 733 240 m:
761 206 1006 241 nomm.
1467 194 1525 237 61

138 332 490 382 enon-memque
526 318 820 404 passionem,
863 317 1070 382 intelligi
1102 323 1266 381 potest
1299 315 1362 363 ab
1396 315 1538 363 effec-
1578 337 1800 371 emman,

141 395 274 444 tibus
296 395 435 444 nimii
453 394 571 452 vini,
597 395 727 457 quod
753 395 961 443 similem
995 393 1223 458 producit
1242 407 1537 456 organorum
1589 392 1779 415 *β

141 470 497 535 intemperiem.
547 470 770 518 Varietas
790 471 918 518 euim
939 471 1210 527 hominum,
1231 468 1315 532 qui
1332 467 1537 515 nimium
1554 435 1820 510 ffoeffssffl’n'fssm:

142 547 389 605 biberunt,
406 546 578 594 eadem
602 554 678 594 est
702 547 752 594 in
771 547 1005 604 moribus,
1022 563 1132 609 quae
1148 544 1368 593 cernitur
1390 543 1442 590 in
1464 543 1539 590 in-
1554 522 1772 603 ffffigfqm

140 622 304 672 sanis·
340 637 549 685 quorum
564 621 714 684 aliqui
737 621 941 679 furiunt,
961 621 1042 669 alii
1060 628 1244 675 amant,
1260 619 1343 668 alii
1361 617 1538 677 rident,

139 713 314 747 omnae
353 696 500 745 modo
538 696 754 755 insolit0,
786 696 873 744 sed
910 713 1010 744 suae
1048 697 1287 759 cujusque
1326 692 1541 758 passioni

144 789 380 838 congruo.
437 772 568 820 Nam
585 772 734 820 etiam
748 772 970 819 homines
988 772 1174 819 sobrios
1190 779 1329 835 puto,
1345 768 1542 833 quando

143 850 331 914 absque
365 848 500 897 omni
533 848 685 895 animi
710 863 829 895 cura
852 855 903 894 et
934 847 1255 911 occupatione
1289 845 1378 894 soli
1409 845 1542 893 ince-

142 925 287 984 dunt,
308 941 408 974 non
449 924 662 972 libenter
698 923 822 971 velle
857 923 1210 986 cogitationum
1239 938 1435 970 suarum
1458 937 1542 968 va-

144 1002 352 1052 nitatem
396 1009 544 1063 atque
580 998 959 1047 exorbitantiam
999 1014 1057 1046 eo
1094 1007 1314 1062 tempore
1350 996 1543 1060 publice

147 1092 412 1143 apparere;
447 1076 498 1124 id
517 1075 651 1138 quod
669 1074 910 1123 confessio
934 1074 1192 1122 manifesta
1207 1082 1280 1121 est
1294 1073 1543 1137 passionoe

146 1153 439 1218 irregulares
461 1151 786 1215 plerumque
774 1150 1014 1198 lusaniam
1037 1166 1224 1198 meram
1247 1165 1368 1197 esse.

215 1227 484 1293 Opiniones
514 1227 771 1275 hominum
806 1227 938 1274 circa
972 1226 1174 1274 insaniae
1199 1242 1413 1283 causam,
1437 1234 1545 1272 tum

148 1313 371 1354 veterum
405 1311 514 1351 tum
550 1302 896 1361 recentiorum,
933 1302 1043 1350 duae
1083 1310 1212 1350 sunt.
1284 1301 1381 1349 Alii
1415 1300 1546 1348 enim

40 1431 49 1449 ,Ἴ
145 1397 261 1431 eam
292 1397 324 1429 a
354 1378 692 1444 passionibus;
728 1378 810 1426 alii
833 1395 863 1426 a
886 1377 1206 1435 daemonibus,
1231 1376 1331 1424 sive
1364 1375 1546 1439 spiriti-

147 1457 242 1506 bus
287 1455 528 1513 derivant,
573 1455 717 1503 bonis
761 1454 840 1502 vel
890 1453 1046 1512 malis,
1095 1469 1219 1516 quos
1265 1448 1457 1500 intrare
1495 1451 1547 1498 in

144 1533 396 1583 hominem
418 1547 561 1596 posse
585 1547 767 1595 eosque
791 1530 1043 1595 possidere
1062 1536 1378 1593 putaverunt,
1398 1536 1546 1591 atque

148 1609 370 1674 eorporis
406 1609 513 1672 ejus
548 1623 735 1672 organa
768 1607 967 1655 insolito
1003 1606 1133 1654 ciere
1167 1613 1323 1664 motu,
1356 1604 1548 1668 qualem

64 1750 65 1753 ¹
144 1684 583 1736 animadvertimus
606 1684 659 1731 in
681 1683 883 1731 insanis.
954 1682 1053 1730 Alii
1087 1698 1205 1745 ergo
1232 1681 1428 1728 insanos
1462 1697 1550 1743 ap-

47 1802 70 1830 v.
141 1761 472 1828 ÷pellaverunt,
490 1776 612 1824 quos
635 1759 718 1807 alii
740 1774 1101 1823 enurgumenos
1123 1777 1134 1805 :
1175 1757 1419 1821 hodieque
1443 1771 1549 1804 eos-

150 1837 266 1887 dem
285 1836 509 1885 homines
532 1835 645 1884 Itali
667 1842 849 1883 vocant
862 1833 1017 1898 pazzi
1040 1840 1090 1881 et
1112 1832 1359 1897 spiritati.

66 1927 70 1982 ξ
148 1956 151 1957 ⁷
219 1912 436 1976 Magnus
453 1920 560 1960 erat
578 1911 829 1975 quondam
846 1910 898 1958 in
914 1910 1037 1958 urbe
1056 1908 1413 1957 Abderensium
1432 1923 1549 1955 con-

11 2031 12 2034 *
63 2008 78 2046 τ
152 1989 316 2039 fluxus
354 1988 526 2054 populi
566 1987 631 2036 ad
671 1987 938 2044 theatrum,
970 2002 1083 2033 cum
1123 1991 1352 2048 ageretur
1386 1983 1551 2031 fabula

54 2099 64 2120 „-.
153 2063 501 2121 Andromedae,
524 2064 697 2112 aestivo
722 2072 774 2111 et
804 2061 1026 2110 fervente
1050 2060 1160 2115 die;
1195 2059 1327 2107 unde
1360 2067 1550 2122 specta-

51 2165 74 2199 ’ς
150 2149 318 2190 torum
338 2156 522 2204 magna
542 2139 808 2188 multitudo
839 2138 1020 2202 partim
1043 2154 1075 2185 a
1097 2137 1258 2185 calore
1280 2135 1460 2199 partim
1486 2135 1548 2182 ab

66 2218 75 2271 ἶ
151 2215 265 2281 ipsa
304 2215 550 2279 tragoedia
593 2215 643 2262 in
688 2214 875 2262 febrem
922 2212 1209 2270 incidentes,
1251 2210 1385 2258 aliud
1428 2207 1550 2256 nihil

54 2306 81 2356 ‘3
157 2291 323 2340 dicere
342 2298 611 2355 potuerunt
642 2298 823 2353 praeter
845 2288 1048 2346 iambos,
1074 2303 1195 2351 quos
1218 2287 1279 2334 ab
1303 2284 1550 2333 actoribus

155 2366 211 2416 in
247 2366 493 2430 tragoedia
532 2365 793 2414 audierant
834 2364 1097 2418 recitatos;
1145 2363 1207 2410 ab
1255 2363 1346 2409 hac
1386 2367 1550 2408 autem

49 2442 68 2496 ’ἶ
158 2442 351 2492 insania
392 2442 767 2506 superveniente
821 2440 998 2504 hyeme
1052 2438 1244 2487 liberati
1289 2444 1403 2484 sunt
1428 2456 1441 2490 ;
1500 2442 1552 2482 et

158 2518 366 2584 proinde
387 2518 494 2566 visa
528 2525 604 2566 est
636 2515 933 2581 processisse
967 2515 1029 2563 ab
1052 2514 1138 2562 illa
1158 2511 1382 2576 passione
1405 2526 1552 2573 quam

58 2586 86 2631 ῗ
158 2594 336 2644 animis
359 2602 693 2658 spectatorum
723 2592 1037 2656 impresserat
1064 2587 1319 2652 tragoedia.
1391 2585 1552 2633 Etiam

55 2661 63 2698 s
161 2669 215 2718 in
237 2669 438 2718 civitate
460 2668 558 2717 alia
579 2668 753 2716 Graeca
773 2666 978 2714 insaniae
1001 2664 1186 2728 species
1209 2662 1305 2709 alia
1327 2659 1552 2723 quaedam

161 2753 275 2795 orta
308 2752 399 2803 est,
436 2761 547 2808 quae
579 2745 631 2792 in
671 2741 1060 2791 adolescentulas
1096 2738 1315 2787 incidens
1347 2735 1465 2784 fecit
1495 2742 1553 2783 ut

160 2837 333 2870 earum
356 2820 523 2869 multae
554 2836 606 2868 se
638 2817 997 2884 suspenderint.
1069 2816 1179 2863 Hoc
1208 2821 1373 2861 autem
1397 2827 1427 2859 a
1447 2810 1554 2874 plu-
