1910 3236
111 409 211 440 CAP.
227 410 311 442 ΧΠ.

129 466 305 481 -v-—d

100 506 145 535 De
157 506 301 545 religIone.

362 266 423 308 88
881 276 950 307 mc
980 274 1219 307 HOMINE.

362 404 472 436 suos
511 387 860 451 produxerunt,
899 387 950 433 id
989 394 1077 445 est,
1114 387 1288 450 quibus
1323 387 1479 434 causis
1514 385 1738 434 secundis

363 464 640 521 utebantur,
666 464 714 522 ii,
740 462 822 524 qui
846 462 962 524 quid
985 462 1048 510 sit
1072 479 1271 510 causam
1295 480 1403 510 esse
1425 463 1663 520 nesciunt,
1687 461 1739 509 id

364 548 454 598 est,
490 539 698 586 maxima
732 554 842 600 pars
879 538 1144 595 hominum,
1180 538 1374 601 penitus
1415 538 1736 602 ignorabant3

360 631 517 678 neque
541 615 680 662 aliter
706 613 946 676 conjicere
969 622 1234 676 potuerunt
1258 631 1404 677 quam
1429 630 1487 662 ex
1513 615 1739 662 observa-

359 691 491 738 tione
529 698 579 737 et
610 689 843 736 memoria
871 690 1071 748 ordinis,
1105 706 1201 753 quo
1236 697 1454 752 tempore
1487 690 1738 752 praeterito

359 783 457 813 una
487 781 563 812 res
596 765 740 811 aliam
764 765 1027 812 antecessit
1050 765 1126 812 vel
1151 773 1452 828 consequuta
1475 772 1562 823 e‘st,
1587 781 1739 828 quan-

361 858 506 904 quam
546 840 728 887 nullam
769 840 897 887 inter
939 839 1278 888 antecedentia
1313 848 1362 891 et
1396 841 1741 903 subsequentia

360 915 730 964 connectionem
753 915 980 963 viderint.
1052 916 1222 978 Itaque
1246 932 1276 963 a
1299 915 1534 963 similibus
1564 923 1740 979 praete-

359 991 463 1038 ritis
479 990 652 1038 similia
667 991 988 1054 expectabant
1002 990 1182 1049 futura,
1192 991 1546 1054 sperabantque
1560 991 1739 1037 bonam

360 1074 444 1114 aut
458 1066 635 1114 malam
652 1066 898 1114 fortunam
917 1067 976 1114 ab
997 1067 1090 1114 illis
1109 1068 1252 1114 rebus
1271 1083 1379 1130 quae
1402 1065 1739 1114 nihilomnino

360 1142 563 1206 speratis
605 1143 992 1191 contribuebant.
1065 1143 1143 1190 Sic
1169 1143 1504 1200 Athenienses,
1541 1148 1741 1205 propter

359 1234 436 1265 res
471 1218 535 1265 ad
569 1218 878 1281 Naupactum
915 1234 944 1265 a
983 1218 1272 1266 Phormione
1308 1226 1480 1266 contra
1515 1217 1740 1265 Lacedae-

358 1293 547 1341 monios
580 1294 704 1341 bene
738 1302 915 1357 gestas,
948 1294 1031 1341 illo
1067 1302 1278 1353 mortuo,
1311 1294 1460 1341 alium
1488 1293 1742 1356 elegerunt

360 1369 730 1423 Phormionem;
767 1369 887 1416 item
919 1369 1142 1427 Romani,
1167 1377 1368 1432 propter
1391 1384 1468 1416 res
1499 1368 1551 1416 in
1574 1367 1742 1415 Africa

360 1452 532 1492 contra
570 1444 861 1492 Annibalem
897 1443 1103 1491 feliciter
1144 1451 1305 1506 gestas
1346 1461 1375 1491 a
1413 1443 1655 1507 Scipione,
1689 1443 1740 1490 in

360 1519 529 1567 eadem
563 1519 731 1567 Africa
765 1520 1108 1582 imperatorem
1143 1519 1395 1582 elegerunt
1431 1527 1600 1566 contra
1632 1518 1740 1566 Cae-

360 1611 518 1643 sarem
555 1595 702 1642 alium
742 1595 1018 1658 Scipionem
1040 1613 1050 1641 :
1093 1595 1236 1642 ambo
1262 1594 1534 1642 infeliciter.
1605 1594 1740 1642 Idem

359 1670 464 1718 aliis
487 1671 606 1718 locis
631 1678 680 1718 et
702 1671 999 1733 temporibus
1023 1670 1301 1718 factitatum
1326 1679 1414 1718 est.
1475 1671 1740 1718 Fortunam

360 1762 496 1794 suam
519 1745 616 1803 alii,
641 1753 751 1808 post
775 1745 897 1793 duos
915 1745 992 1793 vel
1015 1753 1114 1793 tres
1140 1762 1278 1793 casus
1302 1746 1496 1804 similes,
1521 1761 1740 1808 personae

359 1821 504 1869 alicui
535 1821 714 1868 astanti
738 1821 812 1868 vel
846 1821 1096 1869 fortunato
1127 1822 1489 1870 infortunatove
1521 1822 1629 1869 loco
1654 1823 1740 1870 tri—

358 1896 584 1944 buerunt.
656 1897 751 1943 Alii
778 1897 938 1944 verbis
972 1898 1257 1960 quibusdam
1281 1898 1496 1961 prolatis,
1521 1914 1641 1961 quas
1665 1898 1739 1946 in-

361 1972 661 2020 cantationes
691 1979 882 2031 vocant,
907 1980 1094 2021 tantam
1128 1974 1360 2022 virtutem
1392 1974 1659 2031 ascribunt,
1684 1982 1741 2022 ut

359 2063 536 2111 panem
567 2049 619 2096 in
652 2048 915 2107 hominem,
942 2049 1177 2112 quidlibet
1206 2050 1255 2097 in
1287 2050 1540 2113 quodlibet
1563 2050 1740 2098 mutari

358 2139 502 2186 posse
524 2130 715 2187 putent.

426 2198 607 2257 Tertio,
628 2199 800 2257 cultus,
821 2199 902 2261 qui
921 2198 1153 2262 potentiis
1171 2198 1506 2255 invisibilibus,
1522 2199 1739 2248 dictante

360 2274 462 2321 sola
478 2282 667 2332 natura,
689 2274 905 2322 exhiberi
922 2282 1097 2338 potest,
1118 2274 1239 2322 alius
1257 2291 1357 2322 non
1382 2283 1455 2322 est
1479 2291 1623 2338 quam
1642 2292 1739 2339 quo

359 2349 580 2397 homines
636 2349 907 2412 superiores
963 2366 1073 2397 suos
1132 2350 1290 2397 colere
1348 2359 1705 2400 consueverunt
1726 2373 1737 2407 ;

359 2440 532 2487 nempe
557 2425 697 2487 signa
714 2424 911 2472 honoris
930 2433 978 2472 et
996 2425 1295 2482 reverentiae,
1316 2433 1372 2472 ut
1390 2425 1532 2484 dona,
1551 2442 1738 2490 preces,

358 2501 546 2562 gratiae,
572 2500 844 2559 submissio,
869 2500 1081 2563 alloquia
1112 2508 1161 2548 et
1183 2509 1350 2563 gestus
1375 2501 1554 2559 decori,
1575 2510 1625 2550 et
1648 2503 1738 2551 hu-

354 2576 567 2638 jusmodi
608 2576 714 2624 alia.
785 2576 913 2623 Nam
970 2576 1206 2624 sacrificia
1247 2584 1449 2624 cruenta
1494 2577 1738 2626 dictamen

358 2659 546 2699 naturae
570 2668 668 2699 non
692 2659 821 2709 sunt,
841 2659 895 2699 ut
920 2668 1028 2715 quae
1052 2652 1112 2699 ab
1137 2651 1276 2698 initio
1301 2651 1363 2699 ad
1389 2652 1738 2701 sacrificatores

360 2726 556 2774 alendos
580 2743 610 2774 a
633 2726 909 2774 civitatibus
933 2726 1156 2774 instituta
1179 2735 1333 2774 erant.
1384 2727 1555 2790 Neque
1579 2727 1738 2776 cultus

359 2801 593 2848 naturalis
617 2801 808 2849 videtur
832 2817 934 2849 esse
961 2801 1318 2865 jusjurandum,
1344 2803 1457 2865 quia
1480 2810 1618 2850 extra
1641 2810 1737 2851 sta-

359 2882 463 2922 tum
483 2876 670 2924 civilem
691 2878 967 2940 juramento
992 2893 1091 2925 non
1115 2886 1189 2926 est
1212 2877 1358 2925 locus.
1431 2878 1574 2926 Ratio
1597 2886 1738 2927 natu-
