1968 3236
518 258 588 290 DE
615 257 875 291 mvn-Are
903 255 1261 290 cnms‘rmim.
1480 243 1585 286 315

195 369 384 418 venisse
418 369 482 416 ad
517 385 599 415 eos
636 369 839 424 Mosem,
867 384 964 415 non
1000 367 1202 415 consilio
1238 381 1326 413 suo
1361 373 1413 413 et
1453 380 1587 412 com·
1641 386 1828 420 xxxvii.

196 445 327 494 modi
350 445 423 493 sui
449 461 609 501 causa,
635 445 719 491 sed
747 445 944 491 missum
969 461 998 491 a
1023 444 1142 491 Deo.
1213 440 1423 491 Quando
1455 441 1586 488 enim
1627 441 1845 513 ιῆίᾗ

191 522 402 586 jusserat
439 520 573 567 illum
617 520 745 567 Deus
788 519 1029 566 israelitas
1064 535 1093 566 a
1129 518 1363 566 servitute
1404 516 1590 580 AEgyp-
1627 532 1768 556 eteorum
1782 534 1849 554 ιιειι

198 598 329 646 tiaca
362 596 585 653 liberare,
612 595 736 642 dixit
765 596 868 641 Deo
903 595 1082 651 Moses,
1111 592 1286 654 (Exod.
1311 592 1374 640 iv.
1407 594 1472 654 1),
1498 608 1593 639 non

197 673 316 720 milei
351 671 573 728 credent,
599 671 694 717 sed
723 671 907 727 (licent,
934 670 1175 717 Dominus
1216 686 1309 716 non
1347 668 1595 733 apparuit

197 748 333 796 mihi.
404 748 701 795 Potestatem
729 763 846 809 ergo
871 747 941 793 illi
966 745 1102 793 dedit
1125 746 1258 793 Deus
1281 742 1596 793 convertendi

198 823 404 886 virgam,
429 839 574 886 quam
607 824 656 870 in
696 839 842 870 manu
885 823 1111 879 habebat,
1136 821 1187 869 in
1227 830 1521 885 serpentem,
1544 827 1597 867 et

198 915 380 956 rursus,
405 908 680 962 serpentem
716 898 1030 946 convertendi
1063 898 1113 945 in
1153 898 1373 961 virgam3
1409 905 1460 944 et
1497 910 1595 942 ma·

197 990 315 1024 num
339 991 477 1023 suam
502 975 741 1038 leprosam
768 974 994 1030 faciendi,
1019 983 1068 1021 et
1091 989 1261 1020 rursus
1290 971 1513 1029 sanandi,
1537 986 1597 1018 eo

197 1052 295 1099 fine
331 1061 386 1099 ut
410 1051 668 1098 crederent
703 1050 938 1098 Israelitae
973 1049 1130 1096 Deum
1163 1059 1360 1112 patrum
1398 1062 1598 1096 suorum

199 1127 269 1175 illi
308 1126 606 1190 apparuisse.
691 1127 812 1173 Cum
847 1118 1279 1185 auterm'fme‘racula
1304 1125 1411 1172 haec
1435 1137 1600 1171 coram

204 1202 386 1267 populo
408 1211 639 1265 operatus
663 1211 804 1255 esset,
820 1210 938 1248 tunc
962 1202 1105 1260 (vers.
1127 1203 1213 1261 31)
1242 1200 1422 1248 dicitur
1438 1207 1603 1263 popu-

202 1278 299 1325 lum
338 1278 418 1324 illi
456 1277 756 1324 credidisse.
830 1276 1041 1339 Populus
1071 1283 1236 1323 tamen
1274 1275 1344 1323 illi
1375 1290 1476 1322 non
1505 1282 1604 1321 sta-

201 1354 291 1402 tim
339 1353 573 1410 obedivit,
616 1362 838 1399 metuens
888 1351 1208 1399 Pharaonem.
1295 1350 1405 1398 Alia
1454 1349 1606 1413 igitur

207 1429 456 1476 miracula
498 1428 614 1476 fecit
649 1428 797 1483 DeuS,
821 1427 1102 1491 percutiens
1132 1427 1405 1490 AEgyptios,
1429 1425 1515 1473 sed
1545 1424 1607 1472 de

204 1521 265 1554 eo
296 1506 396 1553 fine
429 1514 484 1553 ut
522 1505 651 1552 Mosi
684 1504 918 1552 Israelitae
956 1502 1229 1550 crederent.
1300 1501 1534 1550 Similiter
1564 1504 1606 1550 si

204 1581 449 1629 miracula
494 1581 626 1628 facta
672 1597 702 1627 a
737 1580 841 1627 Deo
885 1595 974 1643 per
1010 1579 1199 1625 Mosem
1244 1578 1604 1641 prophetasque

203 1672 356 1720 usque
389 1656 453 1703 ad
488 1656 837 1719 captivitatem,
864 1662 1011 1717 atque
1044 1669 1117 1711 ea,
1142 1669 1252 1716 quae
1282 1652 1415 1700 facta
1436 1661 1554 1700 sunt
1576 1667 1606 1698 a

204 1732 465 1780 Servatore
504 1740 675 1778 nostro
717 1740 767 1777 et
804 1729 1052 1792 Apostolis
1075 1730 1196 1791 ejus,
1221 1727 1605 1777 consideraveri-

205 1823 330 1866 mus,
353 1808 656 1855 inveniemus
678 1806 811 1853 facta
834 1821 940 1852 esse
965 1820 1023 1852 eo
1046 1805 1144 1851 fine
1169 1804 1350 1862 omnia,
1373 1812 1430 1851 ut
1457 1802 1605 1851 fidem

204 1885 424 1932 facerent
465 1882 543 1929 vel
584 1882 949 1938 confirmarent,
975 1896 1075 1927 non
1110 1879 1364 1928 advenisse
1399 1895 1483 1927 eos
1518 1895 1607 1927 sua

206 1958 423 2023 ipsorum
453 1973 615 2014 causa,
646 1955 732 2004 sed
761 1973 791 2003 a
820 1956 923 2003 Deo
958 1955 1130 2003 missos
1162 1955 1327 2003 fuisse.
1398 1955 1503 2002 Nec
1534 1962 1606 2002 ta-

207 2049 321 2081 men
351 2031 702 2079 miraculorum
732 2047 907 2095 scopus
942 2039 1049 2078 erat
1081 2031 1344 2078 universim
1376 2030 1426 2078 in
1450 2031 1605 2078 omni-

209 2109 302 2156 bus
322 2107 470 2155 fidem
491 2107 670 2163 facere,
695 2107 782 2155 sed
805 2107 856 2154 in
880 2106 1049 2154 electis
1082 2114 1292 2166 tantum,
1316 2122 1510 2170 nempe,
1547 2106 1606 2154 iis

211 2183 297 2247 qui
329 2182 548 2231 salvandi
584 2191 742 2230 erant.
813 2183 1071 2245 Plagarum
1107 2183 1238 2230 enim
1271 2182 1472 2245 AEgypti
1496 2181 1607 2229 finis

211 2274 314 2307 non
340 2266 446 2306 erat
473 2258 726 2306 conversio
745 2258 1026 2317 Pharaonis,
1053 2260 1192 2322 cujus
1226 2274 1313 2306 cor
1343 2257 1609 2305 obduratu-

213 2349 324 2381 rum
357 2349 408 2380 se
442 2348 547 2380 esse
581 2332 876 2395 praedixerat
910 2334 1060 2392 Deus,
1085 2350 1147 2381 ne
1192 2333 1428 2397 populum
1474 2333 1609 2380 abire

214 2410 431 2461 sineret;
480 2416 530 2454 et
554 2406 776 2456 Pharaoh
800 2425 912 2456 cum
937 2425 1021 2457 eos
1045 2408 1246 2466 dimisit,
1271 2425 1370 2456 non
1395 2409 1609 2455 miracu·

216 2484 300 2542 lis,
319 2482 405 2531 sed
428 2481 583 2545 plagis
618 2491 776 2532 motus
805 2484 857 2532 id
892 2484 1024 2532 fecit.
1096 2484 1220 2532 Item
1255 2483 1316 2531 de
1351 2484 1611 2531 Servatore

218 2566 388 2606 nostro
428 2556 633 2618 (Matth.
657 2558 759 2607 xiii.
786 2562 872 2622 58)
911 2560 1150 2623 scriptum
1187 2567 1288 2607 est:
1325 2575 1420 2606 non
1454 2557 1610 2605 multa

219 2631 465 2681 miracula
489 2639 748 2696 operatum
769 2633 908 2683 illum
926 2652 1038 2683 esse
1056 2635 1107 2682 in
1126 2635 1307 2699 patria
1325 2650 1434 2691 sua,
1450 2649 1610 2698 prop-

220 2714 302 2756 ter
324 2722 488 2755 eorum
515 2706 918 2757 incredulitatem
938 2729 956 2765 ,·
993 2718 1043 2758 et
1069 2710 1247 2771 (Marc.
1271 2709 1335 2756 vi.
1362 2711 1412 2765 5)
1439 2708 1609 2756 scribi-

220 2795 319 2845 tur,
354 2801 447 2832 nou
484 2791 690 2848 poterat
727 2785 798 2834 ibi
837 2788 1069 2835 virtutem
1109 2787 1260 2835 ullam
1275 2787 1485 2851 facere,
1509 2786 1611 2834 nisi

219 2877 414 2926 paucos
460 2858 681 2921 infirmo-3
727 2860 975 2926 imperitis
1022 2862 1244 2910 ’nauibus
1283 2862 1480 2911 curavit
1496 2881 1513 2917 ‚-
1561 2868 1612 2910 et
