1968 3236
172 388 374 423 xxxvm.

175 445 363 465 s—W—-ae

141 485 186 512 De
195 485 403 521 significatione

141 537 227 564 quam
247 529 355 557 habent
373 531 403 558 in

142 571 298 608 Scripturis
309 573 404 601 Sacris

141 615 291 649 vocabula,
303 620 355 644 etc.

421 248 514 291 332
740 257 810 290 DE
838 253 1092 289 CIVITATE
1119 253 1475 288 CHRISTIANA.

418 385 552 433 gum,
595 384 749 432 neque
788 367 962 414 trieris
997 381 1180 429 magna
1218 363 1629 429 transgredietur
1675 378 1796 411 eum.

421 443 657 490 Dominus
681 442 805 489 enim
816 441 979 503 judex
1003 446 1187 498 noster,
1212 440 1451 487 Dominus
1476 439 1665 504 legifer
1688 455 1799 487 nos-

422 525 514 576 ter,
540 518 775 566 Dominus
798 532 889 563 rex
909 522 1078 563 noster
1096 533 1115 569 ;
1151 515 1264 579 ipse
1283 514 1500 562 salvabit
1515 529 1615 561 nos,
1658 512 1798 559 Lax-

421 594 496 640 ati
513 600 625 639 sunt
628 591 855 656 funiculi
880 591 968 650 tui,
993 590 1087 638 sed
1100 589 1546 654 nonproevalebunt
1561 607 1579 643 ;
1604 588 1678 635 sic
1696 587 1798 635 erit

419 668 576 715 malus
601 675 726 725 tuus,
760 673 813 713 ut
835 665 1058 713 dilatare
1080 665 1276 729 signum
1299 681 1393 712 non
1416 680 1586 729 queas.
1664 663 1798 710 Tunc

421 743 699 791 dividentur
735 741 900 805 spolia
937 741 1236 806 praedarum
1281 740 1539 788 multarum
1560 758 1579 794 ;
1626 738 1797 787 claudi

422 818 664 882 diripient
708 817 956 880 rapinam.
1026 815 1137 862 Nec
1175 815 1310 862 dicet
1331 815 1536 873 vicinus,
1574 813 1795 878 elangui.

421 892 640 957 Populus
676 893 762 956 qui
798 891 996 939 habitat
1031 891 1082 938 in
1118 907 1194 950 ea,
1228 891 1490 955 auferetur
1524 889 1586 937 ab
1621 906 1678 937 eo
1703 889 1798 937 ini-

420 968 601 1030 quitas.

486 1043 673 1091 Quibus
710 1043 869 1090 verbis
909 1042 1192 1105 designatur
1231 1041 1405 1104 primo,
1439 1040 1575 1088 locus
1610 1040 1797 1100 salutis,

418 1117 699 1166 Jerusalem
734 1117 980 1165 habitatio
1027 1117 1264 1182 opulenta
1283 1135 1302 1171 ;
1337 1116 1566 1175 secundo,
1602 1115 1797 1163 duratio

419 1195 534 1256 ejus,
577 1193 946 1240 tabernaculum
992 1193 1128 1256 quod
1171 1208 1478 1256 nequaquam
1519 1190 1797 1254 transferri

410 1269 603 1332 poterit
618 1287 636 1324 ,·
671 1268 834 1327 tertio,
869 1268 1078 1315 salvator
1113 1267 1220 1330 quis
1256 1266 1334 1325 sit,
1369 1265 1609 1314 Dominus
1631 1265 1799 1328 judex

417 1351 599 1403 noster,
639 1344 828 1409 legifer
863 1350 1047 1401 noster,
1083 1358 1175 1390 reoe
1208 1348 1379 1389 noster
1404 1359 1423 1396 ,·
1460 1347 1650 1404 quarto,
1691 1341 1801 1405 ipsa

419 1420 619 1467 salvatio
655 1420 810 1483 qualis
835 1427 922 1478 est,
951 1418 1086 1466 locus
1092 1418 1380 1480 fluviorum,
1405 1416 1502 1463 rivi
1526 1415 1762 1464 latissimi
1775 1434 1798 1471 ,-

419 1495 603 1557 quint0,
624 1495 840 1543 conditio
865 1510 1033 1542 eorum
1058 1493 1142 1556 qui
1166 1492 1497 1550 salvabuntur,
1531 1508 1625 1539 non
1661 1491 1796 1540 dicet

417 1570 617 1629 vicinus,
651 1570 856 1635 elangui
870 1589 890 1625 ,·
926 1577 1080 1628 sexto,
1116 1568 1330 1616 conditio
1365 1567 1594 1625 hostium,
1630 1566 1797 1615 laxati

419 1652 532 1692 sunt
536 1646 783 1709 funiculi,
802 1646 895 1693 sed
906 1662 1001 1693 non
1012 1643 1358 1709 praevalebunt
1377 1650 1478 1698 etc;
1503 1649 1796 1706 prostremo,

419 1721 728 1769 continentur
758 1722 864 1769 haec
901 1721 1065 1768 omnia
1105 1719 1283 1767 civium
1318 1734 1553 1782 prospera
1597 1718 1795 1766 nomine

418 1797 711 1845 remissionis
739 1805 1067 1860 peecatorum,
1092 1794 1288 1860 populo
1307 1794 1588 1842 dimittetur
1611 1793 1797 1858 iniqui-

420 1877 499 1918 tas
523 1874 643 1935 ejus.
715 1873 904 1922 Quibus
928 1871 1086 1920 verbis
1108 1870 1417 1934 perspicuum
1447 1869 1640 1918 videtur
1673 1885 1795 1929 esse,

420 1946 731 1995 salvationem
746 1948 795 1995 in
815 1955 948 1995 terra
965 1955 1084 1995 tunc
1100 1947 1318 1994 futuram
1338 1961 1456 2003 esse,
1474 1944 1669 2008 quando
1683 1960 1796 2008 reg-

420 2022 554 2069 nabit
579 2023 724 2081 Deus,
748 2023 799 2070 in
823 2022 1037 2070 adventu
1061 2021 1255 2079 Christi,
1279 2021 1331 2068 in
1360 2020 1657 2075 Jerusalem
1693 2027 1743 2068 et
1765 2036 1796 2068 a

417 2096 682 2145 Jerusalem
706 2098 970 2162 procedere
1005 2098 1182 2146 debere
1217 2097 1422 2144 salutem
1456 2097 1708 2160 gentium:
1743 2096 1793 2144 id

419 2173 548 2234 quod
572 2174 784 2236 apertius
803 2174 949 2221 etiam
973 2172 1248 2221 declaratur
1267 2173 1328 2220 ab
1347 2172 1519 2220 eodem
1538 2172 1794 2235 propheta,

423 2248 547 2311 (cap.
572 2249 683 2296 lxvi.
709 2254 788 2307 20,
813 2250 899 2310 21)
925 2267 935 2295 :
988 2249 1063 2295 Et
1098 2248 1349 2296 adducent
1396 2263 1558 2295 omnes
1579 2247 1795 2311 fratres

419 2330 607 2370 vestros
649 2323 710 2370 de
751 2323 942 2371 cunctis
976 2322 1228 2387 gentibus,
1267 2322 1444 2369 donum
1478 2322 1706 2381 Domino,
1741 2322 1794 2370 in

418 2397 573 2460 equis,
593 2404 643 2445 et
667 2398 717 2445 in
742 2398 1028 2462 quadrigis,
1052 2404 1101 2445 et
1121 2397 1170 2445 in
1187 2397 1399 2455 lecticis,
1432 2397 1547 2445 etin
1562 2396 1723 2456 mulis,
1743 2403 1795 2446 et

418 2472 465 2517 in
492 2473 735 2532 carrucis,
760 2473 832 2520 ad
852 2479 1054 2520 montem
1079 2480 1301 2521 sanctum
1325 2489 1476 2520 meum
1494 2472 1792 2533 Jerusalem,

418 2546 540 2594 dicit
562 2547 814 2607 Dominus,
850 2548 1086 2612 quomodo
1117 2549 1164 2595 si
1199 2548 1423 2612 inferant
1441 2547 1554 2611 filii
1577 2547 1793 2596 Israelis

417 2638 582 2669 nzunus
607 2623 657 2670 in
691 2639 810 2671 vase
831 2623 1005 2671 mundo
1027 2623 1077 2670 in
1101 2624 1289 2671 domum
1311 2623 1545 2672 Domini:
1578 2629 1629 2672 et
1651 2639 1794 2672 assu-

416 2713 538 2744 mam
561 2714 622 2745 ex
650 2698 722 2746 eis
760 2698 810 2746 in
837 2698 1127 2745 sacerdotes
1155 2705 1205 2746 et
1233 2698 1450 2758 Levitas,
1475 2698 1602 2747 dicit
1624 2699 1794 2748 Domi-

417 2788 520 2820 nus.
590 2773 800 2836 Intelligi
822 2773 936 2821 hinc
958 2780 1121 2836 potest
1144 2773 1355 2822 civitatis
1379 2775 1590 2823 eoelestis
1613 2790 1792 2834 arcem,

418 2846 546 2894 unde
581 2848 707 2896 salus
741 2849 966 2912 gentibus
990 2848 1254 2897 derivanda
1276 2849 1354 2907 sit,
1379 2849 1596 2899 futuram
1619 2865 1723 2899 esse
1741 2851 1792 2899 in
