1910 3236
380 184 438 225 34
895 190 965 223 DE
993 189 1234 223 HOMINE.

159 327 261 359 CAp,
277 327 323 360 v,
377 302 549 366 incipit
571 301 948 360 definitionibus,
967 301 1080 349 inde
1097 301 1162 350 ad
1179 301 1394 365 plurium
1412 300 1752 349 definitionum

144 381 334 451 m
381 377 777 440 consequentiam
800 377 1011 440 aliquam
1034 376 1271 439 procedit,
1297 384 1346 424 et
1368 376 1482 424 inde
1506 375 1569 423 ad
1591 375 1753 424 aliam.

149 467 318 495 etseientia·
384 454 512 502 Nam
536 452 857 500 conclusionis
893 452 1078 499 ultimae
1114 451 1356 500 certitudo
1390 451 1525 498 nulla
1554 458 1630 498 est
1652 450 1756 499 sine

383 528 671 577 certitudine
701 527 1076 575 affirmationum
1108 535 1158 575 et
1187 528 1505 591 negationum
1528 542 1558 574 a
1580 527 1756 589 quibus

383 604 650 667 composita
678 610 726 651 et
748 603 883 651 illata
912 610 1001 651 est.
1072 603 1210 651 Sicut
1242 603 1372 651 enim
1406 601 1756 666 paterfamilias

381 680 527 728 villici
551 679 624 727 sui
646 679 858 727 rationes
891 679 1168 743 inspiciens,
1206 678 1555 727 summularum
1590 678 1758 741 singu-

382 755 539 802 lorum
570 770 803 818 generum
827 771 1037 803 summas
1062 755 1114 802 in
1135 770 1285 802 unam
1318 754 1523 802 totalem
1554 753 1756 816 colligit,

382 847 473 878 nec
496 846 558 878 an
580 830 675 878 illae
699 830 951 878 summulae
973 837 1107 878 recte
1131 830 1352 878 confecte
1372 829 1432 877 ab
1457 829 1518 877 iis
1540 829 1652 888 sint,
1674 828 1759 891 qui

382 906 621 953 rationem
644 905 883 953 reddituri
906 912 1035 964 sunt,
1052 905 1315 964 examinat,
1336 905 1489 952 nihilo
1511 904 1621 968 plus
1642 919 1758 967 pro-

382 981 500 1040 ficit,
527 998 672 1045 quam
696 982 738 1030 si
759 981 947 1045 peritiae
969 982 1296 1045 probitatique
1314 980 1464 1029 villici
1487 980 1562 1028 sui
1584 979 1757 1038 fidens,

383 1057 595 1105 rationes
628 1057 826 1105 omnino
857 1073 956 1105 non
990 1057 1290 1120 requireret:
1327 1055 1500 1104 eodem
1521 1055 1684 1113 modo,
1707 1054 1760 1102 in

384 1132 653 1180 rationibus
677 1148 1075 1196 quarumcunque
1099 1148 1278 1191 rerum,
1306 1132 1390 1194 qui
1412 1131 1518 1179 illas
1543 1129 1762 1179 admittit

385 1208 643 1255 authorum
677 1208 883 1256 aliorum
916 1207 1028 1266 fide,
1061 1223 1152 1256 nec
1186 1224 1216 1255 a
1243 1207 1522 1255 nominibus
1557 1204 1761 1270 singulis

386 1283 489 1346 ipse
530 1282 741 1341 deducit,
787 1282 867 1330 ille
908 1298 1106 1345 operam
1146 1282 1288 1341 ludit,
1335 1282 1405 1330 nil
1449 1281 1628 1341 sciens,
1674 1279 1761 1329 sed

386 1366 578 1407 tantum
602 1360 823 1408 credens,

455 1434 664 1484 Quando
708 1435 880 1499 aliquis
926 1435 1243 1483 ratiocinatur
1297 1434 1400 1482 sine
1448 1449 1542 1482 usu
1587 1433 1761 1482 verbo-

387 1526 511 1567 rum,
537 1510 668 1572 quod
689 1510 794 1558 fieri
815 1517 977 1573 potest
995 1510 1046 1557 in
1068 1510 1345 1558 nominibus
1368 1509 1634 1557 individuis
1655 1529 1667 1564 ;
1702 1516 1762 1556 ut

386 1585 582 1649 quando
627 1601 730 1632 rem
789 1585 1002 1648 aliquam
1046 1585 1265 1632 videntes
1312 1584 1596 1647 conjicimus
1643 1584 1761 1647 quid

385 1660 688 1723 praecessisse
709 1659 788 1707 vel
812 1667 1091 1707 secuturum
1115 1675 1218 1707 esse
1235 1659 1496 1707 verisimile
1515 1659 1577 1706 sit
1596 1679 1608 1714 ;
1645 1659 1685 1706 si
1710 1659 1761 1706 id

385 1735 516 1798 quod
538 1735 796 1783 verisimile
816 1742 889 1783 est
906 1751 1063 1799 neque
1080 1735 1328 1799 praecessit
1345 1750 1504 1797 neque
1522 1734 1758 1798 sequitur,

386 1810 437 1857 id
458 1811 509 1858 in
532 1811 853 1859 ratiocinante
876 1811 1149 1874 appellatur
1172 1826 1334 1858 error.
1403 1810 1570 1858 Errori
1593 1818 1759 1858 autem

386 1885 585 1933 obnoxii
626 1895 739 1934 sunt
772 1887 992 1934 homines
1032 1887 1179 1935 etiam
1212 1886 1591 1950 prudentissimi.
1663 1886 1762 1934 Sed

387 1960 579 2023 quando
623 1962 675 2009 in
719 1962 879 2009 verbis
924 1962 1273 2010 ratiocinamur
1316 1961 1684 2020 universalibus,
1720 1962 1761 2010 si

387 2035 656 2084 incidamus
696 2037 748 2084 in
794 2037 1152 2085 conclusionem
1192 2036 1514 2085 universalem
1555 2052 1758 2100 eamque

386 2110 573 2170 falsam,
605 2111 699 2159 etsi
721 2112 867 2175 vulgo
896 2127 1041 2159 error
1070 2112 1356 2176 appelletur,
1391 2128 1560 2160 revera
1593 2119 1761 2161 tamen

386 2194 462 2234 est
501 2186 807 2243 absurditas,
852 2187 904 2235 id
941 2194 1015 2235 est
1055 2187 1210 2235 oratio
1252 2187 1599 2250 insignificans.
1670 2187 1763 2236 Est

388 2262 519 2310 enim
542 2278 678 2310 error
701 2262 923 2326 deceptio
954 2262 1291 2326 praesumentis
1318 2270 1510 2311 tantum
1542 2262 1603 2311 de
1635 2279 1763 2327 prae-

387 2337 534 2386 terito
571 2338 648 2386 vel
684 2337 865 2397 futuro,
906 2354 1015 2402 quae
1051 2338 1143 2386 etsi
1187 2353 1304 2386 vera
1349 2354 1449 2386 non
1495 2346 1615 2397 erat,
1661 2354 1763 2388 non

389 2421 552 2461 tamen
574 2413 678 2461 visa
707 2420 780 2461 est
805 2413 1130 2477 impossibilis.
1199 2413 1382 2460 Verum
1414 2413 1610 2476 quando
1645 2430 1763 2463 con—

389 2489 539 2537 clusio
562 2489 845 2537 universalis
868 2496 958 2547 est,
982 2489 1074 2537 nisi
1105 2496 1157 2536 et
1177 2504 1297 2537 vera
1316 2488 1395 2547 sit,
1420 2490 1759 2554 conceptibilis

388 2580 487 2612 non
528 2578 616 2613 est.
683 2564 846 2612 Verba
881 2571 1062 2624 autem,
1098 2564 1272 2627 quibus
1308 2564 1430 2612 nihil
1464 2565 1763 2629 concipimus

387 2647 567 2702 praeter
607 2655 794 2700 sonum,
840 2639 1215 2703 insignificantia
1256 2639 1352 2688 dici
1391 2641 1549 2689 solent
1589 2649 1639 2690 et
1677 2642 1763 2690 ab-

389 2715 563 2770 surda;
611 2715 774 2779 qualia
818 2723 949 2773 sunt,
996 2715 1298 2780 quadratum
1342 2723 1420 2764 est
1464 2717 1728 2766 rotundum
1743 2735 1763 2773 ,·

388 2789 680 2839 substantia:
701 2796 815 2839 sunt
846 2790 1231 2845 immateriale-5,-
1266 2790 1494 2839 subditus
1517 2799 1593 2840 est
1617 2791 1761 2841 liber.
