1968 3236
511 267 581 301 nn
608 268 862 302 civrrA'rE
889 268 1244 303 camsrlANA.
1446 258 1562 310 '275

191 375 319 425 illius
359 393 458 425 non
494 377 588 426 fuit
623 380 859 443 propheta
898 381 1013 443 ipse.
1084 380 1226 428 Liber
1264 380 1413 428 Amos
1449 396 1563 443 pro-
1580 404 1843 437 CAprxm

0 491 37 535 ³:
190 451 356 516 phetia
388 452 536 516 ipsius
571 464 658 501 est.
728 456 805 503 An
839 465 1002 503 tamen
1034 456 1094 503 ab
1124 456 1229 519 ipso
1253 456 1459 519 scriptus
1483 455 1562 515 sit,
1581 459 1827 535 nem

7 527 41 563 Ψ·
190 542 291 576 non
314 538 527 591 apparet.
1579 550 1719 587 niquitate,
1732 528 1827 587 ὦ,

255 603 506 663 Jeremias,
543 604 723 652 Abdias
758 607 856 654 sive
891 606 1116 664 Obadias‚
1150 606 1343 654 Nahum
1377 613 1427 654 et
1463 606 1565 654 Ha-
1580 593 1848 674 ᾜζζζζῖζῖζ

191 678 360 738 bacuc,
382 681 528 728 Josiae
559 682 856 744 temporibus
891 682 1319 746 prophetaverunt.
1389 682 1814 730 Utrum¹¹¹¹¹¹¹¹mrum

192 762 354 803 antem
377 756 655 819 prophetias
678 773 789 805 suas
812 759 903 821 ipsi
937 758 1141 821 scriptas
1163 757 1432 815 ediderunt,
1456 757 1568 805 sciri

193 845 292 878 non
313 839 491 893 potest.
575 831 631 879 Id
654 832 782 894 quod
805 833 949 880 etiam
974 832 1034 879 de
1059 832 1324 890 Ezechiele,
1350 832 1568 886 Daniele,

193 905 379 969 Aggeo,
403 915 453 953 et
476 906 722 965 Zacharia,
746 909 827 971 qui
846 908 1072 956 vixerunt
1087 908 1137 955 in
1157 907 1436 971 captivitate
1450 908 1568 971 ipsa,

194 980 452 1029 dicendum
477 990 563 1040 est.

260 1056 469 1106 Quando
482 1066 643 1106 autem
664 1059 1077 1122 prophetaverunt
1093 1058 1201 1107 Joel
1220 1068 1270 1106 et
1286 1058 1568 1116 Malachias,

193 1131 491 1195 exipsorum
526 1134 793 1197 prophetiis
825 1150 924 1182 non
957 1131 1172 1199 asparet.
1241 1134 1569 1182 Veruntamen

194 1206 499 1255 manifestum
522 1210 638 1256 satis
661 1216 733 1256 est
748 1209 935 1256 Veteris
953 1209 1249 1256 Testamenti
1269 1199 1570 1272 Scripturam

196 1289 364 1340 totam,
388 1299 446 1331 ea
479 1282 636 1331 forma
672 1300 817 1347 quam
846 1300 976 1332 nunc
1006 1285 1239 1342 videmuS,
1264 1300 1421 1348 neque
1457 1292 1569 1331 ante

195 1357 404 1407 reditum
427 1375 457 1406 a
479 1360 758 1422 captivitate
775 1360 1083 1423 Babylonica,
1102 1376 1260 1423 neque
1277 1369 1389 1423 post
1408 1359 1569 1407 Ptolo-

194 1432 305 1481 maei
335 1433 632 1497 Philadelphi
662 1442 883 1498 tempora
916 1434 1097 1482 editam
1130 1435 1292 1482 fuisse.
1363 1433 1505 1488 Quod
1529 1433 1570 1480 si

194 1507 329 1556 libris
351 1508 518 1556 Esdrae
542 1510 846 1573 Apocryphis
868 1509 989 1557 fides
1018 1510 1240 1558 habenda
1270 1509 1348 1569 sit,
1372 1510 1432 1556 ab
1464 1509 1569 1572 ipso

195 1582 349 1631 Esdra
382 1582 513 1631 edita
544 1593 649 1639 oet;
698 1601 810 1632 nam
835 1590 862 1631 4
889 1585 1001 1632 Esd.
1025 1585 1120 1632 xiv.
1146 1591 1226 1643 21,
1252 1591 1332 1643 22,
1370 1593 1463 1632 etc.
1498 1585 1567 1631 sic

194 1658 450 1706 scribitur:
490 1658 728 1715 Quoniam
764 1659 846 1707 lex
880 1666 967 1707 tua
997 1659 1197 1707 incensa
1225 1667 1316 1718 est,
1347 1665 1567 1724 propter

193 1733 331 1797 quod
347 1749 480 1781 nemo
497 1734 592 1780 scit
614 1751 725 1798 quoe
742 1750 774 1781 α
789 1740 840 1782 te
842 1734 1003 1798 facta
1026 1740 1154 1793 sunt,
1170 1734 1251 1782 vel
1269 1750 1373 1798 quoe
1388 1734 1567 1798 incipi-

194 1813 278 1855 ent
297 1823 453 1872 opera
468 1826 486 1856 :
520 1808 566 1855 si
596 1808 755 1856 inveni
789 1809 838 1856 in
863 1815 913 1856 te
931 1809 1173 1873 gratiam,
1198 1808 1401 1856 immitte
1424 1807 1473 1855 in
1495 1824 1570 1855 me

195 1882 440 1948 Spiritum
459 1883 706 1941 Sanctum,
731 1890 781 1931 et
810 1884 1025 1932 scribam
1055 1900 1191 1932 omne
1212 1884 1348 1948 quod
1363 1883 1568 1948 sactum

193 1964 273 2007 est
285 1958 337 2006 in
351 1959 515 2006 seculo
533 1959 597 2006 ab
615 1959 885 2023 initio,quoe
899 1966 1045 2007 erant
1064 1960 1114 2007 in
1128 1959 1242 2025 lege
1257 1965 1342 2007 tua
1356 1959 1569 2023 scripta,

194 2039 251 2082 ut
261 2034 464 2099 possint
485 2034 700 2082 homines
724 2035 940 2083 invenire
962 2035 1198 2094 semitam,
1221 2042 1272 2083 et
1304 2035 1391 2100 qui
1412 2034 1569 2082 volue-

194 2108 299 2157 rint
318 2108 482 2157 vivere
505 2110 555 2158 in
578 2110 868 2170 novissimis,
892 2110 1070 2158 vivant.
1140 2110 1327 2159 Deinde
1344 2125 1466 2157 vers.
1486 2115 1568 2167 45,

194 2189 276 2232 46.
343 2183 415 2232 Et
440 2184 645 2248 factum
681 2191 770 2244 est,
807 2202 911 2233 cum
945 2185 1315 2249 complevissent
1349 2183 1570 2248 quadra-

191 2258 341 2325 ginta
364 2258 487 2318 dies,
511 2259 739 2323 loquutus
753 2266 829 2308 est
842 2260 1132 2308 Altissimus
1156 2261 1324 2309 dicens
1338 2278 1356 2307 .·
1381 2259 1568 2323 priora

195 2350 306 2397 Μ
322 2333 590 2398 scripsisti,
609 2333 659 2381 in
663 2333 841 2398 palam
849 2351 998 2399 pone,
1016 2341 1066 2383 et
1083 2334 1258 2400 legant
1272 2333 1417 2398 digni
1431 2339 1480 2380 et
1496 2332 1569 2380 in—

196 2407 341 2473 digna·
357 2426 377 2463 ‚·
409 2409 693 2456 novissimos
710 2416 867 2457 autem
889 2411 1215 2475 septuaginta
1238 2407 1566 2465 conservabis,

195 2489 252 2531 ut
273 2483 452 2531 tradas
469 2500 552 2531 eos
573 2484 885 2548 sapientibus
909 2485 972 2533 de
985 2485 1175 2549 populo
1200 2492 1297 2533 tuo.

264 2557 531 2620 Scriptores
551 2559 847 2607 Testamenti
867 2560 992 2608 Novi
1009 2560 1233 2607 vixerunt
1255 2573 1421 2607 omnae
1445 2565 1566 2605 tem-

196 2647 314 2696 pore
330 2632 480 2695 ipsius
496 2632 692 2692 Christi,
708 2643 772 2693 et,
791 2636 1005 2699 exceptis
1023 2635 1169 2683 Paulo
1187 2643 1238 2682 et
1262 2634 1407 2690 Luca,
1430 2633 1566 2680 illum

196 2706 433 2756 viderant.
498 2708 710 2772 Tempus
734 2719 913 2769 autem,
928 2711 980 2759 in
1007 2727 1103 2774 quo
1125 2707 1419 2758 Testamenti
1438 2707 1567 2756 Novi

196 2783 309 2831 libri
329 2783 537 2846 primum
559 2784 622 2832 ab
643 2784 846 2834 ecclesia
866 2802 954 2849 pro
977 2786 1187 2849 ipsorum
1205 2783 1395 2847 scriptis
1409 2782 1564 2846 agniti

197 2867 249 2907 et
291 2858 474 2921 recepti
514 2866 642 2915 sunt,
683 2867 899 2923 tempore
944 2859 1271 2924 apostolorum
1315 2857 1564 2921 aliquanto

1316 2947 1348 2980 ἰ’
1366 2949 1387 2979 2
