1968 3236
670 262 739 295 un
766 262 1042 296 elvrrA'rE.
1464 253 1554 295 153

234 373 286 422 Si
306 372 380 420 vir
398 379 449 420 et
479 387 620 430 uxor,
657 379 948 435 potestatem
973 372 1023 419 in
1049 371 1250 419 diversis
1275 371 1559 420 civitatibus
1605 394 1709 427 estp,
1729 395 1811 428 xx,

169 463 407 497 summam
430 447 684 503 habenteS,
705 447 858 494 filium
883 447 1111 504 habeant,
1131 454 1180 494 et
1196 446 1256 494 de
1272 445 1490 495 dominio
1508 446 1560 495 in

106 527 116 536 “
168 523 305 572 illum
323 522 635 580 contrahant,
662 522 935 570 dominium
960 522 1203 585 dependet
1222 538 1252 571 a
1287 530 1561 571 contractu.

171 599 225 648 Si
259 614 358 646 non
395 598 706 656 contrahant,
747 598 973 646 dominus
1005 598 1081 646 vel
1120 598 1319 646 domina
1358 606 1433 646 est
1475 598 1558 646 cui

170 674 440 723 dominium
466 674 603 736 regni
628 682 718 731 est,
739 674 788 721 in
814 690 912 737 quo
937 674 1156 722 nascitur
1173 674 1300 722 filius
1321 696 1332 731 ;
1370 674 1483 738 quia
1504 674 1560 734 is,

170 749 256 815 qui
289 749 501 797 civitatis
537 748 806 796 dominium
841 749 1005 806 habet,
1030 749 1210 797 civium
1246 750 1463 797 omnium
1509 750 1562 798 in

170 842 230 875 ea
250 834 479 874 natorum
506 824 732 872 dominus
757 833 846 873 est.

239 901 338 951 Qui
357 900 582 948 dominus
601 900 686 948 filii
706 910 796 959 est,
807 900 1033 949 domiuus
1049 917 1244 965 quoque
1263 909 1337 949 est
1351 901 1562 949 filiorum

171 976 292 1032 filii;
328 975 444 1038 quia
477 975 559 1038 qui
590 976 671 1038 jus
711 975 762 1022 in
794 991 1053 1039 personam
1078 976 1241 1035 habet,
1261 978 1342 1040 jus
1367 993 1562 1040 quoque

171 1052 322 1101 habet
336 1051 387 1099 in
412 1067 470 1099 ea
494 1067 602 1114 quae
626 1059 739 1099 sunt
762 1067 996 1114 personae.

237 1128 267 1176 J
273 1143 328 1175 us
351 1126 675 1175 successionis
698 1126 759 1174 ad
797 1126 1067 1174 dominium
1091 1135 1350 1190 paternum
1391 1126 1563 1175 eodem

173 1202 321 1251 modo
338 1201 575 1266 procedit,
596 1218 693 1265 quo
715 1202 765 1250 in
781 1202 1066 1250 monarchia
1082 1219 1170 1266 per
1185 1202 1563 1262 institutionem,

175 1277 237 1327 de
261 1294 358 1341 qua
381 1276 571 1325 dictum
596 1285 671 1325 est
695 1277 746 1325 in
770 1278 930 1340 capite
949 1277 1276 1340 praecedente.

211 1374 216 1377 ·
243 1352 523 1402 Dominium
556 1368 645 1416 per
673 1352 930 1400 victoriam
954 1353 1004 1400 in
1028 1352 1157 1401 bello
1181 1354 1475 1417 acquisitum
1502 1354 1565 1402 ab

174 1428 415 1492 aliquibus
442 1427 760 1491 scriptoribus
783 1427 1089 1491 despoticum
1113 1429 1401 1492 appellatur,
1434 1429 1567 1492 quod

175 1511 253 1552 est
275 1503 545 1551 dominium
569 1503 722 1551 herile
748 1503 798 1550 in
822 1519 999 1551 servos.
1071 1504 1163 1551 Per
1199 1505 1456 1553 victoriam
1480 1521 1566 1552 au-

177 1586 279 1628 tem
303 1578 596 1641 acquisitum
620 1586 739 1625 tunc
763 1586 851 1637 est,
868 1578 1064 1641 quando
1077 1579 1194 1627 victi
1209 1580 1421 1628 vitandae
1435 1596 1565 1628 mor-

177 1655 240 1704 tis
280 1654 578 1702 imminentis
616 1669 764 1702 causa
793 1653 1011 1703 facturos
1042 1670 1093 1702 se
1119 1655 1450 1718 paciscuntur,
1474 1671 1565 1718 pro

176 1730 281 1779 vita
292 1737 343 1778 et
356 1729 583 1778 libertate
602 1730 820 1793 corporis
836 1746 1081 1788 concessa,
1091 1731 1324 1795 quicquid
1338 1748 1368 1780 a
1380 1731 1566 1779 victore

178 1805 511 1870 imperabitur.
594 1805 710 1853 Post
753 1815 954 1869 pactum
995 1805 1117 1854 illud
1162 1807 1320 1855 victus
1365 1807 1566 1855 victoris

178 1897 347 1930 servus
370 1888 461 1929 est.
532 1880 681 1929 Quod
702 1897 882 1929 nomen
899 1889 1064 1929 utrum
1088 1898 1151 1930 an
1169 1899 1199 1930 a
1222 1898 1414 1931 servare
1451 1898 1515 1930 an
1537 1898 1569 1929 a

179 1956 360 2005 servire
379 1956 642 2015 derivetur,
664 1956 917 2020 disputent
933 1959 1258 2021 grammatici.
1313 1959 1568 2022 Significat

180 2041 346 2081 autem
367 2048 468 2080 non
508 2040 706 2095 captum
747 2032 887 2080 llum
926 2032 1011 2096 qui
1037 2049 1232 2081 carcere
1257 2033 1568 2082 concluditur

179 2116 264 2158 aut
287 2107 473 2156 catenis
493 2107 859 2171 constringitur,
877 2108 964 2155 sed
984 2116 1180 2172 captum
1197 2109 1335 2157 illum
1351 2110 1433 2172 qui
1451 2125 1567 2172 pac-

180 2191 234 2234 to
259 2184 439 2232 servire
463 2183 725 2246 obligatur.
795 2183 1002 2231 Vinctus
1022 2184 1153 2231 enim
1176 2185 1254 2232 vel
1294 2185 1566 2232 incarcera-

181 2268 278 2319 tus,
301 2266 359 2307 ut
395 2258 479 2322 qui
503 2274 615 2306 cum
642 2259 828 2307 victore
852 2259 975 2307 nihil
998 2267 1171 2322 pactus
1195 2267 1285 2317 est,
1305 2260 1437 2307 nullo
1455 2260 1566 2322 jure

180 2334 337 2384 teneri
366 2340 527 2398 potest
562 2334 681 2396 quin
718 2350 980 2393 carcerem,
1007 2335 1048 2382 si
1090 2342 1268 2398 potest,
1292 2334 1567 2398 effringere,

182 2409 379 2459 vincula
401 2409 692 2473 dirumpere,
712 2410 950 2457 victorem
965 2410 1255 2467 interficere,
1275 2418 1360 2457 aut
1383 2409 1434 2456 in
1468 2424 1568 2456 ser-

183 2485 390 2534 vitutem
436 2485 648 2533 vicissim
690 2484 934 2533 adducere
974 2485 1093 2548 jure⁷
1131 2485 1300 2548 possit.
1384 2484 1568 2546 Captus

184 2568 350 2610 autem
375 2560 459 2623 qui
480 2576 571 2624 pro
607 2561 835 2609 libertate
871 2576 1108 2624 corporea
1140 2560 1348 2608 fideliter
1387 2558 1568 2607 servire

184 2644 357 2700 pactus
381 2643 472 2692 est,
489 2635 620 2683 idem
633 2636 794 2684 facere
818 2636 920 2684 sine
943 2636 1075 2700 pacti
1103 2636 1382 2694 violatione,
1397 2635 1448 2682 id
1476 2642 1567 2694 est,

185 2710 290 2759 sine
313 2710 492 2774 injuria
512 2726 611 2758 nou
634 2719 812 2774 potest.

255 2785 370 2834 Non
393 2800 511 2848 ergo
529 2801 559 2833 a
572 2785 779 2834 victoria
794 2787 875 2850 jus
899 2785 1117 2843 dominii,
1136 2784 1222 2833 sed
1245 2800 1274 2832 a
1288 2785 1404 2832 victi
1421 2792 1568 2847 pacto

187 2861 433 2916 nescitum
469 2876 628 2924 neque
650 2876 709 2909 eo
737 2861 997 2924 obligatur,
1018 2860 1148 2924 quod
1172 2868 1343 2924 captus
1367 2868 1456 2918 est,
1482 2859 1569 2907 sed

1615 447 1807 471 bqr-..u

1618 488 1663 517 De
1677 490 1807 519 dominio

1616 537 1736 570 paterno
1748 537 1778 561 et

1617 575 1772 614 despotioo.
