1968 3236
4 36 8 46 I

0 258 6 280 ε

0 308 8 354 ἒ

0 375 8 400 ’β

0 407 13 426 r»

0 430 5 465 ,¹

0 470 3 481 I

698 266 766 298 nn
794 265 1071 300 clvl'rA‘rE.
1492 253 1581 305 137

195 377 449 441 imperium
470 378 741 426 Romanum
761 379 856 427 late
881 396 1164 443 expansum,
1189 394 1276 426 nos
1299 378 1448 426 etiam
1467 376 1582 425 olim

195 467 309 516 pars
330 452 525 500 fuimus.

265 528 424 586 Nono,
441 544 642 576 summae
667 530 925 592 potestatis
949 529 1096 576 etiam
1114 536 1186 576 est
1200 529 1280 591 jus
1291 525 1579 590 judicandi,

195 602 246 651 id
269 611 358 661 est,
383 620 551 651 causas
576 620 744 652 omnes
764 614 868 652 tum
883 605 1007 668 juris
1026 613 1132 652 tum
1149 603 1266 652 facti
1282 617 1580 666 cognoscen-

195 678 263 738 di,
286 687 336 727 et
359 682 716 728 controversias
735 697 903 728 omnes
922 679 1194 728 decidendi.
1255 679 1383 727 Nam
1401 677 1582 741 alioqui

195 754 382 803 civibus
416 755 477 803 ab
519 756 708 819 injuriis
740 756 920 804 mutuis
945 755 1186 819 protectio
1210 754 1345 802 nulla
1367 760 1509 811 esset,
1535 760 1583 800 et

194 830 326 893 leges
358 829 419 878 de
461 847 564 878 meo
602 839 652 878 et
693 838 775 878 tuo
815 831 998 878 frustra
1033 840 1210 889 essent,
1235 836 1584 892 manerentque

195 905 416 954 homines
439 906 487 953 in
516 906 799 954 conditione
823 906 938 953 belli
962 906 1180 953 omnium
1204 914 1377 953 contra
1400 919 1583 952 omnes.

262 980 479 1039 Decimo,
506 980 723 1043 ejusdem
750 996 953 1028 summae
976 980 1232 1043 potestatis
1255 987 1331 1027 est
1348 995 1459 1027 cum
1477 978 1585 1027 aliis

194 1055 476 1104 civitatibus
500 1057 681 1104 bellum
706 1064 754 1104 et
778 1072 947 1120 pacem
972 1055 1134 1104 facere
1169 1071 1257 1103 suo
1291 1054 1509 1112 arbitrio,
1533 1053 1584 1102 id

195 1139 286 1190 est,
305 1132 528 1195 judicare
562 1142 728 1179 utrum
769 1132 899 1179 bono
924 1147 986 1178 an
1011 1131 1140 1179 malo
1165 1130 1378 1178 civitatis
1402 1130 1584 1178 bellum

195 1207 414 1255 futurum
439 1208 502 1255 sit
525 1223 695 1266 necne,
721 1214 1014 1270 quantaeque
1038 1207 1192 1269 copiae
1227 1205 1583 1269 comparandae,

195 1290 247 1330 et
270 1283 516 1346 quomodo
550 1299 580 1330 a
611 1283 797 1331 civibus
834 1282 1021 1330 alendae
1057 1282 1170 1330 sint.
1241 1281 1428 1330 Civium
1454 1281 1584 1329 enim

195 1358 351 1406 tutela
373 1359 434 1406 ab
458 1358 754 1406 exercitibus
778 1358 1038 1421 dependet,
1058 1357 1359 1404 exercituum
1384 1357 1535 1404 robur
1557 1373 1587 1404 a

195 1434 408 1482 civitatis
452 1435 655 1492 unitate,
682 1434 893 1482 civitatis
910 1433 1076 1480 unitas
1099 1433 1160 1480 ab
1187 1432 1329 1480 unica
1348 1433 1586 1480 summam

195 1509 419 1557 habentis
454 1516 747 1573 potestatem
788 1524 1008 1572 persona.
1079 1508 1240 1556 Etiam
1275 1507 1462 1556 militiae
1491 1509 1586 1571 jus,

193 1585 342 1632 etiam
388 1585 562 1643 solum,
603 1600 793 1632 summa
839 1591 913 1632 est
958 1591 1175 1647 potestas
1197 1604 1209 1638 ;
1260 1583 1375 1647 quia
1414 1585 1496 1647 jus
1537 1583 1588 1630 in

194 1660 372 1708 milites
397 1669 469 1708 est
482 1661 562 1723 jus
585 1660 635 1707 in
659 1659 931 1723 potentiam
954 1659 1106 1707 totius
1130 1659 1356 1707 civitatis.

207 1763 210 1765 ·
262 1735 552 1794 Undecimo,
595 1735 814 1798 ejusdem
850 1734 1108 1798 potestatis
1146 1741 1222 1782 est
1268 1734 1586 1792 consiliarios,

195 1811 524 1874 magistratus,
551 1810 895 1873 ministrosque
932 1825 1101 1857 omnes
1137 1817 1239 1857 tam
1270 1810 1404 1873 pacis
1439 1826 1586 1872 quam

194 1886 309 1934 belli
333 1886 545 1950 eligendi
572 1887 667 1949 jus.
739 1886 830 1933 Cui
865 1885 996 1933 enim
1030 1886 1164 1949 pacis
1205 1894 1256 1933 et
1291 1885 1587 1933 defensionis

193 1962 517 2026 procurandae
541 1962 812 2026 imponitur
835 1958 973 2018 onus,
1002 1961 1161 2008 eidem
1180 1962 1261 2024 jus
1301 1960 1588 2008 conceditur

194 2037 384 2097 mediis,
404 2038 579 2101 quibus
598 2053 649 2085 se
673 2045 923 2095 exoneret,
947 2052 1036 2100 pro
1061 2036 1264 2084 arbitrio
1285 2052 1373 2084 suo
1396 2036 1584 2084 utendi.

262 2113 581 2171 Duodecimo,
613 2112 832 2175 ejusdem
869 2112 1125 2175 potestatis
1155 2113 1236 2175 jus
1264 2121 1338 2159 est
1371 2112 1587 2174 praemia,

195 2196 250 2236 ut
274 2188 471 2236 divitias
494 2188 818 2252 honoresque,
844 2188 969 2235 bene
997 2187 1297 2235 merentibus
1322 2187 1584 2245 tribuendi,

195 2271 247 2312 et
291 2264 731 2327 transgressoribus
770 2279 940 2327 poenas
977 2263 1166 2326 legibus
1207 2262 1473 2326 praefinitas
1513 2262 1588 2309 in-

195 2338 421 2403 fligendi:
458 2339 534 2386 vel
559 2339 599 2386 si
621 2355 769 2402 poena
790 2339 898 2403 lege
935 2346 1122 2387 statuta
1148 2354 1249 2385 non
1275 2338 1354 2395 sit,
1377 2337 1587 2384 faciendi

194 2414 328 2479 leges
349 2414 581 2478 poenales,
610 2430 719 2477 quae
743 2414 835 2462 sibi
865 2414 928 2462 ad
952 2413 1237 2462 excitandos
1262 2419 1312 2460 et
1335 2412 1588 2460 terrendos

195 2490 442 2554 improbos
463 2489 760 2538 videbuntur
783 2489 1206 2538 commodissimae.

265 2566 535 2623 Postremo,
571 2565 612 2613 si
646 2565 919 2628 cogitemus
961 2565 1131 2628 quanti
1168 2563 1500 2625 unusquisque
1538 2577 1589 2609 se

197 2641 408 2689 aestimat
442 2649 775 2704 quantumque
809 2642 871 2689 ab
906 2640 1013 2688 aliis
1049 2639 1140 2687 sibi
1175 2638 1377 2686 honoris
1412 2636 1590 2684 deferri

198 2715 350 2779 cupit,
392 2715 567 2778 quibus
602 2714 703 2778 ipse
749 2715 1040 2764 tantundem
1078 2714 1293 2761 tribuere
1333 2711 1590 2775 indignum

199 2799 359 2855 putat,
384 2789 515 2838 unde
539 2789 825 2848 simultates,
844 2790 1098 2846 factioneS,
1116 2796 1164 2836 et
1182 2786 1363 2835 bellum
1379 2785 1589 2850 denique

199 2866 331 2914 nasci
357 2865 481 2913 solet
501 2886 513 2920 ;
549 2865 812 2912 fatebimur
852 2865 914 2912 ad
962 2863 1173 2911 civitatis
1221 2861 1589 2910 dissolutionem

1606 399 1709 432 CAP.
1726 399 1861 431 XVIII.

1638 454 1825 476 *qa—d

1600 495 1643 524 De
1651 496 1719 533 jure
1732 496 1780 524 ha„

1596 539 1729 566 bentium
1741 542 1832 576 potes-

1597 585 1684 610 tatem
1699 591 1842 610 summam

1596 626 1627 653 in
1641 626 1756 654 civitate
1769 634 1821 663 per

1597 668 1815 697 iustitutionem.
