1968 3236
496 211 567 244 ΒΕ
595 211 783 244 naono
809 211 1210 245 TENRBRARUM.
1446 201 1543 243 463

162 313 355 363 recitati
377 329 547 362 sensus
570 315 649 372 sit,
674 322 1014 378 argumentum
1047 313 1160 362 inde
1194 320 1383 362 certum
1419 312 1545 360 sumi
1564 342 1668 374 eff,
1683 342 1809 374 xm..

162 405 263 438 non
285 397 466 453 potest,
497 390 558 437 ad
585 390 905 453 probandum,
930 391 1060 454 quod
1085 406 1290 454 regnum
1314 389 1406 438 Dei
1429 402 1545 437 ante
1583 397 1790 466 οἷ’-ἶ

162 465 293 514 diem
309 465 482 530 judicii
507 466 815 529 incepturum
840 466 916 513 sit.
1581 442 1782 531 ψῃῗιᾚῑιιω

229 541 355 589 Sunt
378 541 526 589 etiam
550 549 712 589 textus
735 541 932 604 quidam
956 541 1054 599 alii,
1079 556 1201 604 quos
1232 540 1389 587 citant
1424 555 1545 603 pon-
1582 525 1820 597 &0223ss

162 615 300 665 nficii
333 631 424 680 pro
458 626 740 679 suprematu
767 617 941 680 Papae;
978 624 1048 674 ut,
1082 615 1215 680 quod
1250 615 1347 667 duo
1381 614 1547 678 gladii,
1585 612 1810 649 &m

163 707 286 756 quos
319 692 596 740 habuerunt
625 693 848 756 apostoli,
872 692 1148 755 significant
1171 691 1387 755 gladium
1410 690 1549 754 spiri-

162 767 343 816 tualem
371 775 422 815 et
453 768 673 830 gladium
696 768 1030 831 temporalem,
1055 783 1177 831 quos
1200 767 1369 815 ambos
1401 766 1546 814 Petro

163 842 356 892 dedisse
381 843 630 891 Christum
656 844 857 898 dicunt;
894 852 959 902 et,
996 843 1128 907 quod
1165 843 1373 891 duorum
1405 842 1547 890 lumi-

163 919 355 967 narium
372 920 528 982 majus
548 920 743 983 Papam,
768 920 929 967 minus
948 920 1132 983 Regem
1147 918 1418 982 significan
1444 917 1548 980 qui-

162 995 255 1044 bus
277 994 571 1059 respondere
596 1011 758 1058 operae
781 995 995 1059 pretium
1014 1011 1114 1043 non
1138 1003 1223 1042 est.
1280 994 1549 1042 Potuerunt

163 1085 225 1118 ex
246 1070 406 1134 primo
430 1085 576 1117 versu
602 1070 871 1117 Bibliorum
897 1071 1155 1118 Sacrorum
1192 1085 1330 1132 aeque
1353 1069 1548 1126 inferre,

163 1145 296 1209 quod
316 1162 404 1209 per
418 1146 596 1193 coelum
616 1145 761 1208 Papa,
779 1162 868 1209 per
883 1130 1187 1193 terrals'r‘stex
1205 1144 1549 1211 intelligendus

162 1221 242 1270 sit.
312 1221 426 1269 Non
461 1230 534 1268 est
568 1221 698 1268 enim
732 1222 827 1268 hoc
868 1221 1148 1269 ratiocinari
1186 1237 1245 1268 ex
1287 1220 1550 1283 Scripturis

10 1311 21 1341 ἰ
68 1310 105 1345 r
165 1297 344 1353 Sacris,
369 1297 456 1345 sed
480 1297 717 1354 lascivire,
742 1305 790 1345 et
814 1298 864 1344 in
881 1298 1127 1361 principes
1151 1296 1399 1353 insultare,
1424 1295 1550 1343 sicut

163 1372 325 1421 facere
353 1381 610 1437 coeperunt
633 1380 767 1430 tunc,
793 1372 990 1436 quando
1027 1372 1287 1420 Pontifices
1323 1371 1548 1428 Romani,

164 1448 516 1512 magnitudinis
539 1463 655 1507 suae,
679 1455 737 1495 ut
760 1448 1013 1511 putabant,
1033 1447 1080 1494 in
1097 1456 1388 1510 perpetuum
1411 1446 1548 1504 certi,

165 1523 469 1572 Christianos
488 1539 628 1586 reges
646 1523 951 1586 contemptui
964 1522 1259 1581 habuerunt,
1278 1529 1328 1570 et
1350 1522 1401 1569 in
1424 1522 1550 1570 colla

163 1599 513 1664 imperatorum
550 1598 859 1657 insultantes,
897 1598 1005 1646 illos
1041 1606 1092 1646 et
1116 1598 1393 1661 Scripturas
1419 1598 1549 1660 ipsas

163 1675 368 1724 irridere
386 1675 493 1723 ausi
514 1683 631 1722 sunt
653 1674 813 1722 verbis
848 1674 1026 1722 Psalmi
1049 1690 1126 1721 xc.
1159 1679 1216 1721 13
1238 1692 1249 1720 :
1286 1690 1443 1737 super
1465 1690 1550 1721 as-

160 1750 330 1815 pidem
353 1755 404 1797 et
428 1749 715 1797 basiliscum
730 1748 1023 1806 ambulabis,
1042 1755 1092 1796 et
1116 1748 1433 1797 conculcabis
1448 1747 1549 1797 leo·

164 1842 271 1874 nem
294 1831 345 1872 et
368 1825 651 1873 draconem.

232 1901 380 1951 Quod
403 1900 467 1949 ad
498 1900 818 1949 consecrandi
858 1901 982 1948 ritus
1016 1901 1209 1959 attinet,
1248 1901 1340 1949 etsi
1370 1917 1550 1965 magna

164 1993 227 2025 ex
242 1985 383 2041 parte
406 1992 506 2024 non
525 1992 555 2024 a
580 1976 862 2040 ScripturiS,
899 1977 985 2025 sed
1006 1993 1037 2024 a
1059 1986 1307 2025 rectorum
1331 1977 1549 2025 ecclesiae

159 2052 347 2116 jndicio
370 2051 710 2116 dependeant;
745 2051 927 2100 debent
949 2060 1114 2100 tamen
1142 2061 1357 2101 rectores
1381 2053 1451 2100 illi
1474 2062 1548 2101 ta-

165 2128 237 2177 les
250 2129 374 2177 ritus
398 2127 642 2186 ordinare,
660 2128 828 2192 quales
846 2128 1054 2176 actionis
1078 2129 1228 2191 ipsius
1246 2136 1424 2176 natura
1436 2144 1548 2191 pos-

165 2203 293 2252 tulat
316 2225 329 2259 3
375 2219 567 2266 nempe,
598 2211 654 2251 ut
691 2204 996 2262 ceremoniae,
1036 2204 1200 2261 verba,
1236 2211 1418 2267 gestus,
1450 2219 1549 2251 non

167 2278 314 2327 modo
337 2279 435 2327 sint
458 2278 703 2336 decentes,
719 2279 804 2327 sed
822 2280 970 2328 etiam
988 2280 1336 2343 significantes,
1360 2279 1436 2327 vel
1455 2279 1549 2327 sal-

167 2362 269 2403 tem
283 2353 639 2402 consecrationi
653 2354 943 2403 conformes.
980 2355 1191 2404 Quando
1201 2355 1363 2403 Moses
1375 2354 1548 2413 (Exod.

166 2431 259 2493 xl.)
295 2430 681 2490 tabernaculum,
722 2431 891 2491 altare,
932 2441 982 2481 et
1016 2433 1245 2481 utensilia
1279 2432 1374 2480 illis
1403 2433 1551 2496 perti·

166 2506 337 2554 nentia
357 2506 677 2565 consecravit,
708 2506 833 2566 oleo,
852 2507 985 2571 quod
1019 2508 1150 2555 Deus
1170 2508 1221 2554 in
1246 2507 1378 2555 hunc
1406 2522 1549 2555 usum

166 2581 275 2630 fieri
288 2582 512 2645 jusserat,
534 2581 617 2629 illa
637 2582 795 2640 unxit,
819 2591 870 2631 et
902 2592 1073 2632 sancta
1093 2582 1225 2631 facta
1247 2590 1392 2631 sunt:
1428 2582 1550 2631 nihil

169 2657 536 2705 consecratione
570 2656 679 2715 hac,
702 2657 767 2705 ad
798 2658 1016 2722 fuganda
1052 2659 1394 2722 phantasmata
1432 2674 1550 2706 con-

163 2733 381 2795 juratum
403 2739 525 2779 erat.
579 2731 714 2780 Idem
734 2732 915 2792 Moses,
934 2734 1017 2797 qui
1034 2749 1272 2781 summam
1295 2733 1347 2781 in
1371 2734 1549 2782 Israele

167 2806 379 2855 habebat
400 2813 711 2870 potestatem,
732 2806 935 2856 fratrem
958 2824 1100 2857 suum
1126 2808 1368 2857 Aaronem
1390 2824 1549 2857 sacer-
