1968 3236
689 287 758 319 nn
786 286 1060 320 clvlTA'rn.
1475 276 1571 319 259

187 397 293 456 bus,
331 404 390 445 ut
425 413 624 462 preces,
663 398 952 462 gratiarum
994 397 1142 454 actio,
1179 403 1228 444 et
1268 389 1566 443 obedientia.
1600 419 1702 452 CAp,
1718 418 1853 451 xxm,

189 473 300 521 Alia
321 473 461 536 signa
483 473 680 521 honoris
704 474 827 521 fiunt
850 490 936 536 per
951 473 1252 520 voluntatem
1270 472 1346 519 vel
1364 487 1566 520 consue·
1630 472 1819 557 ff

189 548 409 596 tudinem
437 548 720 603 hominum;
757 558 807 596 et
839 548 1041 612 proinde
1064 548 1114 596 in
1139 548 1438 611 temporibus
1466 547 1589 610 qui-¹
1629 562 1684 591 nez
1698 562 1831 592 natum-2

188 623 393 672 busdam
428 634 478 672 et
512 625 629 672 locis
652 625 923 672 honorifica
946 632 1074 682 sunt,
1100 624 1148 671 in
1173 624 1279 672 aliis
1302 639 1401 671 non
1426 631 1540 671 sunt
1566 656 1573 678 2

189 699 351 764 qualia
371 709 486 748 sunt
508 701 795 748 ceremoniae
830 708 879 748 et
914 708 1096 763 gestus,
1121 700 1294 763 quibus
1317 700 1444 747 inter
1466 715 1575 762 pre-

190 775 400 824 candum
414 776 651 834 homines,
668 777 870 824 diversis
893 776 1192 839 temporibus
1207 784 1257 823 et
1279 775 1413 831 locis,
1432 782 1576 822 utun-

33 906 38 917 4
190 859 274 899 tur
295 851 526 905 diversis;
563 860 613 899 et
637 852 733 899 dici
756 860 961 915 possunt
985 850 1146 898 cultus
1165 850 1490 898 arbitrarius.

19 917 42 991 ³}
257 926 429 975 Cultus
453 927 740 974 arbitrarius
765 926 886 974 alius
910 934 983 974 est
1007 926 1296 990 imperatus,
1319 933 1376 973 ut
1404 925 1488 989 qui
1513 926 1576 973 sit

23 1007 46 1061 ῖς,
190 1001 392 1050 arbitrio
415 1002 730 1065 imperantis;
767 1002 888 1049 alius
912 1001 1233 1049 voluntarius.

33 1063 43 1071 ⁸
259 1077 458 1136 Rursus,
475 1077 597 1125 alius
616 1086 690 1126 est
701 1077 953 1142 publicus,
969 1076 1091 1124 alius
1101 1076 1355 1140 privatus,
1404 1075 1577 1124 Publi-

190 1168 278 1201 cus
296 1160 371 1201 est
393 1154 552 1201 cultus
584 1154 796 1201 civitatis
818 1173 829 1207 ;
857 1152 1109 1217 privatus,
1134 1152 1344 1200 hominis
1379 1151 1573 1215 privati,

190 1228 292 1276 sive
332 1228 465 1275 civis.
537 1227 787 1286 Publicus,
812 1206 1037 1291 resped³u
1071 1227 1296 1285 civitatis,
1322 1227 1449 1275 libet
1484 1237 1575 1276 est.

193 1303 332 1362 Item,
356 1303 515 1351 cultus
547 1304 799 1368 privata-3,
837 1311 1051 1351 secretus
1089 1303 1300 1367 quidem,
1331 1303 1487 1359 liber;
1523 1305 1574 1352 in

191 1378 453 1442 praesentia
497 1387 661 1426 autem
702 1379 1026 1426 multitudinis
1066 1394 1315 1442 nunquam
1357 1387 1433 1426 est
1471 1379 1575 1427 sine

191 1461 325 1502 metu
352 1454 530 1517 aliquo,
555 1454 632 1501 vel
662 1470 692 1501 a
717 1454 905 1517 legibus
933 1454 1009 1501 vel
1039 1470 1070 1501 a
1105 1454 1378 1502 reverentia
1414 1462 1575 1502 astan-

190 1529 351 1583 tium;
400 1544 608 1592 quorum
644 1537 906 1592 utrumque
947 1529 1221 1577 libertatem
1267 1529 1574 1593 aliquatenus

191 1603 435 1652 diminuit.

257 1670 388 1718 Finis
422 1679 625 1734 propter
662 1687 806 1734 quem
843 1671 936 1719 coli
977 1687 1028 1719 se
1058 1672 1210 1720 velint
1238 1672 1474 1731 homines,
1499 1682 1573 1721 est

189 1745 424 1810 potentia.
494 1746 655 1796 Quem
682 1747 812 1795 enim
848 1747 943 1795 coli
977 1746 1162 1806 vident,
1186 1755 1437 1811 potentem
1471 1765 1575 1797 esse

191 1820 486 1884 intelligunt.
570 1822 737 1870 Finem
773 1830 938 1871 autem
971 1830 1171 1886 propter
1204 1839 1349 1886 quem
1387 1824 1483 1871 coli
1524 1840 1575 1872 se

191 1895 310 1945 velit
342 1896 474 1945 Deus
507 1898 831 1961 omnipotens,
855 1899 1042 1947 nullum
1076 1898 1219 1947 video
1250 1906 1577 1963 praeterquam

192 1979 251 2020 ut
269 1971 541 2020 benefaciat
564 1973 731 2030 nobis3
768 1974 1025 2037 cultusque
1062 1982 1228 2023 noster
1251 1974 1446 2023 debitus
1470 1985 1574 2033 est;

193 2054 247 2096 et
267 2046 338 2096 illi
355 2047 499 2110 juxta
519 2048 794 2097 honorandi
817 2049 1024 2113 regulas,
1049 2066 1170 2113 quas
1194 2050 1319 2098 ratio
1342 2051 1576 2099 naturalis

191 2121 348 2171 dictat
369 2123 725 2187 potentioribus
743 2141 773 2173 a
787 2125 946 2174 minus
958 2126 1237 2189 potentibus
1251 2126 1577 2176 observandas

193 2212 313 2257 esse,
334 2198 452 2247 boni
475 2199 776 2264 adipiscendi
798 2201 875 2249 vel
906 2201 1070 2249 damni
1091 2201 1277 2250 vitandi
1306 2218 1467 2260 causa,
1493 2219 1574 2251 ex-

193 2271 447 2322 bibendus.

262 2347 398 2396 Inter
419 2349 671 2407 attributa,
694 2367 803 2414 quae
826 2351 930 2399 Deo
954 2351 1119 2400 debita
1148 2368 1253 2400 esse
1277 2352 1459 2399 lumine
1486 2369 1572 2400 na-

195 2422 342 2471 turali
365 2422 695 2488 intelligimus,
713 2426 925 2489 primum
943 2434 1016 2475 est
1034 2427 1319 2483 existentia,
1345 2426 1396 2474 id
1414 2435 1502 2486 est,
1519 2435 1574 2475 ut

197 2498 518 2547 confiteamur
534 2499 692 2548 Deum
710 2517 833 2548 esse.
904 2502 1161 2550 Honorare
1184 2504 1312 2551 enim
1328 2502 1459 2567 quod
1476 2518 1573 2550 non

197 2579 425 2637 putamus
449 2590 573 2633 esse,
595 2575 890 2639 impossibile
908 2587 997 2625 est.

264 2646 539 2696 Secundum
579 2658 654 2697 est
692 2651 1058 2716 omnipotentia,
1097 2662 1146 2701 et
1187 2653 1319 2717 quod
1357 2654 1572 2702 omnium

196 2737 359 2770 rerum
398 2723 624 2772 conditor
664 2732 738 2773 eet
772 2736 823 2775 et
862 2736 1040 2775 rector.
1110 2729 1210 2777 Qui
1250 2729 1420 2776 diclmt
1455 2744 1572 2792 ergo

198 2795 433 2845 mundum
456 2807 691 2847 aeternum
714 2815 835 2859 esse,
859 2801 1016 2850 Deum
1034 2819 1131 2851 non
1155 2803 1399 2851 honorant
1421 2819 1574 2866 quan-

200 2878 307 2920 tum
329 2880 559 2936 possunt:
595 2889 753 2937 neque
774 2875 859 2934 illi,
883 2877 967 2940 qui
991 2877 1147 2926 Deum
1161 2893 1324 2926 rerum
1338 2878 1573 2927 humana-

199 2962 308 2995 rum
330 2963 497 2996 curam
519 2948 698 2996 habere
723 2959 918 3013 negant.
1369 2968 1394 3001 s
1421 2968 1443 2998 2
