1910 3236
18 2312 22 2315 «
16 2271 18 2274 «
0 1877 27 2241 vaewwffl«

682 246 752 279 DE
781 246 1023 280 nomme.
1488 235 1551 278 29

157 365 403 406 mutamus
438 356 812 421 aliquantulum,
859 367 908 407 et
942 359 1051 406 loco
1085 356 1293 406 viventis
1328 356 1553 420 ponimus

158 433 309 482 vitam
330 451 348 488 ,·
383 432 491 480 loco
530 433 646 480 moti
681 435 913 498 corporis
939 435 1167 498 ponimus
1191 439 1367 481 motum
1389 452 1406 487 ‚·
1443 433 1553 480 loco

157 509 334 568 calidi,
370 508 621 563 calorem;
656 509 766 556 loco
792 509 949 574 longi,
986 508 1381 574 longitudinem;
1416 516 1467 555 et
1491 508 1555 556 si-

158 585 340 633 militer
356 585 407 633 in
427 585 635 633 caeteriS.
695 586 807 633 Quo
825 586 974 643 facto,
992 586 1193 634 nomina
1211 585 1293 632 illa
1315 600 1415 632 non
1440 591 1556 631 sunt

157 661 359 710 nomina
394 661 611 709 materiae
648 660 749 708 sive
774 662 1008 724 eorporiS‚
1033 661 1119 709 sed
1143 660 1469 708 accidentium
1506 667 1556 707 et

158 738 516 803 proprietatum
542 737 717 800 quibus
735 753 912 800 corpus
938 754 968 784 a
991 753 1195 800 corpore
1220 736 1553 799 distinguitur.

159 813 485 878 Appellantur
518 820 683 860 autem
717 812 997 875 hujusmodi
1030 813 1230 859 uomina
1273 811 1554 870 abstracta,

159 905 262 937 non
294 889 430 953 quod
462 888 812 936 abstrahantur
845 904 876 935 a
911 887 1131 945 materia,
1157 887 1243 935 sed
1272 903 1303 935 a
1335 887 1554 935 materiae

160 965 545 1029 computatione.

225 1041 410 1100 Tertio,
456 1041 507 1088 in
542 1039 757 1087 rationes
793 1039 1047 1087 inferimus
1081 1040 1406 1103 proprietates
1447 1040 1554 1088 illas

161 1117 338 1182 quibus
371 1116 466 1180 ipsi
500 1131 578 1164 res
613 1115 988 1179 distinguimus:
1025 1108 1153 1163 sicut
1189 1116 1384 1179 quando
1420 1116 1554 1163 vide-

160 1209 266 1241 mus
300 1192 503 1256 aliquid,
526 1208 628 1240 non
652 1200 994 1255 computamus
1028 1207 1220 1255 semper
1254 1208 1359 1239 rem
1381 1192 1554 1250 visam,

161 1267 249 1317 sed
293 1269 543 1327 visionem,
579 1267 807 1326 colorem,
853 1268 955 1316 sive
992 1267 1158 1316 ideam
1195 1268 1296 1315 sive
1332 1268 1404 1315 rei
1438 1268 1555 1315 visae

152 1345 461 1411 phantasma
476 1363 495 1393 :
531 1344 755 1392 similiter
772 1343 970 1408 quando
995 1343 1241 1402 audimuS,
1259 1359 1350 1407 pro
1368 1359 1421 1390 re
1437 1343 1557 1406 ipsa,

163 1436 273 1484 quae
309 1435 484 1468 sonum
521 1419 656 1478 facit,
691 1435 859 1467 sonum
892 1419 994 1468 sive
1031 1419 1334 1467 auditionem
1363 1426 1559 1467 tantum

162 1495 542 1544 consideramus.
611 1495 675 1543 Et
699 1495 768 1543 sic
788 1494 849 1542 de
873 1495 1063 1543 caeteris
1086 1495 1523 1558 phantasmatibus.

229 1571 441 1630 Quarto,
466 1570 517 1618 in
540 1571 754 1619 rationes
771 1571 1025 1619 inferimus
1041 1571 1335 1635 quandoque
1358 1571 1559 1618 nomina

162 1646 380 1711 ipsorum
393 1647 647 1695 nominum
666 1654 716 1694 et
734 1662 1031 1705 sermonum,
1048 1647 1283 1706 dicentes,
1299 1646 1559 1712 generale,

164 1722 464 1782 universale,
511 1722 752 1787 speciale,
788 1723 1058 1782 univocum,
1094 1723 1402 1788 aequivocum,
1450 1739 1560 1786 quae

166 1807 283 1848 sunt
318 1798 519 1847 nomina
550 1799 820 1847 nominum.
891 1799 1018 1846 Item
1058 1799 1449 1862 affirmationem,
1487 1798 1561 1846 in-

167 1876 577 1941 terrogationem,
617 1882 950 1941 praeceptum,
1002 1875 1360 1931 narrationem,
1406 1874 1561 1939 syllo-

163 1952 394 2017 gismum,
419 1950 708 2010 orationem,
744 1951 936 2015 aliaque
976 1951 1216 2015 ejusmodi
1250 1952 1419 2009 multa,
1452 1967 1561 2013 quae

168 2035 284 2076 sunt
304 2027 506 2075 nomina
523 2027 815 2075 orationum.
869 2028 1034 2090 Atque
1048 2027 1155 2075 haec
1170 2027 1381 2075 varietas
1405 2025 1562 2074 omnis

169 2111 246 2151 aet
284 2102 541 2151 nominum
576 2103 913 2167 positivorum
957 2102 1341 2166 significantium
1378 2101 1564 2166 aliquid

169 2195 341 2227 eorum
381 2194 491 2242 quae
526 2186 641 2227 sunt
675 2179 727 2227 in
754 2187 933 2227 natura
954 2195 1133 2238 rerum,
1158 2179 1238 2227 vel
1261 2195 1430 2227 eorum
1455 2195 1564 2241 quae

172 2255 340 2304 animo
361 2261 569 2319 possunt
593 2255 727 2318 fingi,
751 2262 808 2303 ut
839 2271 1044 2319 corpora
1080 2272 1191 2319 quae
1223 2262 1337 2303 sunt
1359 2255 1436 2302 vel
1459 2270 1564 2302 esse

170 2330 327 2380 videri
358 2339 583 2395 possunt,
606 2331 686 2379 vel
708 2339 767 2378 ut
797 2332 1125 2395 proprietates
1157 2347 1419 2394 corporum
1454 2347 1563 2393 quae

171 2414 286 2456 sunt
306 2406 386 2454 vel
408 2421 514 2454 esse
531 2405 687 2454 videri
709 2415 939 2470 possunt3
964 2407 1043 2455 vel
1060 2408 1211 2455 verba
1229 2415 1280 2454 et
1299 2422 1562 2454 sermones.

239 2482 367 2530 Sunt
403 2488 455 2530 et
490 2481 587 2530 alia
622 2482 826 2530 nomina
859 2483 1115 2547 negativa,
1140 2498 1251 2546 quae
1285 2482 1564 2544 significant

171 2573 354 2606 nomen
398 2557 601 2622 aliquod
644 2573 826 2606 nomen
870 2559 942 2606 rei
982 2558 1246 2622 propositae
1291 2573 1390 2604 non
1430 2571 1563 2610 esse;

174 2633 339 2698 qualia
372 2641 489 2682 sunt
529 2633 672 2691 nihil,
707 2651 860 2694 nemo,
896 2635 1155 2698 infinitum,
1192 2632 1423 2690 indocile,
1460 2631 1564 2679 tria

173 2709 334 2757 minas
368 2716 601 2774 quatuor,
627 2716 677 2758 et
708 2710 915 2766 similia3
952 2727 1063 2775 quae
1089 2718 1255 2759 tamen
1287 2709 1338 2756 in
1361 2707 1566 2756 rationi-

173 2785 266 2833 bus
283 2800 426 2833 usum
447 2801 590 2834 suum
611 2786 814 2845 habent,
837 2786 915 2835 vel
938 2787 990 2835 in
1013 2784 1305 2849 corrigendo
1328 2784 1406 2832 vel
1428 2799 1566 2832 revo-

176 2858 364 2914 cando3
400 2859 516 2923 quia
549 2860 738 2909 faciunt
754 2869 812 2909 ut
834 2861 1035 2910 nomina
1058 2877 1158 2909 non
1181 2866 1314 2908 recte
1338 2859 1565 2923 imposita

176 2934 254 2983 vel
277 2942 510 2999 usurpata
530 2951 824 2984 recusemuS.

1605 378 1710 410 CAP.
1729 378 1792 410 iv,

1606 472 1798 500 Desa-mone.
