1910 3236
54 344 156 377 CAP.
174 345 289 379 XVII.

79 401 269 423 ὓ-Ὺ--κ

41 440 86 467 De
97 449 195 475 causa,
204 451 287 478 gena

40 483 160 518 ratione,
173 488 201 512 et
215 485 282 513 defi-

40 527 149 555 uitione
163 528 296 557 civitatis.

332 204 424 247 128
832 215 902 248 DE
931 215 1205 249 clvaTE.

324 326 446 372 mari
472 333 699 388 terraque
721 334 935 388 quaestus
960 343 1058 374 non
1078 327 1223 375 modo
1246 327 1423 385 licitus,
1441 326 1526 374 sed
1545 327 1708 385 etiam,

324 418 353 448 a
377 401 664 448 crudelitate
690 409 738 447 et
757 401 817 447 ab
842 401 948 463 agri
984 402 1174 449 colendi
1199 402 1537 449 instrumentis
1562 402 1710 449 absti-

323 477 564 533 nentibus,
589 477 884 524 honorificus
920 485 1040 524 erat.
1112 477 1256 526 Quod
1292 484 1456 525 autem
1486 477 1711 524 fecerunt

322 560 441 600 tunc
464 551 659 599 familiae
678 567 856 614 parvae,
878 552 928 599 id
951 569 1082 600 nunc
1096 552 1282 600 faciunt
1306 553 1542 611 civitates,
1563 552 1612 599 id
1637 561 1710 600 est

322 627 518 675 familiae
554 642 758 688 magnae,
786 626 1002 674 dominia
1037 643 1123 674 sua
1158 627 1429 674 securitatis
1465 643 1613 674 causa
1646 627 1710 674 ad

325 718 517 751 omnem
553 701 757 764 periculi
781 702 857 749 vel
882 702 1146 750 invasionis
1170 702 1359 750 hostilis
1384 702 1710 764 suspicionem

324 784 558 840 augentes
577 797 588 830 ;
614 784 663 824 et
680 785 785 824 tum
803 778 983 836 hostes,
1000 786 1105 825 tum
1124 793 1206 825 eos
1223 779 1305 841 qui
1327 778 1549 825 hostibus
1573 777 1709 825 auxi-

323 852 485 900 liaturi
508 852 751 910 videntur,
778 861 1014 916 quantum
1046 862 1250 916 possunt
1269 854 1316 901 vi
1341 861 1389 901 et
1413 861 1522 900 astu
1550 853 1711 900 debel-

323 929 428 976 lant
465 935 551 976 aut
586 928 872 984 debilitant;
909 930 1071 992 idque,
1097 929 1210 992 quia
1243 929 1384 976 aliter
1418 929 1574 976 securi
1605 944 1708 976 esse

324 1021 422 1052 non
446 1012 665 1067 possunt,
686 1005 834 1067 juste.

392 1080 565 1143 Neque
586 1081 911 1138 securitatem,
933 1097 1078 1144 quam
1103 1089 1343 1143 quaerunt,
1364 1076 1597 1143 praestare
1620 1096 1708 1143 po-

323 1162 419 1203 test
450 1172 717 1219 paucorum
741 1157 993 1204 hominum
1027 1157 1155 1204 inter
1179 1173 1229 1204 se
1255 1156 1565 1219 conspiratiO,
1592 1156 1709 1219 quia

324 1232 374 1278 in
389 1231 549 1294 parvis
567 1232 781 1279 numeris
798 1247 949 1294 parva
964 1232 1204 1280 sociorum
1220 1232 1431 1279 accessio
1447 1231 1510 1279 ad
1525 1239 1708 1278 certam

325 1307 502 1354 sufficit
532 1306 802 1364 victoriam,
839 1307 1121 1370 animosque
1156 1307 1294 1354 addit
1327 1306 1706 1370 aggressoribus·

324 1382 592 1430 Multitudo
628 1390 806 1441 autem,
834 1398 943 1445 quae
979 1382 1253 1430 securitatis
1289 1399 1388 1430 suae
1425 1398 1559 1445 spem
1582 1397 1711 1445 prae-

324 1463 451 1504 stare
491 1465 668 1520 potest,
694 1474 897 1505 numero
939 1475 1039 1505 non
1075 1466 1226 1516 certo,
1259 1458 1344 1505 sed
1379 1474 1486 1505 cum
1524 1457 1707 1504 viribus

321 1532 536 1580 hostium
552 1541 832 1596 comparato
851 1533 1215 1592 determinatur,
1235 1541 1290 1581 ut
1306 1535 1461 1597 major
1475 1534 1538 1581 sit
1562 1549 1708 1596 quam

323 1616 379 1654 ut
425 1623 649 1655 excessus
694 1609 819 1656 tanti
856 1615 904 1656 et
939 1617 1040 1656 tam
1076 1609 1324 1671 conspicui
1369 1608 1603 1656 momenti
1644 1608 1707 1655 ad

323 1682 504 1730 bellum
541 1683 808 1731 finiendum
843 1684 920 1743 sit,
943 1691 998 1731 ut
1039 1684 1191 1731 hostis
1226 1683 1290 1731 ad
1324 1683 1706 1747 aggrediendum

323 1766 631 1821 provocetur.

393 1833 467 1880 Sit
490 1841 653 1881 autem
678 1834 940 1882 multitudo
961 1843 1350 1897 quantacunque,
1375 1834 1415 1881 si
1438 1841 1600 1882 tamen
1625 1850 1706 1882 ac-

323 1910 479 1958 tiones
517 1926 683 1962 eorum
715 1910 910 1974 judiciis
934 1917 983 1957 et
1006 1910 1219 1957 arbitriis
1243 1910 1504 1957 multorum
1528 1909 1707 1972 guber-

322 1992 515 2044 nentur,
535 1985 718 2033 nullam
741 1985 854 2033 inde
875 1994 1131 2049 expectare
1149 1993 1351 2048 possunt
1375 1985 1703 2042 securitatem,

322 2076 480 2123 neque
504 2068 675 2108 contra
697 2077 1003 2108 communem
1026 2061 1232 2118 hostem,
1256 2075 1414 2122 neque
1437 2067 1610 2107 contra
1631 2059 1704 2106 in-

318 2136 471 2199 jurias
494 2136 617 2184 alter
651 2136 865 2187 alterius,
935 2136 1287 2183 Dissentientes
1322 2136 1450 2182 enim
1488 2135 1618 2182 inter
1653 2151 1705 2182 se

324 2211 385 2259 de
407 2211 583 2259 virium
606 2227 696 2259 usu
719 2227 819 2260 non
843 2211 935 2259 sibi
958 2219 1129 2258 mutuo
1167 2211 1443 2258 auxiliaturi
1467 2217 1594 2267 sunt,
1619 2210 1704 2258 sed

323 2287 556 2350 oppositis
575 2286 787 2335 consiliis
804 2286 930 2333 vires
954 2285 1017 2333 ad
1041 2285 1243 2332 nihilum
1258 2285 1521 2333 reducturi.
1559 2285 1704 2333 Unde

322 2379 423 2411 non
447 2362 593 2412 modo
617 2378 646 2409 a
669 2362 915 2417 communi
938 2361 1076 2408 hoste
1109 2360 1251 2408 facile
1284 2369 1591 2424 superantur,
1617 2361 1704 2409 sed

323 2438 472 2486 etiam
496 2437 556 2489 de
579 2437 845 2486 commodis
868 2436 1076 2500 propriis
1101 2436 1228 2483 inter
1247 2452 1298 2483 se
1321 2436 1447 2484 bello
1467 2436 1703 2484 certaturi

322 2521 451 2562 sunt.
523 2512 773 2576 Siquidem
805 2512 932 2561 enim
966 2511 1218 2559 hominum
1241 2527 1472 2559 numerus
1495 2527 1703 2575 magnus

323 2590 427 2638 sine
444 2588 667 2652 potentia
690 2588 950 2646 communi,
970 2603 1078 2650 quae
1108 2596 1272 2650 posset
1309 2604 1476 2635 omnes
1509 2604 1700 2651 cogere,

322 2665 373 2712 in
397 2664 678 2727 aequitatem
701 2670 997 2727 caeterasque
1020 2663 1151 2726 leges
1169 2670 1356 2711 naturae
1376 2663 1702 2712 observandas

324 2740 599 2788 consentire
624 2745 993 2803 supponeretur,
1012 2737 1141 2785 idem
1156 2738 1302 2785 etiam
1321 2738 1381 2786 de
1399 2746 1505 2786 toto
1523 2754 1701 2802 genere

321 2816 535 2868 humano
560 2814 929 2879 supponendum
945 2821 1070 2865 esset
1089 2834 1101 2870 ;
1136 2813 1302 2877 itaque
1322 2813 1555 2878 regimine
1573 2813 1702 2862 civili
