1968 3236
0 1742 16 1765 5

0 1770 12 1817 ἔ

690 262 761 296 na
789 261 1066 296 CIVITATE.
1491 254 1578 296 145

189 375 419 417 nascetur
450 368 579 416 inter
611 370 912 431 potentiores
947 369 1076 416 cives
1113 368 1414 432 competitio,
1447 376 1497 415 et
1520 383 1576 415 ex

190 443 539 508 competitione
568 444 763 491 bellum.
835 445 1016 492 Verum
1050 443 1182 506 quod
1216 443 1579 491 incommodum

189 519 286 568 hoc
308 535 407 567 non
422 536 452 567 a
467 519 624 567 forma
648 520 899 583 regiminis
924 519 1224 567 monarchici
1247 519 1419 578 oritur,
1435 535 1579 582 argu-

189 602 357 643 mento
379 602 470 652 est,
490 594 621 657 quod
646 595 913 643 monarcha
931 594 1225 658 praecedenS,
1245 595 1448 643 tutelam
1470 611 1579 643 suc-

188 669 375 718 cessuri
398 669 599 717 infantis
618 671 725 733 quis
744 671 999 718 habiturus
1015 671 1092 727 sit,
1113 670 1406 725 declaravit3
1431 670 1578 734 idque

190 745 268 794 vel
302 761 529 809 expresse
564 762 651 809 per
688 754 1051 804 testamentum,
1087 747 1171 794 vel
1205 747 1371 805 tacite,
1404 763 1579 811 nempe

188 821 534 870 consuetudini
555 822 686 870 circa
701 823 996 885 quaestiones
1015 822 1195 870 similes
1210 839 1309 870 non
1333 822 1579 870 contradi-

189 896 380 951 cendo;
414 905 534 945 tunc
557 906 721 945 autem
745 899 785 945 si
810 898 1093 961 competitio
1108 898 1185 946 vel
1207 899 1390 946 bellum
1414 899 1581 946 subse-

191 978 386 1035 quatur,
410 971 570 1019 forma
600 972 853 1035 regiminis
878 972 1176 1020 monarchici
1200 973 1344 1036 culpa
1365 989 1466 1021 non
1490 981 1580 1031 est,

118 1099 120 1101 ,
189 1046 277 1095 sed
294 1047 584 1110 injustorum
605 1057 655 1095 et
674 1048 1045 1096 ambitiosorum
1062 1048 1255 1096 civium.
1293 1049 1398 1096 Etsi
1417 1057 1582 1096 autem

190 1122 458 1170 monarcha
481 1122 762 1185 praecedens
784 1123 988 1170 tutelam
1023 1123 1205 1170 nemini
1238 1124 1580 1182 commisserit,

190 1196 501 1246 incommodo
538 1206 702 1246 tamen
744 1198 859 1246 huic
896 1200 1013 1247 satis
1052 1199 1300 1262 provisum
1325 1209 1400 1247 est
1423 1216 1452 1247 a
1469 1201 1580 1263 jure

191 1273 418 1330 naturali,
444 1273 691 1331 nimirum,
716 1284 772 1321 ut
795 1274 950 1321 tutela
973 1274 1043 1321 illi
1066 1274 1416 1332 committatur,
1442 1276 1581 1337 cujus

190 1365 280 1414 per
301 1358 529 1397 naturam
569 1351 780 1397 maxime
811 1351 1017 1398 interest
1041 1350 1242 1398 infantis
1260 1351 1374 1413 jura
1397 1358 1447 1397 et
1470 1366 1581 1412 per-

190 1439 362 1472 sonam
402 1426 696 1483 conservari,
721 1433 770 1473 et
804 1426 882 1473 cui
917 1426 1172 1473 minimum
1204 1442 1234 1473 a
1268 1432 1426 1473 morte
1444 1425 1525 1472 ‘vel
1552 1441 1583 1472 a

189 1499 517 1548 diminutione
562 1502 667 1564 ejus
714 1517 1023 1550 accessurum
1069 1510 1144 1549 est
1181 1501 1580 1549 emolumentum.

191 1575 316 1624 Cum
339 1576 469 1623 enim
491 1592 662 1624 omnes
683 1577 866 1624 bonum
891 1577 982 1625 sibi
1005 1584 1245 1639 quaerant,
1264 1577 1304 1624 si
1328 1577 1483 1624 tutela
1508 1576 1582 1623 in-

189 1650 340 1699 fantis
363 1651 551 1699 homini
574 1652 979 1708 committeretur,
1006 1652 1089 1714 qui
1114 1668 1165 1699 se
1187 1668 1277 1715 per
1299 1652 1428 1699 illius
1451 1667 1582 1698 mor-

189 1733 291 1775 tem
306 1742 593 1790 promovere
608 1733 788 1790 posset,
804 1727 961 1774 tutela
978 1742 1078 1774 non
1095 1735 1223 1774 esset
1242 1727 1329 1775 sed
1351 1726 1581 1790 proditio,

190 1809 425 1865 tanquam
450 1802 491 1850 si
507 1802 615 1866 quis
630 1803 836 1851 tutelam
853 1803 969 1866 agni
988 1803 1316 1851 committeret
1333 1803 1580 1866 impranso

189 1877 322 1941 lupo.
403 1878 590 1941 Itaque,
626 1894 738 1926 cum
771 1878 1020 1942 provisum
1059 1878 1123 1926 sit
1155 1894 1219 1926 ne
1254 1877 1581 1926 contentionis

190 1951 252 2001 de
275 1952 476 2002 infantis
500 1954 655 2002 tutela
685 1970 834 2002 causa
861 1956 996 2017 justa
1031 1970 1135 2002 esse
1165 1955 1334 2018 possit,
1358 1970 1459 2002 non
1491 1960 1579 2011 est,

189 2028 233 2077 si
244 2045 343 2092 pax
355 2030 595 2088 turbetur,
603 2029 776 2078 formae
790 2029 1038 2093 regiminis
1052 2030 1369 2087 monarchici,
1378 2029 1464 2077 sed
1478 2045 1581 2076 am-

189 2103 379 2152 bitiosis
411 2112 464 2153 et
503 2105 697 2169 injustis
728 2105 914 2154 civibus
947 2105 1108 2153 officia
1130 2121 1218 2152 sua
1241 2104 1580 2168 ignorantibus

190 2178 576 2228 attfibuendum.
614 2179 799 2228 Contra
821 2188 1002 2238 autem,
1018 2179 1189 2227 civitas
1203 2195 1396 2243 magna,
1416 2179 1466 2226 in
1484 2194 1582 2241 qua

190 2269 431 2303 summam
452 2263 747 2319 potestatem
774 2256 924 2304 habet
946 2262 1118 2314 coetus,
1139 2255 1220 2303 vix
1250 2255 1351 2302 ulla
1374 2261 1448 2301 est
1471 2269 1580 2316 quae

190 2338 420 2378 curatore
459 2338 693 2395 tanquam
729 2331 890 2380 infans
923 2331 1187 2395 aliquando
1217 2347 1317 2378 non
1348 2329 1579 2391 indigeat.

193 2403 322 2454 Nam
339 2412 397 2454 ut
418 2405 575 2454 infans
591 2422 622 2454 a
638 2407 842 2455 consilio
857 2406 1094 2455 curatoris
1111 2405 1365 2453 dissentire
1379 2412 1581 2467 propter

191 2479 436 2529 inscitiam
458 2497 558 2529 non
581 2490 771 2544 potest:
808 2482 879 2530 ita
901 2481 1049 2529 coetui
1067 2497 1098 2528 a
1119 2480 1361 2529 sententia
1383 2479 1580 2541 majoris

191 2555 346 2618 partis
369 2555 625 2604 dissentire
648 2573 747 2604 non
770 2565 847 2605 est
869 2556 1093 2604 liberum.
1161 2556 1225 2603 Et
1243 2563 1298 2603 ut
1315 2554 1580 2602 infantibus

193 2627 374 2679 dantur
409 2638 629 2686 tutores;
665 2631 737 2679 ita
775 2632 982 2679 coetibus
1017 2633 1069 2679 in
1101 2631 1246 2678 rebus
1276 2628 1441 2677 arduis
1478 2628 1582 2675 dic-

192 2709 402 2764 tatores,
425 2706 655 2754 custodes
687 2706 957 2764 libertatis,
973 2711 1293 2770 protectores
1317 2703 1422 2751 dari
1450 2703 1579 2750 inso-

193 2777 336 2828 litum
364 2795 472 2832 non.
499 2789 604 2835 est;
640 2796 848 2843 quorum
880 2781 1099 2843 regimen
1131 2795 1221 2843 pro
1255 2788 1474 2842 tempore
1505 2788 1579 2826 est

193 2854 590 2909 monarchicum;
626 2863 678 2905 et
700 2872 730 2904 a
753 2857 929 2919 quibus
959 2855 1135 2919 saepius
1159 2855 1366 2902 coetibus
1388 2853 1581 2902 sublata

328 2944 454 2978 von.
475 2945 559 2978 111.
1416 2943 1443 2976 L

1620 396 1722 429 CAP.
1742 396 1772 428 X
1779 396 1842 428 lx.

1637 450 1825 472 s--q——d

1600 489 1643 517 De
1656 489 1812 525 generibus

1596 533 1748 560 civitatum
1761 541 1816 569 per

1597 575 1817 607 imtitutionem,

1596 623 1625 646 et
1646 619 1683 646 ‹le
1705 627 1816 646 sucees-

1596 662 1677 690 sione
1691 661 1728 690 ad
1741 670 1819 689 num-

1596 714 1673 734 mum
1686 708 1866 743 potamon.
