1968 3236
471 234 543 267 nn
572 233 760 267 REGNo
786 230 1189 266 TENEBRARum.
1425 218 1522 269 457

139 352 299 395 testas
335 346 488 393 omnis
525 345 724 402 inimici,
760 344 1011 392 exercitus
1051 342 1204 391 omru‘s
1240 341 1447 399 diaboli,
1473 348 1788 396 etCAp,X1,1v,

130 421 494 487 phantasmata
545 420 747 467 Satanae
778 435 880 484 per
926 425 1211 467 creaturam
1251 417 1378 465 hanc
1423 415 1523 464 olei

1578 419 1766 440 “-Υ-θ

1560 457 1605 485 De
1618 458 1744 486 tenebris

138 495 430 562 abigantur.
502 496 709 552 Quarto,
747 494 1068 558 baptizandus
1109 493 1269 541 infans
1308 491 1522 540 multifa-
1558 500 1760 538 vidualibus

139 587 261 620 nam
295 571 605 625 incantatur;
644 571 817 634 primo,
843 569 905 617 ad
929 569 1145 617 ecclesiae
1168 577 1359 632 portam
1382 568 1433 616 in
1454 567 1525 615 fa-

138 646 264 695 ciem
285 645 487 694 infantis
510 646 668 693 sufflat
693 654 769 693 ter
792 645 1034 702 sacerdos,
1051 644 1233 703 dicens,
1257 644 1340 692 exi
1363 643 1428 691 ab
1451 659 1524 702 eo,

137 721 352 783 spiritus
388 721 644 777 immunde,
670 727 719 768 et
749 721 869 768 cede
902 719 1120 785 Spiritui
1143 719 1327 767 Sancto
1358 718 1526 766 Para-

139 796 270 845 cleto
277 815 296 852 ;
332 797 471 860 quasi
495 796 705 844 infantes
729 812 911 854 omnes,
936 804 1197 859 antequam
1220 811 1250 843 a
1273 795 1525 843 sacerdote

139 872 461 930 insufflentur,
490 881 654 919 essent
678 871 967 919 demoniaci.
1038 871 1239 928 Rursus,
1263 878 1526 934 antequam

138 948 191 996 iu
213 947 467 996 ecclesiam
491 947 657 1005 intret,
682 947 817 1005 dicit,
843 947 1046 1009 conjuro
1071 952 1135 1004 te,
1167 953 1262 994 etc.
1294 946 1452 1004 exire,
1475 952 1527 994 et

139 1022 382 1071 decedere
400 1022 462 1069 ab
487 1023 579 1070 hoc
597 1039 739 1070 servo
758 1023 875 1070 Dei.
936 1022 1072 1070 Idem
1096 1038 1291 1086 quoque
1315 1022 1526 1070 exorcis-

140 1114 248 1146 mus
270 1098 508 1162 repetitur
530 1107 789 1160 antequam
815 1098 975 1145 infans
993 1098 1284 1162 baptizetur.
1354 1098 1527 1160 Neque

140 1173 265 1221 ritus
279 1173 377 1231 alii,
394 1174 525 1220 circa
542 1173 923 1227 matrimonium,
940 1170 1206 1221 extfemam
1224 1173 1525 1231 unctionem,

141 1248 469 1297 visitationem
502 1250 862 1312 aegrotantium,
888 1250 1305 1297 consecrationem
1329 1249 1526 1297 ecclesi-

141 1339 279 1372 arum
304 1333 355 1372 et
386 1324 792 1380 coemeteriorum,
816 1324 919 1372 sine
950 1325 1363 1373 incantationibus
1385 1340 1525 1388 pera-

140 1407 339 1462 guntur,
354 1408 410 1447 ut
430 1399 479 1446 in
496 1400 670 1462 quibus
684 1400 790 1447 oleo
807 1408 857 1447 et
875 1416 1002 1463 aqua
1019 1408 1228 1447 utuntur
1250 1400 1526 1457 incantatis,

142 1483 193 1521 et
215 1473 355 1537 signo
374 1475 532 1521 crucis
550 1475 835 1530 abutuntur,
851 1475 977 1522 sicut
1001 1483 1050 1523 et
1062 1475 1224 1523 verbis
1244 1475 1525 1538 Scripturae‚

142 1564 391 1614 asperge-5
430 1566 505 1596 me
540 1548 749 1597 Domine
784 1549 1015 1614 hyssop&
1086 1551 1251 1598 Rebus
1283 1550 1413 1598 enim
1436 1550 1527 1598 hu-

136 1624 351 1688 jusmodi
370 1625 635 1672 efficaciam
654 1625 995 1689 phantasmata
1012 1635 1063 1674 et
1080 1627 1279 1690 spiritus
1296 1626 1530 1690 imagina-

140 1699 239 1748 rios
269 1700 499 1763 abigendi
530 1700 839 1748 tribuendam
885 1717 991 1749 esse
1030 1709 1209 1765 putant
1233 1712 1318 1750 aut
1342 1701 1527 1750 dicunt.

220 1776 278 1823 In
314 1776 596 1824 exorcismis
633 1776 892 1824 antedictis
933 1776 1204 1824 notandum
1241 1777 1388 1824 etiam
1438 1786 1527 1836 est,

140 1851 340 1915 spiritus
356 1851 648 1910 immundos,
668 1852 720 1899 id
743 1861 833 1911 est,
850 1852 1106 1911 daemonia,
1125 1853 1358 1917 appellari
1377 1853 1530 1916 phan-

139 1934 382 1981 tasmata;
418 1943 476 1975 ex
502 1943 599 1991 quo
623 1928 856 1991 sequitur,
881 1928 1082 1992 spiritus
1113 1928 1390 1976 immundos
1427 1928 1528 1976 sive

142 2001 386 2051 daemonia
411 2019 442 2050 a
476 2003 697 2051 Romana
731 2004 935 2051 ecclesia
968 2020 1068 2052 non
1096 2004 1265 2052 habita
1302 2019 1406 2052 esse
1437 2019 1527 2067 pro

142 2076 351 2136 entibus,
372 2086 430 2125 ut
462 2077 747 2141 loquuntur,
779 2078 1036 2134 realibus,-
1072 2088 1123 2127 et
1158 2079 1381 2143 proinde,
1415 2080 1525 2127 sub-

143 2152 349 2200 stantias
371 2168 471 2200 non
493 2169 616 2211 esse,
640 2153 728 2201 sed
751 2154 881 2202 idola
903 2162 1114 2213 tantum,
1139 2155 1189 2203 id
1216 2162 1305 2212 est,
1330 2154 1471 2202 nihil.

210 2227 361 2275 Error
395 2228 636 2290 generalis
681 2229 804 2277 alius
841 2238 914 2278 est
947 2247 978 2278 a
1009 2246 1109 2278 non
1145 2229 1408 2278 intellectis
1443 2245 1528 2276 vo-

144 2301 329 2351 cabulis
368 2302 479 2360 illis,
517 2303 619 2351 vita
661 2310 863 2364 oeterna,
901 2321 1032 2353 mors
1067 2312 1276 2362 oetermz‚
1312 2314 1363 2352 et
1397 2320 1529 2351 mors

143 2376 376 2426 secunda.
459 2377 750 2442 Quanquam
785 2380 915 2428 enim
951 2381 1207 2444 perspicue
1249 2379 1442 2427 dicatur
1478 2379 1528 2427 in

146 2453 402 2516 Scriptura
438 2452 606 2510 Sacra,
629 2453 787 2502 Deum
811 2455 1054 2503 Adamum
1077 2456 1128 2503 in
1152 2471 1210 2503 eo
1236 2462 1366 2502 statu
1383 2470 1528 2517 posu-

144 2529 252 2586 isse,
267 2535 323 2575 ut
342 2528 504 2575 vivere
522 2529 759 2591 potuisset
781 2530 832 2577 in
855 2538 1109 2588 aeternum,
1125 2546 1315 2594 nempe,
1330 2529 1372 2577 si
1394 2545 1530 2577 man-

145 2603 314 2652 datum
340 2602 431 2651 Dei
454 2603 790 2659 observasset;
814 2621 923 2668 quae
942 2606 1282 2654 immortalitas
1304 2605 1530 2652 humanae

145 2687 335 2727 naturae
359 2678 630 2726 essentialis
650 2695 750 2728 non
768 2689 890 2739 erat,
909 2681 996 2730 sed
1018 2682 1079 2729 ab
1103 2697 1187 2729 esu
1211 2681 1398 2729 arboris
1416 2681 1530 2728 vitae

145 2753 454 2817 dependebat
473 2774 486 2807 ;
521 2752 746 2803 doctrina
767 2764 930 2805 tamen
950 2757 1095 2805 hodie
1118 2757 1214 2805 alia
1235 2769 1325 2815 est,
1345 2764 1394 2804 et
1407 2757 1531 2820 jam-

144 2828 230 2876 diu
250 2828 375 2884 fuit;
411 2829 654 2889 nimirum,
677 2846 1072 2896 unumquemque
1103 2832 1348 2880 hominem
1380 2832 1532 2880 vitam

1560 544 1598 572 ab
1611 544 1777 581 interpret»

1560 587 1639 615 tione
1647 595 1706 615 non
1716 592 1795 616 recu

1561 630 1788 668 Scriptum-mn.
