1968 3236
103 366 206 399 CAP.
222 368 358 401 XVIII.

139 422 327 444 *Y*

100 462 145 490 De
154 462 222 499 jure
234 463 283 492 hu·

98 506 230 534 beutium
244 510 335 544 potes-

99 552 187 577 tatem
202 559 347 579 summam

96 593 128 619 in
155 593 270 622 civitate
296 604 348 631 per

98 636 319 665 institutionem.

394 227 483 270 140
898 239 968 271 DE
996 239 1271 273 clvrrA‘rE.

385 355 435 396 et
458 349 562 396 sine
586 349 770 397 honore
796 357 939 405 sunt3
976 350 1047 397 ita
1071 358 1121 398 et
1142 351 1270 399 cives
1287 367 1451 399 coram
1471 368 1528 400 eo
1547 354 1630 416 qui
1644 355 1773 417 gerit

384 440 644 488 personam
681 424 910 482 civitatis,
947 441 1115 472 omnes
1146 425 1276 473 inter
1307 442 1358 474 se
1394 428 1604 490 aequales
1642 437 1771 486 sunt,

386 516 663 563 quanquam
687 507 826 547 extra
847 501 1161 563 praesentiam
1195 502 1324 549 illius
1352 503 1435 550 alii
1471 503 1576 550 aliis
1615 504 1771 567 magis

385 576 700 638 splendeant;
737 592 851 623 nam
876 592 1041 624 coram
1059 577 1143 625 illo
1162 594 1262 626 non
1282 579 1488 642 amplius
1514 580 1770 642 splendent

385 667 529 713 quam
554 651 706 698 stellae
721 660 962 714 praesente
987 652 1103 700 sole.

449 726 593 774 Dicet
632 726 839 774 fortasse
877 727 1053 790 aliquis
1085 728 1416 777 conditionem
1452 729 1632 778 civium
1667 746 1770 779 esse

380 885 492 925 sunt
517 878 730 926 obnoxii.
802 878 859 926 Id
894 886 1059 926 autem
1096 880 1178 942 qui
1216 881 1306 927 sub
1341 882 1675 929 monarchiam
1698 882 1770 929 vi-

377 961 514 1012 vunt,
538 955 851 1012 monarchiae,
890 955 972 1017 qui
1011 955 1100 1002 sub
1137 963 1321 1003 coetum
1344 956 1558 1019 plurium
1581 957 1768 1016 vivunt,

378 1029 447 1076 illi
472 1029 722 1093 regiminis
759 1030 930 1078 formae
966 1030 1209 1094 imputare
1247 1031 1438 1086 solent;
1475 1048 1768 1096 quamquam

378 1105 428 1151 in
454 1106 587 1152 omni
605 1105 780 1161 forma,
806 1122 916 1169 quae
951 1114 1210 1169 protegere
1240 1123 1323 1154 eos
1354 1107 1525 1170 possit,
1550 1115 1769 1171 potestas

378 1181 578 1243 aequalis
599 1181 676 1229 sit.
747 1182 861 1229 Non
886 1182 1016 1229 enim
1042 1181 1263 1245 cogitant
1287 1182 1419 1245 quod
1443 1199 1520 1230 res
1543 1183 1770 1231 humanae

377 1257 480 1304 sine
499 1256 809 1304 incommodo
829 1273 932 1305 esse
950 1273 1050 1305 non
1064 1265 1271 1320 possunt
1288 1278 1299 1311 ;
1325 1274 1415 1306 nec
1435 1258 1567 1321 quod
1585 1259 1770 1307 incom-

376 1332 524 1380 moda
547 1349 656 1396 quae
680 1333 731 1380 in
757 1333 973 1396 qualibet
998 1333 1212 1381 civitatis
1235 1334 1394 1381 forma
1408 1334 1633 1382 accidere
1655 1350 1769 1397 pos-

378 1415 492 1456 sunt
527 1409 753 1467 maxima,
794 1425 897 1472 prae
927 1408 1042 1456 belli
1077 1409 1449 1466 calamitatibus,
1486 1417 1536 1458 et
1571 1426 1682 1472 quae
1717 1410 1767 1458 in

377 1484 660 1532 conditione
700 1485 953 1532 hominum
991 1485 1229 1543 naturali„
1255 1485 1360 1532 sine
1402 1485 1618 1544 domino,
1661 1486 1765 1533 sine

376 1560 500 1622 lege,
521 1576 579 1607 ex
614 1569 756 1623 rapto
780 1560 1044 1607 viventium
1082 1560 1392 1622 contingunt,
1419 1561 1498 1607 vix
1522 1560 1768 1608 sensibilia

376 1642 518 1689 sunt3
555 1651 645 1682 nec
670 1635 879 1698 denique
904 1635 1037 1698 quod
1060 1635 1348 1698 gravissima
1372 1651 1537 1693 onera,
1571 1652 1681 1699 quae
1704 1637 1765 1684 ab

375 1710 668 1758 habentibus
676 1718 972 1773 potestatem
988 1726 1227 1758 summam
1243 1710 1580 1773 imponuntur,
1591 1727 1689 1759 non
1704 1713 1765 1760 ab

375 1802 448 1844 eo,
475 1785 606 1849 quod
621 1785 727 1833 illos
746 1794 832 1832 aut
848 1802 1088 1848 pauperes
1113 1793 1198 1833 aut
1219 1785 1403 1833 debiles
1422 1786 1529 1833 fieri
1548 1787 1765 1850 cupiant,

373 1861 766 1925 proficiscuntur,
792 1860 967 1923 quibus
992 1861 1167 1908 divites
1194 1868 1244 1907 et
1278 1860 1429 1908 fortes
1455 1877 1538 1908 eos
1562 1877 1666 1909 esse
1689 1878 1765 1910 re-

372 1938 594 2000 gentium
613 1936 870 1984 commodo
895 1937 1104 1983 maxime
1123 1935 1334 1999 expedit,
1360 1936 1446 1983 sed
1465 1937 1526 1984 ab
1547 1937 1765 2000 ipsorum

373 2013 552 2060 civium
576 2012 854 2068 tenacitate,
878 2028 936 2059 ea
960 2012 1287 2070 contribuere,
1314 2029 1424 2075 quae
1439 2012 1501 2060 ad
1517 2029 1690 2076 pacem
1714 2021 1765 2061 et

373 2087 707 2136 defensionem
747 2104 884 2135 suam
927 2087 1200 2134 necessaria
1242 2096 1371 2146 sunt,
1417 2089 1762 2138 recusantium.

374 2164 493 2212 Inde
536 2171 698 2212 autem
740 2163 1020 2226 regentibus
1054 2162 1341 2225 plerumque
1380 2163 1614 2222 nascitur,
1647 2164 1760 2213 dum

371 2256 468 2303 pax
493 2248 583 2298 est,
602 2239 860 2302 pecuniam
881 2237 1108 2301 exigendi
1123 2245 1356 2300 quantam
1374 2247 1578 2301 possunt
1594 2255 1763 2289 neces-

371 2316 503 2373 sitas,
528 2324 584 2363 ut
608 2331 716 2378 quae
737 2330 859 2378 opus
883 2322 998 2361 sunt
1029 2313 1091 2360 ad
1114 2312 1310 2370 bellum,
1334 2323 1509 2376 parata
1532 2314 1760 2364 habeant.

373 2391 471 2440 Sed
490 2391 676 2439 civibus
692 2390 808 2438 data
830 2398 944 2437 sunt
967 2406 996 2436 a
1021 2397 1196 2436 natura
1220 2388 1357 2451 quasi
1378 2389 1519 2448 vitra,
1546 2407 1655 2453 quae
1675 2392 1762 2439 ob-

366 2469 500 2531 jecta
523 2467 710 2530 majora
733 2482 878 2529 quam
898 2473 1013 2513 sunt
1041 2464 1192 2512 videri
1223 2464 1438 2520 faciunt3
1476 2481 1564 2528 per
1588 2482 1697 2530 quae
1721 2468 1762 2515 si

371 2544 612 2591 tributum
636 2542 833 2590 videant
869 2541 1367 2604 quantulumcunque,
1406 2558 1636 2605 magnam
1670 2559 1762 2607 pu-

371 2627 482 2668 tant
505 2635 609 2667 esse
633 2618 1013 2683 oppressionem.
1055 2616 1351 2679 Telescopiis
1376 2625 1559 2677 carent,
1585 2634 1760 2682 nempe

372 2696 587 2743 scientiis
635 2695 810 2759 quibus
851 2710 881 2742 a
920 2693 1190 2756 longinquo
1236 2693 1515 2755 prospicere
1561 2702 1761 2757 possent

372 2771 589 2819 miserias
623 2770 728 2818 illas
764 2769 1120 2833 impendenteS‚
1158 2783 1267 2830 quae
1308 2767 1410 2817 sine
1442 2769 1760 2832 pecuniarum

371 2846 813 2895 contributionibus
837 2854 951 2894 sunt
976 2843 1293 2892 inevitabiles
