1968 3236
444 228 514 262 na
541 228 799 262 own-Are
827 228 1183 262 camsi-uim.
1407 218 1504 270 433

120 341 174 390 in
195 347 428 399 montem,
452 340 673 388 homines
697 357 875 404 magna
897 357 957 388 ex
982 348 1119 403 parte
1143 337 1359 387 nondum
1386 353 1504 386 con·
1536 364 1639 396 ομ»,
1660 364 1757 396 xm

121 416 250 465 versi
267 416 331 465 ad
347 416 510 465 fidem.
582 416 728 465 Quod
751 426 914 464 autem
939 417 1116 464 attinet
1134 414 1197 463 ad
1213 421 1506 478 potestatem
1558 420 1755 496 Dm

122 492 300 541 arietes
322 492 541 540 furentes
565 492 823 540 coercendi
848 500 897 539 et
920 508 950 539 a
972 507 1120 554 grege
1154 490 1339 553 reliquo
1369 505 1509 554 sepa·
1558 501 1754 531 ecclesiastic·

124 567 281 627 randi,
320 568 549 615 Servator
590 577 758 615 noster
802 574 1097 630 potestatem
1138 566 1270 614 illam
1317 565 1369 613 in
1412 565 1508 613 hoc

123 643 308 692 mundo
331 644 434 707 ipse
459 644 715 701 recusavit,
739 643 957 690 triticum
983 651 1033 689 et
1057 642 1244 689 zizania
1268 641 1411 688 simul
1429 642 1510 704 ju-

124 718 245 767 bens
266 734 485 766 crescere
509 734 663 781 usque
688 718 751 765 ad
775 717 904 765 diem
924 717 1098 780 judicii
1120 738 1131 772 ;
1169 717 1324 764 multo
1349 717 1510 764 minus

124 802 420 859 potestatem
461 803 650 841 tantam
688 793 825 841 dedit
869 793 917 840 S.
946 793 1104 851 Petro,
1141 801 1226 840 aut
1262 793 1312 840 S.
1339 793 1511 840 Petrus

126 870 485 918 suecessoribus
510 870 624 916 suis.
692 869 819 916 Tum
843 869 937 925 ille,
966 876 1073 915 tum
1095 878 1317 931 pastores
1342 867 1512 915 caeteri

0 996 3 999 ,
120 945 421 1009 jubebantur
445 944 749 991 Christianos
773 943 896 1000 illos,
933 943 1021 1005 quiv
1053 943 1306 991 ecclesiam
1341 943 1512 990 audire

0 1019 15 1078 ζ
126 1020 319 1079 nolunt,
360 1028 597 1082 tanquam
633 1020 854 1067 ethnicos
896 1028 947 1066 et
985 1019 1270 1082 publicanos
1316 1018 1512 1066 ducere.

0 1053 12 1136 i
134 1095 260 1144 Cum
282 1111 400 1159 ergo
423 1095 565 1158 Papae
602 1095 653 1142 in
691 1094 912 1142 ethnicos
948 1101 1165 1169 potestas
1201 1093 1334 1140 nulla
1359 1094 1439 1152 sit,
1463 1093 1515 1140 in

127 1187 213 1220 eos
236 1171 386 1219 etiam
404 1171 488 1234 qui
511 1186 600 1233 pro
625 1170 833 1218 ethnicis
858 1169 1026 1216 haben
1045 1169 1239 1226 debent,
1255 1169 1390 1216 nulla
1407 1177 1498 1216 est.

196 1247 453 1303 Praeterea‚
477 1246 539 1293 ab
564 1245 669 1308 ipsa
691 1252 933 1308 potestate
961 1243 1263 1307 praedicandi
1300 1254 1518 1307 potesta-

128 1329 230 1370 tem
270 1321 321 1369 in
368 1336 507 1384 reges
554 1321 826 1368 coercivam
880 1319 1130 1367 concludit
1178 1319 1517 1368 Bellarminus.

129 1397 381 1455 Pastoris,
402 1396 575 1459 inquit,
599 1403 676 1444 est
696 1411 910 1460 gregem
924 1411 1146 1459 pascere
1164 1413 1181 1442 .·
1217 1403 1381 1458 potest
1401 1411 1518 1458 ergo

131 1473 278 1536 Papa,
295 1480 353 1519 ut
370 1472 583 1520 officium
606 1487 747 1519 suum
770 1471 968 1526 faciant,
984 1486 1124 1534 reges
1145 1486 1337 1533 cogere.
1376 1470 1519 1519 Unde

133 1547 357 1612 sequitur
371 1547 568 1610 Papam,
593 1554 833 1609 quatenus
855 1546 1108 1593 hominum
1128 1545 1520 1594 Christianorum

129 1632 300 1688 pastor
321 1631 413 1682 est,
432 1638 603 1686 regum
628 1638 732 1670 esse
756 1637 941 1685 regem.
994 1621 1141 1670 Quod
1164 1636 1226 1668 an
1251 1621 1524 1669 conceden-

134 1699 252 1748 dum
275 1699 356 1756 sit,
380 1714 521 1761 reges
545 1697 638 1761 ipsi
660 1696 891 1745 viderint.

201 1775 406 1823 Sextum
443 1783 494 1821 et
532 1773 764 1821 ultimum
805 1780 1149 1835 argumentum
1190 1772 1252 1819 ab
1293 1773 1526 1836 exemplis

133 1850 356 1899 sumitur.
426 1850 524 1898 Sed
564 1849 786 1912 exempla
824 1848 946 1895 nihil
982 1848 1208 1911 probant.
1282 1847 1525 1904 Secundo,

135 1925 374 1989 exempla,
413 1941 522 1988 quae
563 1924 644 1972 ille
679 1924 896 1981 adducit,
940 1924 1151 1986 speciem
1181 1923 1306 1986 juris
1341 1924 1525 1971 nullam

137 2000 342 2048 habent.
412 2001 470 2048 Id
504 2000 636 2064 quod
672 1999 791 2047 fecit
837 1999 1116 2058 Jehoiadas,
1156 1999 1239 2062 qui
1281 1999 1526 2046 Athaliam

138 2074 386 2123 interfecit
422 2076 473 2136 (2
500 2076 622 2139 Reg.
647 2075 712 2123 xi.
745 2081 820 2133 15,
850 2076 951 2135 16),
984 2082 1071 2122 aut
1109 2074 1294 2122 factum
1331 2083 1406 2122 est
1442 2090 1528 2122 au-

139 2150 374 2199 thoritate
406 2151 536 2214 regis
565 2151 703 2208 Joaz,
726 2157 812 2198 aut
843 2151 1019 2198 summi
1057 2149 1321 2197 sacerdotis
1356 2150 1528 2213 ingens

140 2226 326 2274 crimen
362 2233 482 2273 erat.
552 2225 680 2273 Nam
711 2224 937 2272 sacerdos
977 2240 1192 2272 summus
1227 2240 1286 2271 eo
1310 2233 1530 2288 tempore

141 2299 246 2363 regi
269 2307 376 2347 erat
398 2299 636 2347 subditus.
690 2299 839 2348 Quod
866 2299 1150 2347 Ambrosius
1187 2298 1531 2362 imperatorem

0 2377 9 2422 f
140 2373 469 2423 Theodosium
504 2374 1016 2432 excommunicaverit,
1052 2375 1236 2421 crimen
1267 2383 1374 2422 erat
1404 2374 1532 2422 laesae

141 2450 425 2514 majoetatis.
496 2449 644 2499 Quod
688 2449 751 2497 ad
794 2450 982 2513 judicia
1025 2450 1200 2498 attinet
1241 2449 1462 2512 Gregorii
1493 2449 1532 2507 Ι,

143 2525 366 2590 Gregorii
384 2525 451 2583 ΙΙ,
474 2525 737 2584 Zachariae,
774 2534 826 2573 et
862 2526 1038 2573 Leonis
1064 2526 1153 2583 ΙΙΙ,
1181 2526 1229 2572 in
1268 2525 1367 2572 suis
1403 2525 1532 2587 ipso-

143 2617 254 2649 rum
278 2601 437 2648 causis
468 2600 591 2648 nihil
612 2600 810 2657 valent3
845 2610 898 2649 et
936 2601 1085 2658 facta,
1121 2617 1230 2664 quae
1270 2600 1384 2647 huic
1418 2600 1533 2648 doc-

147 2677 293 2725 trinae
333 2675 605 2724 conformia
635 2684 918 2740 perpetrata
962 2685 1092 2734 sunt,
1139 2676 1384 2739 praecipue
1418 2690 1535 2723 vero

146 2751 333 2800 factum
350 2751 612 2810 Zachariae,
627 2751 901 2810 criminum,
925 2768 1035 2815 quae
1057 2751 1232 2799 cadere
1254 2758 1462 2815 possunt
1483 2750 1535 2799 in

149 2835 378 2876 naturam
399 2826 680 2886 humanam,
702 2827 918 2875 maxima
938 2827 1154 2876 fuerunt.

0 2910 17 2975 ξ
282 2916 407 2951 vm..
428 2916 514 2950 111.
1322 2914 1352 2949 Β
1372 2915 1402 2948 1¹·
