1968 3236
397 213 486 264 178
891 226 960 258 DE
989 225 1265 260 clvl‘rA'rn.

117 355 221 389 CAP.
237 354 356 388 xxn.
455 336 628 384 Eidem
647 337 897 400 systemati
921 338 961 384 si
986 338 1264 400 imponatur
1287 340 1349 387 ob
1374 340 1558 388 crimen
1582 340 1782 404 aliquod

123 410 331 493 Dm
388 413 574 461 mulcta
595 413 892 476 pecuniaria,
918 413 987 460 illi
1019 414 1109 461 soli
1132 414 1195 462 ad
1219 415 1511 463 solutionem
1533 423 1780 474 tenentur,

123 499 332 528 tibuscivium·
390 505 598 552 quorum
626 489 867 551 suffragiis
904 489 1011 536 fieri
1047 490 1232 538 crimen
1273 491 1524 539 decretum
1559 499 1680 549 erat,
1704 491 1782 539 vel

390 580 599 626 quorum
623 564 804 611 auxilio
825 564 1137 612 commissum
1162 572 1281 613 erat.
1353 567 1410 614 In
1435 567 1626 615 caeteris
1651 567 1783 614 enim

389 640 574 686 crimen
598 655 697 687 non
722 646 842 697 erat,
868 639 962 686 nisi
985 640 1170 687 crimen
1196 641 1258 688 sit
1290 642 1422 704 quod
1458 643 1678 690 membra
1711 658 1783 690 es-

390 722 499 763 sent
517 715 792 778 systematis
811 716 1073 778 peccantis.
1111 716 1170 763 Id
1187 724 1353 764 autem
1372 718 1557 766 crimen
1574 734 1675 766 non
1690 725 1781 776 est,

390 791 504 854 quia
541 798 755 854 systema
787 790 947 854 ipsum
981 791 1192 839 civitatis
1221 792 1518 841 authoritate
1542 793 1781 841 constitu-

388 873 495 913 tum
520 873 607 913 est.

459 941 510 989 Si
533 958 660 990 unus
684 958 745 990 ex
767 942 998 989 membris
1033 942 1293 1005 pecuniam
1328 944 1581 1006 systemati
1605 943 1784 992 debeat

390 1033 480 1065 nec
499 1017 672 1076 solvat,
697 1024 911 1081 systema
945 1024 1116 1065 contra
1154 1018 1291 1065 illum
1327 1018 1434 1082 lege
1470 1019 1602 1066 civili
1636 1035 1782 1083 agere

390 1092 551 1141 debet.
622 1093 795 1155 Neque
830 1092 960 1140 enim
1001 1093 1130 1140 bona
1164 1094 1268 1156 ejus
1304 1093 1428 1156 capi,
1455 1109 1547 1141 nec
1575 1109 1785 1157 persona

389 1169 493 1231 ejus
516 1168 569 1215 in
592 1183 838 1215 carcerem
862 1166 1039 1230 conjici
1062 1167 1213 1231 ipsius
1237 1168 1526 1231 systematis,
1554 1168 1641 1216 sed
1664 1169 1783 1217 civi-

387 1243 503 1292 tatis
522 1243 669 1292 solius
686 1243 987 1291 authoritate
1006 1251 1186 1306 potest.
1259 1243 1496 1292 Concives
1515 1244 1645 1292 enim
1669 1253 1786 1293 sunt

389 1327 602 1383 systema
626 1326 675 1367 et
697 1320 971 1367 membrum
995 1319 1115 1382 ejus.

457 1395 734 1458 Systemata
762 1395 1079 1443 subordinata
1115 1395 1263 1442 etiam
1295 1411 1385 1459 pro
1416 1403 1637 1458 tempore
1660 1411 1785 1459 prae-

389 1471 529 1518 finito
571 1470 802 1518 constitui
840 1476 1058 1534 possunt.
1141 1470 1364 1532 Exempli
1406 1486 1568 1530 causa,
1605 1472 1645 1518 si
1679 1488 1784 1519 mo-

388 1546 586 1593 narchae
610 1545 813 1593 dominii
847 1545 921 1592 sui
951 1545 1172 1608 partibus
1196 1546 1415 1608 singulis,
1439 1553 1497 1593 ut
1518 1546 1783 1608 provinciis

389 1628 439 1669 et
464 1621 670 1685 oppidis,
691 1621 924 1669 mandare
937 1621 1094 1668 visum
1111 1620 1259 1668 fuerit
1277 1637 1366 1684 per
1386 1621 1644 1684 deputatos
1669 1638 1784 1671 suos

390 1698 666 1755 convenire,
691 1705 748 1745 ut
779 1697 915 1744 illum
953 1697 1012 1744 de
1049 1696 1329 1744 conditione
1354 1697 1556 1744 dominii
1581 1698 1656 1745 sui
1680 1713 1784 1745 cer-

388 1773 564 1821 tiorem
588 1772 788 1831 faciant,
805 1779 855 1819 et
878 1772 923 1819 ei
947 1772 1078 1820 circa
1099 1772 1263 1834 legum
1287 1788 1524 1820 novarum
1548 1774 1784 1821 constitu-

390 1848 576 1896 tionem
592 1848 849 1896 consilium
866 1863 1006 1895 suum
1022 1847 1405 1910 impertiant,vel
1419 1856 1622 1911 propter
1635 1849 1782 1896 aliam

390 1939 587 1972 causam
612 1939 984 1987 quamcumque,
1006 1923 1408 1985 colloquaturque
1427 1940 1539 1971 cum
1559 1924 1653 1972 illis
1672 1931 1782 1972 tan-

390 2016 535 2063 quam
551 2015 662 2047 cum
680 2015 779 2046 una
794 2015 1004 2062 persona
1019 1999 1148 2046 cives
1164 2014 1332 2046 omnes
1346 2007 1780 2062 repraesentamra;

390 2075 614 2140 deputati
636 2075 706 2123 illi
729 2075 872 2123 simul
895 2091 952 2123 ac
980 2074 1088 2122 loco
1114 2081 1164 2121 et
1186 2081 1405 2137 tempore
1430 2091 1459 2122 a
1483 2092 1672 2124 summa
1692 2093 1782 2140 po-

388 2159 569 2201 testate
604 2151 873 2199 constituto
907 2150 1242 2207 convenerint,
1262 2150 1330 2197 ibi
1355 2157 1404 2198 et
1427 2160 1546 2199 tunc
1570 2158 1783 2215 systema

390 2236 506 2276 sunt
542 2227 794 2291 regulare3
831 2234 881 2274 et
919 2241 1180 2289 personam
1220 2225 1348 2288 gerit
1383 2233 1596 2289 systema
1628 2227 1781 2276 totius

390 2303 592 2352 dominii
615 2302 808 2362 civium,
833 2308 1070 2365 quantum
1092 2301 1270 2349 attinet
1303 2301 1367 2348 ad
1399 2318 1456 2349 ea
1492 2319 1601 2366 quae
1624 2319 1654 2351 a
1676 2319 1782 2352 mo-

387 2379 587 2438 narcha,
629 2393 868 2426 summam
912 2376 1123 2424 habente
1170 2384 1479 2439 potestatem,
1523 2379 1783 2428 tractanda

387 2462 725 2520 proponentur
745 2475 756 2510 ;
803 2453 868 2501 ad
912 2452 1008 2501 alia
1052 2460 1217 2500 autem
1254 2469 1354 2500 non
1400 2453 1536 2501 item.
1617 2455 1780 2503 Etiam

389 2531 585 2596 quando
608 2530 730 2579 nihil
766 2529 972 2593 amplius
1000 2528 1311 2576 tractandum
1336 2545 1439 2577 esse
1463 2547 1493 2578 a
1514 2531 1782 2579 monarcha

389 2606 732 2664 declarabitur,
773 2613 986 2669 systema
1025 2604 1146 2652 illud
1187 2604 1483 2667 dissolvitur.
1554 2606 1606 2654 Si
1647 2606 1779 2654 enim

390 2683 569 2732 civium
589 2682 807 2730 omnium
831 2689 882 2729 et
905 2680 1067 2744 quoad
1088 2680 1286 2743 negotia
1324 2681 1490 2729 omnia
1518 2697 1779 2745 personam

388 2766 595 2822 gereret,
610 2764 826 2822 potestas
849 2756 1125 2821 systematis
1149 2772 1337 2805 summa
1360 2765 1500 2817 esset,
1517 2765 1779 2821 essentque

389 2835 439 2882 in
465 2834 636 2882 eodem
660 2833 841 2897 populo
865 2848 1066 2881 summae
1100 2839 1368 2896 potestates
1394 2833 1502 2882 duae
1523 2854 1535 2889 ;
1571 2833 1624 2882 id
1646 2832 1779 2898 quod
