1968 3236
534 266 605 299 DE
633 266 887 299 clvl'rA'rE
911 264 1265 299 cnmS'rlANA.
1463 267 1468 271 ’
1491 255 1585 297 355

214 376 384 440 Itaque
407 392 495 440 per
529 377 680 424 edere
702 387 753 424 et
776 377 943 425 bibere
978 393 1121 440 super
1147 391 1363 424 mensam
1388 374 1586 432 Christi,

212 451 502 516 intelligitur
532 452 633 500 vita
667 460 865 510 aeterna,
889 453 988 500 sive
1012 453 1155 500 arbor
1178 451 1307 510 vitae,
1331 467 1440 515 quae
1463 466 1587 514 prae-

212 528 407 576 hebitur
445 528 496 575 in
528 544 678 590 regno
706 529 809 575 Filii
850 528 1073 576 hominis.
1142 528 1304 590 Atque
1338 527 1443 575 haec
1480 526 1589 574 loca

212 603 459 652 sufficiunt
482 603 545 651 ad
567 604 871 667 probandum
908 620 1113 667 regnum
1145 602 1324 651 Christi
1358 601 1590 650 adminis-

212 678 442 727 trandum
483 695 587 726 esse
628 680 688 727 ab
725 695 782 726 eo
818 680 867 726 in
902 688 1079 726 natura
1113 694 1200 726 sua
1233 678 1445 725 humana
1478 683 1590 740 post

212 755 632 803 resurrectionem.
715 755 875 802 Etiam
912 762 1043 812 tunc,
1069 770 1166 802 non
1198 753 1339 801 aliter
1370 768 1456 800 rex
1494 752 1589 800 erit

213 845 359 893 quam
383 831 472 878 sub
498 831 639 878 Patre
664 846 767 889 suo,
792 830 916 878 sicut
941 829 1106 878 Moses
1140 830 1190 876 in
1220 829 1426 887 deserto,
1451 836 1502 876 et
1534 835 1590 875 ut

212 905 491 955 sacerdotes
515 906 688 954 summi
713 914 826 954 ante
846 922 1050 969 regnum
1070 905 1218 963 Sauli,
1238 912 1287 952 et
1306 904 1431 952 sicut·
1448 919 1588 967 reges

211 990 327 1045 post
348 982 499 1030 illum.
570 983 650 1030 Sic
675 982 806 1030 enim
830 982 948 1029 dicit
972 982 1103 1029 Deus
1130 981 1299 1041 (Deut.
1324 981 1454 1028 xviii.
1488 981 1588 1042 18),

214 1057 404 1106 Mosem
441 1059 722 1121 alloquens:
776 1056 1038 1105 Suscitabo
1071 1056 1176 1104 illis
1190 1055 1492 1120 prophetam
1528 1072 1590 1103 ex

213 1133 371 1182 medio
388 1133 613 1195 fratrum
631 1148 842 1190 suorum,
858 1131 1063 1193 similqm
1078 1131 1184 1189 tibi,
1204 1137 1254 1178 et
1267 1147 1452 1195 ponam
1478 1147 1586 1178 ver-

214 1208 278 1256 ba
302 1226 408 1257 mea
437 1209 487 1257 in
519 1225 606 1256 ore
640 1210 762 1271 ejus,
833 1207 1108 1255 Similitudo
1144 1215 1305 1255 autem
1339 1207 1453 1255 haec‘
1479 1223 1591 1255 cum

214 1284 354 1332 Mose
378 1294 579 1348 apparet
602 1284 747 1332 etiam
766 1284 816 1331 in
836 1283 1104 1331 Servatoris
1126 1283 1279 1330 nostri
1303 1283 1589 1331 actionibus.

216 1359 355 1408 Sicut
367 1359 496 1408 enim
504 1361 667 1408 Moses
681 1359 827 1422 elegit
841 1358 1095 1406 duodecim
1108 1358 1351 1422 principes
1362 1358 1591 1413 tribuum,

214 1435 299 1499 qui
321 1436 408 1484 sub
433 1452 483 1483 se
507 1443 734 1498 regerent
754 1456 765 1489 ;
802 1435 871 1482 ita
895 1435 1124 1482 Servator
1146 1442 1312 1482 noster
1336 1433 1591 1482 duodecim

213 1511 361 1574 elegit
383 1511 641 1575 apostolos,
661 1510 743 1573 qui
766 1508 1004 1557 sedebunt
1021 1525 1165 1572 super
1183 1509 1438 1557 duodecim
1456 1509 1591 1557 thro-

214 1602 320 1645 nos,
358 1595 410 1635 et
437 1586 728 1650 judicabunt
763 1584 1018 1632 duodecim
1053 1585 1210 1633 tribus
1256 1585 1461 1634 Israelis.
1530 1586 1593 1632 Et

215 1662 343 1710 sicut
369 1663 531 1710 Moses
558 1660 907 1709 authoritatem
943 1660 1078 1708 dedit
1102 1662 1415 1724 septuaginta
1437 1661 1593 1708 senio-

215 1737 350 1786 ribus
372 1736 696 1800 prophetandi
720 1735 783 1784 ad
805 1736 1060 1799 populum;
1085 1736 1156 1784 ita
1174 1737 1404 1784 Servator
1429 1746 1595 1784 noster

215 1815 526 1880 septuaginta
553 1814 795 1863 ordinavit
830 1814 1090 1878 discipulos
1117 1815 1181 1862 ad
1211 1815 1594 1879 praedicandum.

217 1891 282 1940 Et
304 1891 445 1949 sicut,
468 1907 633 1939 coram
652 1891 790 1938 Mose
815 1907 923 1938 cum
949 1899 1235 1954 quereretur
1253 1892 1467 1954 quidam,
1491 1908 1595 1940 esse

220 1967 319 2030 qui,
347 1975 528 2030 praeter
562 1966 871 2030 septuaginta
903 1966 1132 2025 seniores,
1161 1967 1511 2030 prophetarent
1544 1968 1596 2015 in

219 2041 408 2100 castris,
433 2041 595 2089 Moses
629 2042 812 2089 factum
847 2057 1015 2090 eorum
1037 2043 1355 2106 approbavit3
1392 2044 1462 2091 ita
1486 2044 1596 2091 Ser-

221 2124 361 2165 vator
390 2127 570 2175 noster,
594 2126 920 2181 conquerente
943 2118 1132 2166 Joanne
1166 2118 1299 2182 quod
1331 2126 1491 2166 essent
1515 2118 1597 2182 qui

222 2191 273 2239 in
296 2192 493 2239 nomine
516 2193 620 2255 ejus
643 2193 902 2255 ejiciebant
926 2194 1179 2253 daemonia,
1204 2194 1387 2242 factum
1423 2210 1596 2257 appro-

222 2266 371 2322 bavit,
402 2266 567 2315 dicens
599 2267 738 2328 (Luc.
762 2268 827 2316 ix.
854 2270 957 2330 50),
987 2286 1046 2316 ne
1063 2269 1313 2334 prohibe,·
1351 2269 1596 2316 nobiscum

224 2342 348 2391 enim
370 2348 448 2389 est
470 2342 558 2405 qni
579 2359 672 2390 non
695 2350 771 2391 est
790 2350 963 2391 contra
987 2361 1088 2392 nos.

291 2417 450 2465 Etiam
480 2417 532 2464 in
566 2417 871 2466 institutione
904 2427 1338 2477 sacramentorum,
1375 2427 1479 2466 tum
1509 2418 1599 2466 ad-

225 2491 472 2540 missionis
507 2492 557 2539 in
593 2508 798 2555 regnum
829 2493 935 2552 Dei,
974 2503 1079 2543 tum
1115 2493 1598 2551 commemorationis,

227 2567 458 2615 Servatur
491 2575 658 2615 noster
691 2567 878 2617 Mosem
914 2578 965 2618 et
1009 2571 1339 2618 Abrahamum
1385 2569 1599 2617 imitatus

227 2650 317 2690 est.
387 2642 525 2690 Sicut
561 2643 690 2690 enim
728 2645 934 2708 populus
972 2646 1267 2694 Israeliticus
1304 2643 1474 2692 habuit
1508 2660 1599 2708 pro

228 2725 534 2766 sacramento
564 2717 869 2768 admissionis
899 2721 949 2769 in
985 2737 1189 2785 regnum
1222 2720 1312 2768 Dei
1335 2720 1482 2767 ritum
1506 2720 1599 2767 cir·

226 2792 553 2851 cumcisioniS,
577 2793 647 2840 ita
667 2793 848 2843 habent
882 2795 1146 2844 Christiani
1169 2795 1315 2843 ritum
1338 2794 1564 2858 baptismi
1586 2816 1598 2850 ς

229 2883 327 2932 quo
360 2882 475 2916 usus
509 2876 598 2927 est,
626 2869 800 2932 primo,
826 2870 855 2919 J
858 2871 1073 2919 ohannes
1107 2870 1328 2934 Baptista
1349 2870 1400 2918 in
1436 2886 1601 2935 recep-

1319 2960 1350 2992 A
1372 2959 1404 2992 Α
1427 2961 1448 2992 2

1628 397 1652 427 C
1658 397 1683 427 A
1691 396 1730 429 Ρ.
1749 396 1844 429 XLI·

1646 451 1831 471 b—Y—-d

1626 492 1669 520 De
1684 492 1842 520 servatoria

1626 536 1715 563 nostri
1729 535 1811 563 bene-

1625 579 1695 608 dicti
1708 578 1809 607 officio.
