1968 3236
112 371 215 403 CAP.
232 370 325 401 XLI]
334 392 346 404 .

140 425 321 447 ,Ἄρ-..κ

132 467 177 494 Dc
191 470 331 504 potestate

130 509 331 538 ecclesiastica

379 225 472 267 362
706 230 776 263 DE
798 226 1056 262 c1v1'rATE
1085 223 1454 259 cums'riANA..

381 343 599 404 dixitque
622 341 670 401 (2
699 340 819 400 Reg.
844 353 888 384 v.
921 340 995 394 17,
1028 336 1106 396 18)
1129 353 1140 381 :
1178 333 1476 397 Nonfaciet
1499 332 1638 381 ultra
1657 347 1763 381 ser-

381 435 468 466 vus
511 425 620 464 tuus
657 414 990 461 holocaustum
1031 417 1119 458 aut
1159 409 1406 456 victimam
1430 408 1530 456 diis
1565 408 1762 466 alienis,

382 493 479 542 nisi
504 491 744 538 Domino:
781 489 870 536 lioc
895 493 1056 534 autem
1080 485 1236 532 solum
1259 492 1336 532 est
1374 485 1435 532 de
1453 500 1548 548 quo
1585 485 1763 548 depre-

385 569 515 617 ceris
553 565 793 614 (lominum
821 578 924 627 pro
955 577 1098 609 servo
1123 567 1238 608 tuo:
1274 560 1471 623 quando
1507 559 1764 624 ingredie-

384 651 464 692 tur
490 641 711 690 dominus
735 654 867 686 meus
888 638 938 685 in
963 636 1194 700 templum
1217 636 1463 694 Remmon,
1484 642 1537 682 ut
1566 634 1764 694 adoret,

383 726 431 766 et
452 718 538 765 illo
581 716 816 764 innitente
835 729 987 778 super
1012 728 1202 759 manum
1224 727 1394 769 meam,
1414 711 1460 758 si
1484 711 1764 758 adoravero

383 796 432 842 in
458 792 637 857 templo
658 792 903 848 Remmon,
942 788 1191 836 adorante
1218 803 1274 835 eo
1299 787 1349 834 in
1374 786 1541 834 eodem
1565 786 1689 844 loca,
1709 792 1765 833 ut

385 871 615 935 ignoscat
639 867 756 914 milii
779 866 1019 913 Dominus
1042 880 1185 911 servo
1205 870 1286 910 tuo
1301 879 1404 927 pro
1423 863 1518 910 hac
1541 878 1614 910 re.
1652 861 1765 909 Hoc

383 946 452 993 illi
469 944 707 1008 propheta
723 941 978 999 concessit,
999 940 1142 1001 (vers.
1166 941 1264 1000 19),
1285 938 1614 1001 respondens:
1639 937 1767 985 vade

385 1021 434 1068 in
464 1036 612 1083 pace.
691 1018 970 1064 Naamanus
1005 1015 1086 1062 hic
1115 1014 1325 1062 credidit
1360 1013 1410 1061 in
1435 1013 1583 1060 corde
1606 1012 1767 1060 Deum

384 1111 581 1148 verum3
618 1092 866 1141 adorando
904 1098 1067 1138 autem
1101 1089 1258 1136 videri
1288 1089 1444 1136 voluit
1479 1104 1580 1135 non
1610 1086 1768 1135 credi-

388 1171 528 1227 disse,
558 1187 619 1217 ne
644 1168 912 1217 offenderet
936 1182 1102 1229 regem
1137 1181 1294 1213 suum.
1365 1163 1499 1212 Quid
1534 1179 1652 1226 ergo
1686 1177 1767 1210 re-

388 1247 730 1309 spondebimus
773 1244 836 1292 ad
869 1244 1018 1292 verba
1059 1241 1331 1290 Servatoris
1366 1239 1522 1288 nostri
1561 1237 1764 1300 (Matth.

387 1339 432 1369 x.
459 1324 580 1384 33):
632 1321 917 1383 Quicunque
962 1324 1118 1382 negat
1163 1333 1236 1364 me
1272 1331 1440 1364 coram
1476 1312 1768 1371 hominibus,

387 1414 481 1462 ego
526 1396 717 1462 negabo
753 1395 889 1443 illum
928 1410 1095 1442 coram
1145 1393 1301 1439 Patre
1341 1407 1460 1449 me0,
1490 1389 1575 1454 qui
1609 1394 1684 1436 est
1718 1388 1770 1436 in

389 1472 527 1519 coelis
544 1475 571 1519 ?
639 1470 1073 1533 Respondebimus,
1089 1468 1241 1525 illum,
1263 1466 1345 1530 qui
1369 1465 1591 1514 subditus
1617 1471 1692 1512 est
1712 1472 1772 1512 ut

390 1556 494 1595 erat
512 1548 807 1604 Naamanus,
833 1553 881 1593 et
905 1562 934 1592 a
962 1559 1078 1607 rege
1103 1559 1190 1591 suo
1215 1541 1417 1605 aliquid,
1445 1540 1772 1605 quodcunque

391 1623 441 1670 id
457 1623 534 1679 sit,
557 1623 716 1669 facere
741 1629 936 1668 coactus
963 1627 1051 1678 est,
1077 1619 1147 1667 ita
1169 1627 1223 1666 ut
1246 1634 1347 1666 non
1366 1624 1539 1680 sponte
1563 1631 1665 1674 sua,
1685 1614 1772 1663 sed

391 1698 441 1744 in
479 1697 648 1744 ordine
693 1696 755 1743 ad
801 1695 1129 1743 obedientiam
1169 1693 1356 1756 legibus
1395 1691 1566 1755 patriis
1606 1691 1772 1749 faciat,

391 1773 575 1820 factum
612 1772 738 1819 illius
778 1788 878 1819 non
915 1787 1035 1829 esse,
1071 1786 1163 1818 nec
1197 1769 1268 1817 illi
1303 1767 1660 1831 imputandum,
1685 1765 1772 1814 sed

392 1848 594 1910 regis,id
609 1847 913 1905 est,civitatis
931 1847 1113 1895 factum
1133 1862 1252 1904 esse,
1262 1853 1312 1893 et
1325 1844 1514 1907 legibus
1529 1843 1774 1906 imputan-

396 1923 532 1978 dum;
558 1939 714 1985 neque
733 1923 866 1969 illum
884 1939 1000 1980 esse,
1021 1922 1107 1970 sed
1122 1937 1289 1985 regem
1304 1935 1460 1978 suum,
1477 1918 1561 1982 qui
1575 1917 1775 1981 negavit

397 1999 659 2046 Christum.
698 1998 749 2045 Si
774 1998 878 2059 quis
905 1997 1178 2044 doctrinam
1202 1997 1327 2043 hanc
1353 2011 1465 2042 cum
1485 1993 1775 2042 Christiani-

396 2082 495 2122 tate
533 2074 720 2121 sincera
754 2090 851 2120 non
889 2074 1003 2121 satis
1049 2072 1324 2120 consentire
1368 2071 1527 2119 dicat:
1564 2069 1777 2117 libenter·

397 2150 458 2197 ab
482 2149 564 2197 illo
599 2149 762 2197 doceri
785 2148 944 2206 velim,
980 2149 1019 2196 si
1050 2149 1101 2196 in
1131 2148 1328 2196 civitate
1354 2145 1635 2194 Christiana
1658 2159 1776 2192 con-

396 2225 607 2288 tingeret
630 2224 850 2271 habitare
876 2224 1276 2271 Mahometanum
1311 2223 1540 2286 aliquem,
1565 2220 1776 2269 eundem

398 2300 584 2354 civem;
620 2299 850 2361 illumque
885 2298 1092 2346 civitatis
1128 2299 1255 2346 illius
1280 2315 1366 2346 rex
1389 2297 1593 2346 adorare
1617 2296 1776 2344 Deum

399 2377 496 2424 ritu
544 2375 822 2423 Christiano
881 2375 930 2421 in
976 2375 1179 2422 ecclesia
1224 2375 1420 2437 juberet
1467 2373 1556 2421 sub
1603 2371 1777 2419 mortis

399 2468 544 2515 poena
564 2472 575 2505 ;
611 2459 778 2498 utrum
802 2450 841 2497 is
867 2450 1265 2497 Mahometanum
1290 2449 1427 2497 illum
1451 2448 1503 2496 in
1527 2447 1780 2496 conscien-

400 2527 470 2575 tia
486 2534 693 2574 mortem
711 2524 813 2588 pati
831 2524 1098 2586 obligatum
1116 2540 1219 2572 esse
1239 2524 1438 2581 diceret,
1453 2523 1616 2588 potius
1631 2538 1779 2586 quam

403 2603 497 2665 legi
520 2601 691 2665 patriae
715 2616 815 2648 suae
835 2599 1047 2647 obedire.
1101 2600 1153 2647 Si
1177 2599 1308 2647 dicat
1327 2599 1504 2647 debere
1527 2598 1669 2658 mori,
1683 2597 1782 2662 pri·

403 2677 526 2725 vatis
549 2676 732 2724 civibus
753 2674 976 2723 omnibus
1009 2674 1280 2722 libertatem
1319 2673 1560 2732 concedit,
1594 2689 1684 2737 pro
1707 2689 1783 2721 re-

404 2752 582 2814 ligione
623 2766 711 2798 sua
746 2749 948 2813 privata,
973 2748 1071 2796 sive
1103 2765 1218 2797 vera
1241 2749 1340 2796 sive
1375 2749 1513 2807 falsa,
1551 2747 1782 2797 obedien·

406 2827 522 2874 tiam
542 2827 735 2889 regibus
754 2826 852 2874 suis
876 2824 1104 2887 legitimis
1130 2825 1386 2887 denegare.
1458 2824 1509 2873 Si
1535 2824 1671 2873 dicat
1696 2823 1782 2873 de-
