1910 3236
128 341 231 375 CAP.
247 342 326 375 XV.

130 394 320 419 κ-Ὓ-α

135 437 306 474 Deelgibus

135 480 338 510 naurataeliis.

381 200 470 243 114
890 211 960 243 DE
988 212 1231 245 HOMINE.

373 326 458 366 aut
472 319 734 367 admissum
753 320 981 368 retinebit
1000 321 1015 367 ?
1076 321 1239 370 Quare
1259 330 1343 371 aut
1362 324 1545 387 ejectus
1559 322 1751 386 peribit,

374 402 459 442 aut
499 395 629 455 quod
666 396 849 458 ejectus
886 412 986 444 non
1018 397 1095 455 sit,
1120 398 1290 447 alienae
1314 399 1509 447 debebit
1531 398 1751 455 insciffiae,

376 471 507 534 quod
525 478 598 519 est
616 478 787 518 contra
805 480 991 519 rectam
1008 473 1262 521 rationem.
1315 474 1505 522 Etiam
1494 490 1599 537 ipsa
1614 472 1754 536 regni

376 546 584 594 coelestis
606 563 693 609 per
716 547 1006 609 injustitiam
1023 549 1247 611 acquisiti
1261 550 1527 613 suppositio
1550 548 1756 597 ridicula

375 628 449 669 est
469 643 480 676 ;
516 637 603 685 per
626 622 777 669 solam
801 623 930 670 enim
948 623 1192 686 justitiam
1215 626 1399 688 acquiri
1420 632 1598 688 potest.

443 698 698 756 Praeterea,
723 698 973 761 supposito
998 699 1129 762 quod
1151 715 1356 763 regnum
1379 699 1670 763 acquisitum
1693 698 1756 745 sit

375 789 463 836 per
484 774 815 833 rebellionem,
839 775 987 822 etiam
1023 775 1092 823 sic
1116 784 1289 823 contra
1309 783 1495 823 rectam
1515 775 1756 823 rationem

375 849 665 911 acquisitum
689 850 812 905 erit;
847 857 952 898 tum
977 850 1093 914 quia
1115 867 1363 899 successus
1385 851 1506 899 tales
1530 850 1593 898 ad
1615 849 1756 898 initio

374 925 548 972 incerti
581 932 711 984 sunt,
734 932 841 973 tum
871 926 985 989 quia
1018 927 1238 990 exemplo
1275 943 1362 974 suo
1403 926 1641 974 docentur
1674 925 1757 974 alii

374 1001 666 1049 tantundem
679 1002 858 1050 audere
873 1010 1046 1050 eontra
1059 1003 1205 1066 ipsos.
1258 1003 1515 1051 Paetorum
1533 1017 1651 1065 ergo
1670 1001 1756 1049 ob-

375 1077 583 1125 servatio
603 1077 806 1125 rationis
823 1086 1124 1141 praeceptum
1139 1085 1226 1136 est,
1240 1078 1291 1125 id
1310 1087 1399 1137 est,
1412 1078 1491 1125 lex
1504 1077 1754 1126 naturalis.

444 1153 570 1200 Sunt
604 1153 686 1200 alii
718 1154 801 1216 qui
834 1162 1096 1218 praecepta,
1133 1170 1242 1217 quae
1277 1154 1340 1201 ad
1374 1151 1757 1201 conservandam

373 1228 525 1276 vitam
548 1236 839 1292 praesentem
861 1229 1157 1287 conducunt,
1181 1229 1312 1292 leges
1335 1235 1524 1276 naturae
1546 1243 1652 1276 esse
1673 1244 1758 1276 ne-

373 1312 510 1367 gant,
519 1304 604 1351 sed
617 1304 700 1351 illa
714 1320 822 1366 quae
838 1304 1023 1352 ducunt
1037 1304 1101 1352 ad
1113 1304 1396 1351 felicitatem
1409 1303 1523 1352 vitae
1537 1311 1756 1358 aeternae3

374 1379 439 1426 ad
462 1395 607 1442 quam
631 1379 902 1427 conducere
919 1379 1179 1442 aliquando
1199 1379 1368 1427 dicunt
1384 1387 1640 1442 pactorum
1653 1379 1758 1427 vio-

374 1454 621 1511 lationem,
646 1471 754 1518 quae
778 1454 976 1503 violatio
998 1461 1259 1518 propterea
1276 1456 1410 1518 justa
1437 1463 1524 1503 est.
1594 1455 1756 1518 Atque

374 1529 426 1577 hi
450 1537 580 1588 sunt,
618 1531 701 1592 qui
730 1530 926 1593 pietatis
958 1546 1077 1592 opus
1115 1546 1219 1577 esse
1250 1530 1434 1589 dicunt,
1471 1546 1612 1593 reges
1645 1545 1757 1579 suos

374 1611 616 1668 praetextu
640 1605 886 1668 religionis
909 1605 1035 1652 bello
1058 1605 1300 1668 persequi,
1326 1605 1585 1668 deponere,
1609 1614 1660 1654 et
1682 1607 1757 1654 in-

375 1681 613 1728 terficere.
668 1680 765 1728 Sed
784 1680 1014 1742 quoniam
1032 1686 1185 1727 status
1207 1680 1409 1727 humani
1425 1688 1536 1743 post
1549 1688 1756 1730 mortem

376 1756 581 1803 scientia
598 1756 733 1803 nulla
755 1763 843 1814 est,
867 1755 954 1803 sed
975 1755 1313 1803 tantummodo
1335 1755 1456 1803 fides
1478 1756 1756 1805 hominibus

376 1831 520 1880 certis
542 1831 725 1889 habita,
744 1831 1017 1878 dicentibus
1042 1847 1093 1878 se
1112 1830 1163 1878 id
1181 1831 1304 1879 scire
1324 1832 1758 1894 supernaturaliter

375 1907 452 1955 vel
470 1907 713 1970 accepisse
737 1907 797 1954 ab
817 1906 922 1954 aliis
947 1907 1379 1970 supernaturaliter
1408 1907 1686 1968 scientibus,
1707 1916 1757 1957 et

377 1982 446 2031 sic
465 1983 546 2031 alii
561 1983 623 2030 ab
647 1982 753 2030 aliis
768 1982 1075 2030 ascendendo
1096 2003 1108 2037 ;
1132 1982 1331 2030 violatio
1345 1990 1600 2046 pactorum
1612 1985 1758 2048 juxta

375 2058 570 2106 illorum
601 2059 891 2106 sententiam
922 2074 1023 2106 non
1045 2058 1167 2121 legis
1195 2059 1445 2118 naturalis,
1470 2059 1557 2107 sed
1590 2076 1757 2124 super-

376 2133 610 2182 naturalis
625 2133 822 2181 violatio
842 2141 930 2180 est.
967 2134 1146 2197 Legem
1162 2141 1324 2182 autem
1339 2137 1757 2197 supernaturalem

375 2210 610 2257 habemus
645 2208 828 2256 nullam
854 2216 1034 2271 praeter
1077 2209 1378 2272 Scripturam
1412 2226 1615 2259 sacram.
1684 2213 1758 2260 Ea

375 2293 539 2334 autem
574 2285 900 2334 obedientiam
929 2285 1125 2348 regibus
1155 2293 1402 2349 praestare,
1427 2294 1476 2334 et
1503 2295 1650 2350 pacta
1671 2288 1757 2336 ob-

375 2377 567 2411 servare
589 2362 766 2425 passim
791 2361 1028 2424 praecipit.

443 2438 556 2496 Alii,
585 2453 766 2495 rursus,
801 2443 945 2500 pacta
984 2436 1286 2484 observanda
1325 2453 1428 2484 esse
1463 2438 1755 2499 concedunt,

376 2521 704 2578 praeterquam
739 2529 851 2561 cum
884 2511 1140 2560 haereticiS.
1212 2512 1309 2560 Sed
1331 2513 1425 2560 hoc
1449 2529 1641 2577 quoque
1664 2514 1756 2563 ini-

377 2607 528 2656 quum
552 2597 639 2638 est.
709 2590 838 2638 Nam
860 2589 901 2637 si
922 2588 1095 2637 vitium
1125 2603 1346 2651 personae
1369 2589 1487 2637 satis
1512 2605 1671 2638 causae
1693 2588 1758 2638 sit

374 2667 508 2731 pacti
531 2665 760 2725 violandi,
783 2665 900 2713 satis
932 2664 1078 2712 etiam
1109 2679 1267 2712 causae
1291 2663 1500 2713 debebat
1521 2680 1625 2713 esse
1655 2681 1757 2714 non

374 2742 667 2807 paciscendi.

441 2819 635 2868 Justum
671 2825 722 2866 et
754 2817 988 2880 injustum
1014 2815 1265 2874 vocabula,
1301 2815 1434 2864 aliud
1466 2814 1754 2875 hominihus,
