1968 3236
525 278 703 312 APPRN
713 279 813 312 mx
838 279 911 312 An
939 278 1278 313 anu'rnAN.
1500 265 1595 311 523

211 388 467 454 defructu
505 389 707 438 arboris
742 389 1047 454 cognitionis
1071 389 1183 438 boni
1206 396 1257 438 et
1291 387 1427 447 mali,
1451 388 1598 436 mori·

209 463 336 513 endo
371 465 616 512 morieris.
703 465 939 513 Diabolus
975 472 1140 513 autem
1173 464 1238 513 ad
1274 465 1427 512 Evam
1453 463 1596 522 dixit,

213 539 364 601 (Gen.
388 540 457 587 iii.
478 542 557 601 5):
595 544 625 565 “
644 541 933 589 Prohibetur
963 541 1101 588 vobis
1132 556 1196 588 ne
1235 539 1502 588 comedatis
1537 539 1598 587 de

209 613 376 664 fructu
389 616 576 663 arboris
591 617 884 679 cognitionis
901 616 1020 664 boni
1038 624 1087 664 et
1104 616 1234 675 mali,
1253 632 1315 663 ne
1329 615 1459 663 fiatis
1473 615 1600 663 sicut

213 689 327 739 dii.”
361 692 520 739 Ambo
545 700 710 739 autem
734 691 951 739 Adamus
969 700 1019 739 et
1042 692 1145 739 Eva
1162 691 1428 739 ambitione
1444 690 1599 748 ducti,

212 766 427 830 serpenti
459 766 789 825 crediderunt,
823 766 928 814 Deo
964 782 1066 814 non
1100 765 1428 823 crediderunt,
1464 774 1515 814 et
1538 765 1600 813 de

211 840 378 890 fructu
400 842 553 890 vetito
578 842 925 890 comederunt:
962 841 1126 904 itaque
1170 842 1302 889 Deus
1335 850 1599 904 utrumque

213 933 244 965 a
267 917 496 966 Paradiso
520 917 721 980 expulit,
742 933 804 964 ne
827 932 1028 964 manum
1051 916 1115 964 ad
1137 917 1361 964 arborem
1383 916 1497 964 vitae
1520 932 1601 964 ex·

214 993 487 1050 tenderent,
514 1001 564 1040 et
586 993 807 1040 viverent
830 992 881 1039 in
905 1000 1159 1040 aeternum.

280 1067 347 1116 A.
383 1068 613 1131 Intelligo
637 1068 752 1116 hinc
777 1067 1021 1116 Adamum
1041 1084 1105 1129 gx
1129 1083 1215 1116 esu
1236 1067 1427 1115 fructus
1458 1067 1602 1115 arbo-

215 1142 283 1191 ris
305 1144 420 1192 vitae
443 1144 606 1191 vivere
628 1144 844 1207 potuisse
869 1144 920 1191 in
944 1132 1198 1201 aeternum,
1217 1159 1274 1191 ac
1297 1143 1445 1191 fuisse
1469 1158 1603 1191 crea-

215 1225 337 1277 tum,
383 1235 485 1267 non
530 1235 618 1267 sua
673 1227 863 1277 natura,
907 1218 992 1267 sed
1037 1218 1378 1267 tantummodo
1419 1209 1602 1266 virtute

216 1294 405 1342 arboris
438 1294 569 1352 vitae,
605 1294 964 1342 immortalem:
1001 1302 1254 1357 praeterea,
1279 1309 1476 1357 poenam
1498 1293 1602 1341 vio-

215 1368 303 1417 lati
325 1369 559 1433 praecepti
583 1369 732 1416 divini
773 1369 963 1417 Adamo
988 1369 1225 1417 inflictam
1246 1369 1395 1416 fuisse
1418 1377 1603 1417 morta-

215 1444 421 1502 litatem,
453 1460 562 1507 quae
595 1444 867 1492 necessario
891 1445 1282 1507 consequebatur
1304 1444 1365 1491 ab
1390 1459 1448 1492 eo
1471 1443 1602 1508 quod

215 1519 339 1568 illud
371 1519 655 1583 perdiderit,
679 1520 783 1567 sine
821 1535 918 1583 quo
958 1519 1122 1567 vivere
1157 1519 1207 1567 in
1242 1527 1481 1567 aeternum
1502 1535 1603 1567 non

215 1594 392 1658 potuit.
430 1595 552 1643 Haec
583 1595 843 1643 manifesta
865 1595 1022 1643 inesse
1044 1594 1096 1642 in
1120 1610 1259 1642 sacro
1282 1602 1421 1642 textu
1443 1594 1602 1642 video.

218 1668 318 1718 Sed
352 1686 451 1718 non
488 1670 647 1727 video,
687 1686 837 1734 quare
878 1669 1111 1729 Adamus,
1150 1669 1418 1718 secundum
1456 1669 1606 1718 verba

218 1745 609 1794 comminationis
649 1744 843 1804 divinae,
878 1761 980 1794 non
1015 1745 1183 1793 statim
1222 1761 1280 1793 ac
1317 1745 1606 1793 comedisset

218 1829 440 1870 mortuus
463 1821 544 1880 sit,
563 1820 651 1869 sed
672 1820 797 1868 vixit
819 1820 1079 1884 plusquam
1101 1827 1377 1884 nongentos
1400 1836 1570 1868 annos.

285 1897 352 1945 B.
387 1898 518 1945 Deus
540 1913 641 1945 non
664 1897 788 1944 dixit
811 1897 1096 1960 simpliciter
1118 1896 1365 1955 morieris,
1390 1895 1477 1943 sed
1507 1911 1605 1942 mo-

220 1971 396 2020 riendo
419 1972 666 2029 morieris,
689 1971 741 2020 id
777 1979 866 2031 est,
892 1988 1005 2020 cum
1038 1972 1262 2020 morieris
1294 1971 1530 2029 morieris,
1554 1970 1607 2018 id

221 2053 314 2105 est,
336 2062 438 2095 non
460 2047 734 2105 revivisces,
760 2047 847 2095 sed
869 2055 1092 2095 mortuus
1109 2055 1347 2111 perpetuo
1371 2046 1485 2094 eriS.
1524 2045 1605 2093 Sic

221 2121 432 2185 explicat
463 2121 628 2170 locum
660 2122 972 2181 Athanasius,
1007 2130 1058 2170 et
1080 2130 1215 2170 recte
1237 2143 1249 2177 ;
1285 2137 1399 2169 nam
1425 2120 1607 2168 idioma

223 2203 298 2245 est
320 2197 660 2245 Hebraeorum.
727 2197 802 2245 Ex
824 2214 922 2261 quo
954 2197 1246 2261 intelligitur
1268 2195 1607 2244 comminatio-

222 2287 338 2319 nem
360 2271 492 2319 illam
526 2272 774 2335 pertinere
798 2273 945 2321 etiam
969 2273 1033 2321 ad
1055 2272 1234 2321 Adami
1255 2271 1606 2335 posteritatem,

224 2346 277 2395 id
299 2354 390 2405 est,
414 2346 478 2394 ad
510 2361 664 2410 genus
703 2346 985 2396 humanum.
1054 2348 1218 2410 Atque
1241 2347 1355 2394 hinc
1378 2353 1452 2394 est
1477 2346 1608 2410 quod

226 2422 347 2470 dicit
368 2421 614 2485 apostolus
637 2421 814 2470 Paulus
841 2423 1005 2484 (Rom.
1032 2439 1076 2471 v.
1104 2425 1194 2485 12),
1211 2437 1314 2487 per
1342 2427 1607 2485 peccatum

226 2496 371 2544 nnius
388 2495 594 2543 hominis
618 2512 748 2543 mors
772 2497 981 2546 intravit
1005 2498 1055 2545 in
1086 2497 1307 2545 mundum
1324 2515 1343 2551 ‚·
1377 2496 1510 2544 unde
1533 2512 1607 2545 se-

227 2571 396 2635 quitur
425 2587 526 2620 non
561 2570 708 2619 modo
744 2580 947 2622 caeteros
980 2573 1218 2630 homines,
1252 2587 1418 2619 verum
1461 2571 1607 2619 etiam

230 2647 474 2696 Adamum
509 2647 670 2710 ipsum
708 2649 1047 2698 necessitatem
1080 2648 1307 2697 habuisse
1329 2646 1501 2695 utendi
1523 2647 1608 2695 be-

229 2722 404 2770 neficio
426 2721 598 2770 mortis
611 2722 641 2770 J
644 2737 729 2770 esu
747 2721 930 2773 Christi
948 2724 1011 2773 ad
1025 2724 1177 2772 vitam
1195 2730 1443 2781 aeternam,
1462 2737 1608 2786 quam

229 2796 508 2862 perdiderat
530 2812 617 2845 sua
638 2797 795 2862 culpa.

298 2872 345 2920 Α
351 2909 363 2920 .
401 2871 534 2921 Quid
556 2870 660 2920 ita?
