1968 3236
415 291 507 335 284
743 300 814 333 DE
840 298 1095 333 οῙνΙΤΑΤΕ
1123 297 1474 331 cnms‘rmNA.

136 433 395 468 maxxxw,
480 410 638 458 Etiam
674 410 723 458 in
759 410 892 457 libris
926 408 1287 472 prophetarum,
1323 409 1404 472 qui
1437 423 1524 471 per
1556 406 1788 472 spiritum

136 488 398 566 „mne
417 486 530 543 Dei,
555 486 605 533 id
642 492 727 544 est,
751 501 838 548 per
871 485 1051 532 donum
1075 484 1166 531 Dei
1190 485 1394 547 speciale
1417 483 1787 547 prophetabant,

136 582 222 609 quum
241 573 349 600 habeut
370 573 398 621 131
417 562 732 624 praescientia,
757 577 900 623 quam
916 561 1189 607 habuerunt
1207 576 1368 607 rerum
1385 560 1674 617 futurarum,
1689 573 1787 605 non

137 615 293 652 Scripturis
308 617 401 643 Sacris

136 658 278 686 vocabum
304 659 380 695 spiri.
419 654 447 683 a
486 636 753 683 substantia
798 635 959 697 aliqua
993 635 1278 697 incorporea
1312 634 1401 682 sibi
1435 634 1608 692 infusa,
1640 634 1726 681 sed
1758 649 1790 680 a

136 701 344 781 ssgssgagssfflm’
362 702 402 729 ³¹¹·
419 713 598 759 somnio
621 712 695 758 vel
719 710 904 758 visione
927 710 1280 772 supernaturali
1303 709 1523 773 profecta
1545 717 1634 757 est.

484 788 706 849 Legimus
735 787 871 847 (Gen.
902 786 950 832 ii.
978 786 1027 846 7)
1059 805 1069 832 z
1122 785 1263 833 Fecit
1295 785 1432 832 Deus
1461 785 1693 832 hominem
1726 800 1790 831 ecc

410 862 617 926 pulvere
642 869 808 919 terroe,
829 868 877 909 et
895 861 1111 925 spiravit
1128 860 1176 908 in
1195 877 1343 908 nares
1361 862 1466 924 ejus
1485 859 1791 924 spirae-ulum

415 937 543 995 vitoe‚
563 944 612 984 et
617 937 801 1000 faetus
826 943 901 983 est
924 937 1060 983 homo
1087 936 1135 983 in
1171 936 1380 984 animam
1409 935 1638 983 viventem
1656 954 1673 989 ,·
1706 934 1790 982 ubi

415 1028 500 1074 per
519 1012 822 1076 spiraculum
844 1012 958 1059 υἱέα»
984 1012 1285 1075 significatur
1299 1012 1393 1060 hoc
1410 1017 1616 1068 tantum,
1631 1011 1786 1059 Deum

415 1087 483 1134 illi
508 1087 695 1135 dedisse
734 1087 898 1134 vitam.
968 1088 1031 1134 Et
1050 1087 1143 1134 Job
1168 1087 1312 1135 xxvii.
1339 1093 1368 1135 3
1390 1105 1401 1134 ε
1437 1086 1669 1150 quamdiu
1686 1086 1789 1151 spi-

415 1163 542 1211 ritus
565 1162 664 1210 Dei
691 1170 766 1210 est
802 1163 852 1210 iu
886 1162 1090 1210 naribus
1120 1163 1254 1221 meis,
1280 1162 1534 1225 significat,
1559 1161 1791 1225 quamdiu

414 1238 582 1285 viaero
602 1258 618 1293 ;
645 1246 693 1286 et
716 1238 890 1286 Ezech.
910 1238 942 1286 i.
963 1244 1053 1287 20:
1075 1238 1287 1302 spiritus
1307 1239 1419 1286 vitoe
1439 1243 1553 1285 erat
1576 1237 1626 1284 in
1648 1236 1791 1295 rotis,

415 1313 466 1360 id
491 1322 579 1372 est,
606 1323 727 1362 rotae
758 1315 974 1362 viventes
998 1323 1167 1369 erant3
1215 1322 1265 1361 et
1288 1314 1462 1361 Ezech.
1488 1313 1536 1359 ii.
1563 1319 1616 1361 2:
1642 1319 1691 1360 et
1716 1312 1792 1360 in-

414 1404 622 1452 gressus
647 1396 723 1436 est
747 1389 796 1436 in
820 1406 893 1436 me
916 1389 1143 1453 spirituS,
1161 1396 1427 1453 postquam
1458 1388 1686 1452 loquutus
1714 1394 1792 1436 est

417 1463 547 1522 mihi,
573 1471 621 1511 et
639 1465 819 1512 statuit
844 1482 917 1512 me
939 1480 1090 1529 super
1104 1464 1266 1528 pedes
1285 1481 1427 1522 meos,
1442 1463 1494 1511 id
1517 1471 1605 1522 est,
1630 1462 1789 1526 recepi

418 1540 565 1586 robur
587 1541 749 1599 vitale,
773 1557 873 1588 non
898 1540 1029 1604 quod
1052 1540 1269 1604 ingressa
1291 1540 1352 1588 sit
1375 1540 1426 1587 in
1460 1539 1594 1586 illum
1630 1538 1790 1585 incor-

419 1630 565 1676 porea
588 1616 748 1678 aliqua
771 1616 1051 1663 substantia.

484 1689 628 1738 Num.
654 1691 717 1738 xi.
751 1693 804 1745 17
827 1710 837 1738 :
876 1690 1119 1754 Auferam
1144 1689 1205 1737 de
1228 1688 1414 1754 spirita
1447 1695 1543 1747 tuo,
1569 1688 1791 1736 tradam-

418 1781 511 1828 que
545 1765 632 1823 eis,
658 1772 710 1812 ut
743 1772 1013 1814 sustentent
1047 1772 1203 1813 tecum
1238 1781 1357 1811 onus
1382 1763 1578 1828 populi,
1612 1770 1662 1811 et
1695 1780 1789 1812 non

419 1846 470 1888 tu
492 1842 625 1889 solus
646 1843 879 1906 graveris
901 1861 916 1897 ;
954 1859 1126 1906 nempe
1163 1842 1473 1905 septuaginta
1503 1842 1788 1890 senioribus.

418 1917 552 1963 Tunc
575 1934 687 1965 vero
714 1918 807 1964 duo
832 1934 891 1965 ex
914 1918 1007 1965 illis
1031 1917 1340 1980 septuaginta
1364 1917 1413 1964 in
1430 1917 1600 1964 castris
1618 1916 1790 1965 dicun-

418 1998 498 2039 tur
519 1992 831 2054 prophetasse
849 2013 859 2047 3
897 1993 1026 2055 quod
1050 2009 1160 2040 cnm
1182 1993 1211 2040 J
1215 1992 1366 2040 oshua
1386 1992 1513 2039 Mosi
1531 2002 1789 2051 narrasset,

421 2067 779 2129 monuissetque
803 2084 863 2115 ne
886 2069 1204 2130 permitteret,
1230 2068 1392 2115 Moses
1415 2084 1514 2115 non
1528 2067 1788 2115 consensit.

421 2142 620 2190 Constat
643 2142 755 2189 hinc
779 2143 1002 2190 nesciisse
1024 2144 1052 2191 J
1057 2159 1239 2201 osuam,
1258 2142 1390 2206 quod
1412 2158 1498 2205 per
1521 2142 1790 2190 authorita-

420 2224 519 2264 tem
544 2217 695 2264 Mosis
718 2218 1075 2280 prophetarent.
1147 2218 1372 2282 Spiritus
1396 2233 1513 2280 ergo
1536 2217 1631 2264 hoc
1661 2216 1787 2276 loco,

422 2307 511 2355 pro
526 2291 818 2339 authoritate
837 2293 1047 2354 ponitur.
1086 2293 1269 2340 Eodem
1287 2308 1431 2340 sensu
1446 2292 1625 2356 legitur
1644 2291 1789 2340 Dent.

421 2365 579 2414 xxxiv.
602 2372 653 2413 9:
675 2365 861 2413 Joshua
886 2368 1171 2429 vermfilius
1190 2367 1322 2426 Nun,
1342 2367 1565 2431 repletus
1588 2373 1663 2415 est
1686 2365 1791 2432 spi-

422 2442 523 2489 ritu
537 2442 810 2506 sapientiae,
826 2442 942 2504 quia
958 2443 1126 2489 Illoses
1138 2443 1309 2508 posuit
1328 2458 1479 2507 super
1496 2459 1601 2490 eum
1622 2458 1793 2490 manus

421 2533 572 2571 suas;
607 2523 656 2564 et
679 2516 962 2564 obedierunt
986 2517 1032 2564 ei
1052 2518 1161 2579 filii
1185 2517 1367 2565 Israel.
1435 2518 1639 2581 Accepit
1661 2518 1791 2566 enim

421 2593 449 2640 J
454 2592 603 2640 oshua
625 2608 654 2639 a
677 2592 813 2639 Mose
838 2591 1181 2640 authoritatem
1201 2593 1416 2656 regendi,
1435 2600 1546 2657 post
1564 2593 1790 2656 seipsum,

422 2667 651 2730 populum
673 2666 1005 2714 Israeliticum.

489 2742 627 2789 Rom.
652 2741 748 2789 viii.
774 2745 825 2789 9:
854 2741 968 2788 Nisi
992 2741 1102 2804 quis
1125 2741 1354 2805 spiritum
1381 2742 1573 2790 Christi
1594 2741 1792 2802 haheat,

424 2832 515 2863 non
530 2823 605 2863 est
619 2818 748 2879 ejus:
771 2816 854 2863 ubi
872 2832 970 2863 non
989 2816 1271 2879 intelligitur
1288 2818 1574 2881 phantasma
1597 2818 1791 2877 Christi,

425 2893 508 2941 sed
545 2893 766 2942 doctrina
801 2894 1084 2942 Christiana.
1150 2895 1271 2942 Item
1302 2902 1317 2943 l
1344 2897 1518 2945 Johan.
1542 2896 1604 2944 iv.
1629 2902 1692 2945 2:
1730 2895 1792 2944 In
