1968 3236
435 246 528 288 542
747 252 1033 286 APPENDIX
1060 252 1131 284 AD
1161 250 1500 284 LEVIATHAN.

197 388 300 420 ΟΜ).
317 388 365 419 11.
499 364 565 411 B.
603 363 1025 426 Philosophorum,
1061 377 1181 423 quos
1220 361 1320 409 dixi
1362 378 1524 426 supra,
1565 362 1819 410 hominum

186 444 373 514 m
431 440 767 503 imperitorum
808 438 1138 500 apostolorum
1169 444 1390 500 tempore
1421 438 1706 502 vigentium,
1742 454 1819 484 ar—

327 506 331 512 *
354 507 359 513 ⁵
431 515 684 579 rogantia;
711 514 795 577 qui
813 514 1002 561 caeteris
1025 513 1303 561 hominibus
1328 515 1549 576 argutius
1570 514 1819 577 disputare

431 600 481 639 et
503 590 752 654 potentius
775 605 1003 652 perorare
1040 588 1325 636 didicerant.
1399 589 1467 636 Hi
1505 588 1569 636 ad
1609 589 1821 651 discipli-

431 683 542 715 nam
568 666 749 714 Christi
773 665 1061 712 accedentes
1080 666 1131 712 in
1155 665 1464 728 presbyteros
1483 671 1533 712 et
1551 665 1819 728 episcopm,

431 743 495 790 ad
518 741 874 790 defendendam
915 749 963 789 et
1002 741 1371 804 propagandam
1393 740 1558 798 fidem,
1586 756 1712 803 pene
1735 755 1820 787 ne-

431 818 641 865 cessario
666 817 973 880 eligebantur
994 838 1004 872 ;
1042 825 1092 864 et
1115 818 1464 880 magistrorum
1490 832 1691 864 suorum
1713 816 1820 863 eth-

431 894 669 952 nicorum,
695 901 936 956 quantum
963 900 1211 956 poterant,
1238 894 1385 940 etiam
1409 892 1529 940 facti
1554 891 1820 939 Christiani

432 969 662 1032 dogmata
684 968 1021 1023 retinuerunt3
1058 976 1108 1015 et
1131 976 1396 1031 propterea
1427 967 1706 1030 Scripturas
1731 967 1820 1014 Sa-

431 1061 537 1092 cras
561 1044 625 1092 ad
647 1043 1007 1107 philosophiam
1046 1059 1184 1091 suam
1217 1052 1267 1091 et
1301 1043 1449 1091 fidem
1475 1043 1819 1100 Christianam,

431 1129 664 1183 tanquam
701 1118 907 1166 eandem
930 1135 1051 1180 rem,
1077 1119 1219 1167 simul
1249 1118 1634 1167 conservandam
1667 1119 1820 1166 inter-

429 1194 612 1259 pretari
636 1194 955 1242 conabantur.

498 1270 560 1317 A.
599 1269 734 1319 Quid
758 1278 864 1317 erat
886 1269 1087 1317 haeresis
1106 1270 1157 1316 in
1180 1269 1507 1332 philosophia,
1527 1269 1646 1317 satis
1669 1269 1820 1331 expli-

432 1346 566 1393 casti.
638 1345 773 1394 Quid
811 1361 926 1392 vero
963 1345 1014 1392 in
1054 1345 1259 1392 ecclesia
1304 1344 1558 1392 dicebatur
1603 1344 1818 1403 haeresis,

430 1420 650 1468 nondum
667 1420 902 1484 intelligo.

498 1496 562 1544 B.
600 1497 658 1544 In
683 1497 889 1544 ecclesia
910 1497 1160 1560 primitiva
1197 1513 1351 1561 usque
1387 1498 1449 1545 ad
1474 1505 1667 1560 tempus
1691 1497 1820 1545 Con-

432 1572 530 1619 cilii
554 1573 746 1631 Niceni,
773 1573 1004 1636 dogmata
1041 1574 1216 1637 quibus
1251 1574 1378 1621 inter
1402 1590 1453 1621 se
1477 1573 1820 1636 discrepabant

433 1648 701 1696 Christiani
725 1664 783 1696 eo
808 1656 1045 1712 tempore,
1071 1657 1212 1696 erant
1229 1650 1463 1712 pleraque
1488 1650 1619 1696 circa
1637 1648 1819 1696 doctri-

434 1740 546 1771 nam
590 1724 846 1772 Trinitatis
867 1746 878 1779 ;
915 1726 1053 1788 cujus
1100 1724 1400 1787 mysterium,
1440 1740 1720 1787 quanquam
1756 1724 1818 1771 ab

432 1799 655 1847 omnibus
690 1807 942 1848 teneretur
978 1799 1480 1862 incomprehensibile,
1504 1799 1617 1847 freti
1654 1807 1818 1846 tamen

431 1890 629 1922 suorum
669 1876 1017 1939 magistrorum
1051 1875 1373 1939 philosophia,
1412 1874 1656 1938 explicare
1697 1875 1819 1922 alius

430 1950 524 1998 alio
559 1951 704 1998 modo
737 1967 883 1999 ausus
921 1958 1009 1999 est.
1082 1951 1226 1999 Unde
1249 1950 1407 2014 primo
1433 1957 1555 1998 ortae
1580 1958 1695 1998 sunt
1719 1950 1818 1998 dis-

428 2026 719 2089 putationes,
745 2027 921 2075 deinde
951 2027 1130 2090 jurgia,
1156 2034 1207 2074 et
1231 2026 1423 2084 deinde,
1449 2025 1512 2074 ad
1535 2025 1818 2074 scandalum

429 2101 711 2150 evitandum
752 2113 802 2150 et
842 2119 1013 2166 pacem
1061 2103 1111 2150 in
1158 2102 1364 2150 ecclesia
1409 2101 1816 2161 constituendam,

428 2178 601 2240 synodi
625 2178 857 2226 adhibitae
882 2187 1011 2236 sunt,
1034 2185 1317 2226 convocatae
1335 2178 1470 2225 nulla
1486 2177 1706 2240 jussione
1729 2177 1819 2225 im-

428 2254 720 2315 perantium,
746 2254 831 2301 sed
868 2255 1080 2302 coitione
1118 2254 1457 2318 episcoporum
1481 2261 1531 2301 et
1565 2261 1817 2317 pastorum

428 2328 719 2386 voluntaria,
731 2329 926 2391 quando
943 2337 1163 2377 cessante
1178 2329 1519 2392 persecutione
1534 2336 1815 2392 potuerunt.

431 2403 488 2449 In
521 2404 694 2466 quibus
730 2404 959 2452 Conciliis
994 2404 1113 2468 quid
1137 2404 1197 2451 de
1220 2405 1317 2452 fide
1347 2404 1398 2452 in
1422 2420 1475 2452 re
1501 2412 1818 2453 controversa

430 2480 697 2528 tenendum
735 2487 862 2527 esset
901 2479 1211 2528 definierunt.
1283 2480 1432 2529 Quod
1455 2488 1620 2528 autem
1644 2479 1816 2527 defini-

429 2561 534 2601 tum
558 2564 679 2613 erat,
704 2555 825 2603 fides
850 2555 1113 2610 catholica;
1140 2556 1271 2618 quod
1292 2557 1591 2614 damnatum,
1616 2555 1816 2604 haeresis

430 2628 697 2679 dicebatur.
739 2632 858 2678 Erat
882 2631 1012 2678 enim
1032 2631 1322 2690 Concilium,
1347 2640 1576 2695 respectu
1599 2630 1815 2694 episcopi

428 2705 503 2751 vel
528 2706 734 2767 pastoris
760 2705 1033 2768 singularis,
1060 2706 1266 2754 ecclesia
1289 2707 1546 2766 catholica,
1572 2707 1672 2754 sive
1691 2714 1814 2765 tota,

430 2779 530 2827 sive
566 2780 880 2836 universalis;
917 2781 1043 2828 sicut
1067 2788 1116 2828 et
1140 2798 1309 2829 eorum
1334 2782 1515 2845 opinio,
1540 2781 1814 2836 catholica;

428 2854 673 2917 singulare
696 2863 861 2904 autem
896 2857 1230 2919 cujuscunque
1262 2857 1473 2919 pastoris
1497 2857 1691 2919 dogma,
1714 2857 1814 2905 hae-
