1968 3236
419 259 511 302 524
732 267 1018 300 APPENDIX
1045 266 1117 299 AD
1146 266 1485 301 LEVIATHAN.

193 402 294 433 CAp.
316 403 346 435 1,
482 381 545 428 B.
585 381 713 429 Quia
736 381 854 428 dicit
879 380 927 427 S.
949 380 1140 438 Paulus,
1171 380 1215 441 (l
1249 379 1360 428 Cor.
1384 396 1463 428 xv.
1486 381 1672 441 22-24),
1689 395 1798 442 quae

166 455 360 534 m
415 465 488 504 est
529 456 782 503 harmonia
804 455 994 502 Veteris
1033 463 1083 502 et
1122 455 1251 502 Novi
1287 455 1587 503 Testamenti
1607 476 1619 510 ;
1657 454 1800 502 Sicut

166 541 289 570 Niceno·
416 532 466 579 iu
489 532 536 578 Α
542 531 685 578 dumo
710 546 871 578 omues
896 531 1077 577 mortui
1101 537 1230 588 sunt,
1249 530 1322 577 ita
1339 531 1389 577 iu
1414 530 1615 577 Christo
1636 546 1799 578 omnes

414 607 717 668 vivificamur
741 624 759 653 .·
811 606 1145 670 unusquisque
1188 606 1237 653 in
1281 605 1499 670 proprio
1546 620 1761 669 corpore
1779 623 1797 652 .·

403 681 651 745 primitioe
681 680 948 727 Christus:
985 680 1164 728 deinde
1202 680 1281 728 illi
1322 680 1407 744 qui
1446 687 1561 728 sunt
1588 679 1797 739 Christi,

413 756 462 803 in
486 756 699 804 adventu
728 756 935 803 Christi.
1006 755 1205 803 Deinde
1212 757 1358 818 finis,
1384 762 1479 804 etc.

476 832 542 878 A.
580 831 831 879 Adventus
856 831 1038 879 Christi
1063 831 1156 878 erit
1179 832 1310 879 idem
1346 847 1457 879 cum
1496 831 1575 879 die
1607 831 1796 895 judicii.

412 907 568 954 Nemo
595 923 711 970 ergo
735 907 992 954 reviviscet
1017 915 1132 954 ante
1157 907 1287 954 diem
1316 907 1506 970 judicii,
1527 906 1613 954 sed
1637 907 1688 954 in
1711 907 1796 955 illo

411 983 515 1045 ipso
541 982 632 1030 die.
669 983 914 1030 Adamum
939 999 1055 1045 ergo
1077 990 1208 1030 certe
1234 983 1519 1030 salvandum
1539 998 1642 1030 esse
1659 990 1795 1046 puto,

411 1074 501 1105 nec
524 1065 688 1106 tamen
711 1060 863 1106 vitam
885 1058 1089 1121 recipiet
1112 1066 1227 1106 ante
1251 1058 1380 1106 diem
1403 1058 1644 1106 ultimum.
1714 1059 1797 1108 In-

410 1141 543 1181 terea
566 1134 810 1196 quomodo
835 1134 1026 1181 dicetur
1048 1133 1244 1182 vivere?
1316 1134 1368 1182 Si
1391 1150 1479 1197 per
1502 1134 1716 1182 animam
1738 1135 1791 1183 in

410 1209 533 1257 coelo
569 1210 702 1258 vivet
735 1210 953 1257 Adamus
985 1218 1251 1273 antequam
1286 1219 1359 1258 est
1393 1210 1652 1268 animatus,
1690 1210 1795 1258 ani-

409 1301 488 1332 ma
511 1286 628 1348 ejus,
649 1286 690 1333 si
709 1286 854 1334 modo
880 1286 943 1334 sit
967 1286 1241 1334 substantia
1262 1286 1448 1344 vivens,
1472 1286 1602 1335 vivet
1619 1287 1670 1334 in
1694 1302 1795 1335 non

409 1360 622 1408 animato
664 1377 883 1425 corpore,
930 1361 1063 1426 quod
1098 1361 1241 1409 valde
1279 1362 1455 1410 durum
1498 1369 1571 1410 est
1614 1362 1792 1411 dicere.

410 1436 600 1484 Animae
637 1444 801 1484 autem
832 1437 1086 1485 hominum
1121 1453 1305 1496 eorum,
1327 1437 1411 1500 qui
1447 1437 1498 1484 in
1523 1436 1602 1485 die
1621 1437 1794 1501 judicii

407 1511 458 1558 in
489 1520 621 1560 terra
642 1513 875 1572 viventes,
901 1513 1221 1561 elevabuntur
1254 1512 1318 1561 ad
1340 1513 1495 1560 nubes
1518 1520 1570 1560 et
1592 1513 1707 1561 inde
1730 1513 1794 1561 ad

408 1587 599 1646 coelum,
625 1588 809 1636 eaedem
846 1589 1037 1648 animae,
1064 1604 1271 1652 corpora
1304 1588 1559 1636 habebunt
1594 1588 1793 1652 spiritu-

409 1662 518 1722 alia,
556 1664 822 1727 eademque
862 1665 1079 1713 animata
1115 1664 1305 1723 animis,
1331 1664 1371 1712 si
1395 1663 1591 1727 quidem
1616 1664 1792 1714 animae

410 1738 508 1786 sint
525 1740 810 1788 substantiae
828 1740 879 1788 in
895 1756 946 1788 se
965 1740 1244 1798 existentes,
1263 1739 1610 1803 spiritualibus.
1647 1740 1794 1789 Quae-

409 1830 523 1862 nam
560 1831 676 1878 ergo
717 1816 811 1864 erit
852 1816 1127 1864 differentia
1159 1815 1243 1863 illa
1278 1815 1407 1863 inter
1434 1815 1530 1863 duo
1554 1815 1638 1863 illa
1660 1816 1793 1865 entia

409 1890 690 1952 spiritualia,
716 1908 890 1955 corpus
915 1899 964 1940 et
987 1892 1216 1940 animam.

472 1966 540 2013 B.
574 1966 699 2014 Mihi
720 1967 916 2030 quidem
936 1967 1211 2015 differentia
1229 1966 1312 2014 illa
1329 1966 1681 2029 inexplicabilis
1699 1975 1789 2027 est,

406 2041 497 2088 nisi
521 2042 818 2090 concedatur
840 2043 993 2091 vitam
1017 2051 1253 2091 aeternam
1287 2042 1563 2090 hominibus
1586 2058 1687 2091 non
1714 2043 1789 2092 in-

405 2116 565 2179 cipere
600 2117 694 2165 nisi
730 2135 760 2166 a
794 2120 1167 2178 resurrectione,
1207 2127 1258 2167 et
1298 2119 1450 2166 vitam
1487 2126 1538 2166 et
1572 2119 1787 2168 animam

403 2192 607 2240 eandem
626 2210 730 2242 esse
745 2210 864 2251 rem,
881 2212 993 2243 cum
1011 2196 1062 2243 in
1079 2195 1342 2258 Scripturis
1365 2194 1526 2242 Sacris
1545 2210 1787 2258 nusquam

403 2277 570 2330 aperte
595 2269 973 2334 distinguantur.
1043 2271 1205 2319 Verba
1229 2279 1394 2318 autem
1424 2269 1507 2318 illa
1531 2270 1711 2319 Christi
1734 2270 1787 2320 in

402 2359 546 2392 cruce
569 2346 632 2393 ad
654 2346 910 2405 latronem,
928 2347 1064 2407 (Luc.
1086 2347 1220 2394 xxiii.
1246 2347 1334 2407 43)
1359 2364 1370 2392 ε
1406 2345 1579 2393 Hodie
1603 2362 1787 2394 mecum

402 2419 504 2466 eris
529 2420 577 2468 in
608 2422 859 2484 paradiso
875 2440 894 2477 ‚·
930 2429 979 2470 et
1001 2422 1083 2469 illa
1116 2422 1180 2469 ad
1204 2420 1499 2484 discipulos;
1535 2420 1655 2486 Ego
1679 2437 1785 2469 sum

403 2493 556 2541 arbor
579 2496 694 2543 υἱέα»
712 2515 731 2551 ‚·
766 2513 999 2560 quorsum
1019 2505 1260 2559 spectant,
1285 2496 1381 2544 nisi
1403 2503 1459 2543 ut
1483 2495 1644 2544 sciant
1666 2496 1786 2544 fide-

402 2567 471 2616 les
507 2578 725 2618 amotum
750 2587 853 2618 esse
890 2588 920 2619 a
955 2580 1099 2634 porta
1137 2571 1350 2635 paradisi
1389 2570 1607 2634 gladium
1644 2571 1784 2620 illum

402 2644 747 2703 flammantem,
772 2654 821 2694 et
854 2662 942 2709 per
965 2646 1255 2695 sacrificium
1281 2646 1463 2695 Christi
1485 2645 1783 2709 patefactam

402 2719 527 2766 viam
552 2736 655 2767 esse
690 2720 753 2768 ad
784 2722 1006 2769 arborem
1029 2721 1158 2779 vitae,
1183 2722 1235 2769 id
1258 2730 1347 2780 est,
1372 2720 1436 2768 ad
1467 2720 1618 2769 vitam
1637 2730 1781 2771 aeter-

402 2809 514 2840 nam
536 2794 551 2840 ‚³
589 2795 719 2842 Quid
743 2811 860 2857 ergo
885 2811 1007 2859 opus
1039 2803 1112 2844 est
1132 2796 1212 2859 pio
1236 2796 1423 2844 homini
1446 2796 1781 2846 immortalita-

399 2875 497 2914 tem
530 2885 663 2916 suam
696 2870 946 2928 creationi,
982 2870 1031 2918 id
1072 2880 1161 2930 est,
1187 2879 1390 2930 naturae,
1433 2871 1596 2933 potius
1633 2888 1779 2935 quam

400 2942 737 3005 redemptioni,
763 2944 1028 2993 attribuere
1050 2945 1065 2991 ἓ
