1968 3236
218 411 321 443 CAP.
339 411 370 444 l.

199 465 386 487 s—-Y-a

202 503 248 532 De
262 502 394 540 symbolo

201 547 324 575 Niceno.

447 268 542 310 530
766 275 1052 309 APPENDIX
1077 274 1150 307 AD
1178 274 1516 308 LEVIATHAN.

442 388 623 453 glorioe
656 388 850 444 divinae,
876 386 991 443 sive,
1017 385 1147 447 quod
1180 385 1310 432 idem
1347 393 1435 444 est,
1459 385 1624 432 lumen
1662 384 1828 432 delu-

446 464 588 519 cido;
625 479 738 510 nam
762 461 974 509 lucidum
1003 467 1075 508 est
1109 461 1382 508 substantia
1419 461 1519 508 sive
1556 461 1831 524 subjectum

445 540 654 588 luminis.
714 537 903 585 Deinde
933 537 1084 597 (Heb.
1104 536 1168 583 xi.
1196 537 1241 598 l)
1270 536 1391 583 fides
1414 543 1618 584 vocatur
1652 536 1832 600 hypos-

446 615 572 662 tasis
613 630 781 661 earam
817 628 981 660 rerum
1016 628 1142 675 qaas
1176 628 1452 676 speramus,
1487 611 1539 659 id
1566 619 1654 670 est,
1695 613 1831 673 (nam

445 690 593 737 dictio
612 688 946 751 metaphorica
965 690 1078 748 est),
1094 687 1215 735 fides
1234 696 1308 735 est
1324 687 1695 735 fundamentum
1712 688 1830 750 spei.

443 765 608 813 Tertio
655 766 706 824 (2
734 764 845 811 Cor.
878 764 943 810 ix.
974 764 1047 825 4),
1089 763 1174 810 ubi
1216 763 1392 810 Paulus
1434 763 1699 826 apostolus,
1747 763 1831 826 qui

443 839 834 888 benevolentiam
860 839 1226 886 Corinthiorum
1256 839 1546 901 promissam
1570 838 1700 902 apud
1723 838 1832 885 Ma-

446 910 653 964 cedonas
695 916 981 978 jactaverat,
1023 913 1398 977 promissionem
1438 914 1571 961 illam
1615 913 1830 978 appellat

433 991 735 1054 jactationis
770 1007 873 1037 sace
909 990 1221 1054 hypostasin,
1247 989 1297 1037 id
1323 997 1413 1048 est,
1437 989 1830 1037 fundamentum.

510 1068 573 1115 A.
613 1066 746 1121 Quid
769 1066 1013 1129 significat
1037 1066 1255 1113 essentia
1271 1068 1300 1113 s?

510 1144 573 1191 B.
612 1143 796 1201 Patres,
821 1150 878 1189 ut
915 1141 1032 1199 dixi,
1056 1157 1155 1189 non
1180 1140 1489 1203 distinguunt
1512 1139 1779 1188 essentiam
1802 1155 1832 1187 a

443 1218 739 1267 substantia.

510 1295 574 1343 A.
612 1294 746 1343 Quid
769 1310 884 1356 ergo
911 1302 986 1341 est
1008 1292 1292 1340 substantia
1312 1295 1340 1340 ,9

509 1371 572 1418 Β.
610 1370 748 1417 Idem
791 1369 923 1432 quod
964 1385 1066 1427 ens,
1109 1368 1161 1415 id
1203 1376 1293 1426 est,
1332 1367 1566 1431 quicquid
1606 1375 1680 1415 est
1717 1383 1831 1415 vere

443 1447 679 1504 existens,
705 1445 992 1492 distinctum
1017 1461 1046 1491 a
1072 1443 1431 1508 phantasmate
1455 1451 1505 1491 et
1528 1443 1732 1491 nomine.

509 1522 573 1569 A.
612 1521 744 1570 Quid
770 1537 886 1584 ergo
911 1536 1032 1583 opus
1057 1527 1162 1567 erat
1185 1519 1368 1567 Graecis
1393 1529 1444 1567 et
1461 1519 1648 1567 Latinis
1673 1519 1836 1567 detor-

444 1614 590 1660 quere
614 1598 815 1645 nomina
839 1597 955 1644 satis
979 1595 1178 1659 cognita
1201 1602 1250 1642 et
1273 1595 1523 1643 intellecta
1545 1595 1596 1642 in
1631 1595 1832 1643 nomina

442 1674 643 1732 incerta,
665 1689 872 1736 quorum
890 1671 1230 1734 aequivalentia
1247 1670 1298 1718 in
1314 1671 1484 1734 lingua
1499 1671 1714 1720 Hebraea
1730 1686 1830 1718 non

444 1749 774 1807 inveniuntur,
798 1764 958 1812 neque
986 1748 1038 1796 in
1070 1747 1170 1795 ulla
1192 1747 1361 1810 lingua
1383 1754 1498 1794 sunt
1521 1744 1831 1794 necessaria?

515 1826 575 1872 B.
615 1824 825 1873 Quando
862 1823 1064 1871 nomina
1097 1821 1466 1885 detorquentur,
1490 1829 1546 1869 ut
1577 1837 1691 1869 cum
1721 1822 1780 1869 fit
1802 1837 1833 1868 a

443 1916 562 1947 voce
586 1900 650 1958 ὄν,
676 1901 822 1955 οὐσίας
859 1900 920 1946 ab
945 1899 1213 1960 ὗφιςᾶμενον,
1238 1897 1471 1952 ὑπόςασις;
1508 1897 1568 1944 ab
1598 1903 1725 1954 ente,
1757 1912 1833 1944 es-

445 1976 632 2030 sentia;
669 1992 698 2023 a
720 1975 969 2033 substans,
995 1974 1268 2021 substantia
1288 1995 1299 2030 ;
1336 1974 1396 2021 ab
1421 1972 1601 2031 albam,
1625 1972 1830 2028 albedo;

445 2052 658 2099 detorsio
678 2051 760 2099 illa
784 2068 814 2098 a
835 2049 1135 2114 philosophis
1161 2049 1341 2097 dicitur
1364 2048 1647 2097 abstractio.
1685 2049 1834 2111 Prop-

445 2136 579 2174 terea
614 2142 793 2174 nomen
827 2126 877 2172 ὅν
906 2131 1199 2183 concretam,
1220 2126 1338 2172 οὐσία
1364 2124 1710 2178 abstractum:
1746 2138 1832 2172 ens

447 2209 739 2259 concretum,
782 2201 993 2249 essentia
1030 2199 1338 2247 abstractum
1360 2219 1376 2254 ‚·
1424 2200 1590 2248 album
1631 2214 1832 2247 concre-

446 2284 559 2335 tum,
606 2277 779 2325 albedo
828 2276 1137 2324 abstractam
1181 2276 1470 2339 appellatur.
1554 2273 1832 2338 Aliquando

445 2361 610 2401 autem
633 2369 721 2416 pro
745 2369 865 2401 voce
889 2352 1135 2399 abstracta
1156 2359 1364 2400 utuntur
1387 2352 1536 2399 verbo
1560 2350 1831 2406 infinitivo;

445 2436 501 2475 ut
524 2444 635 2476 cum
670 2444 759 2491 pro
784 2429 908 2475 οὐσία
931 2427 1088 2474 Graeci
1121 2427 1292 2475 dicunt
1314 2428 1364 2473 τό
1388 2428 1487 2474 {uam
1507 2447 1519 2482 ;
1556 2425 1717 2474 Latini
1741 2441 1832 2489 pro

446 2503 671 2560 eSsentia,
709 2519 847 2558 esse;
884 2501 1040 2549 Graeci
1075 2518 1163 2564 pro
1206 2503 1424 2560 λευκότης,
1451 2502 1501 2548 τό
1532 2502 1631 2548 εἰναι
1662 2500 1832 2559 λευκόν,

445 2579 522 2626 vel
559 2579 706 2626 etiam
729 2580 779 2625 τό
804 2578 972 2635 λευκὸν,
998 2578 1256 2626 articulum
1279 2577 1330 2624 τό
1353 2577 1622 2625 referentes
1645 2591 1746 2623 non
1769 2574 1834 2623 ad

447 2654 615 2718 λευκὸν9
648 2654 734 2701 sed
777 2654 840 2702 ad
877 2653 1191 2700 subauditum
1227 2653 1374 2712 ὄνομα.
1446 2653 1571 2700 Item
1606 2650 1770 2699 Latini
1803 2666 1834 2698 a

447 2736 675 2777 concreto
695 2729 876 2788 vivens,
895 2729 1195 2776 abstractum
1218 2728 1406 2776 faciunt
1423 2744 1524 2776 non
1547 2726 1692 2775 modo
1710 2725 1831 2784 vita,

447 2803 533 2851 sed
555 2804 703 2852 etiam
728 2804 906 2852 vivere.
978 2803 1102 2852 Quae
1125 2820 1270 2851 voces
1305 2804 1564 2852 abstractae
1601 2802 1698 2851 dici
1719 2816 1834 2865 pos·

449 2887 590 2932 sunt;
627 2895 717 2926 nec
757 2878 980 2927 absurde.
1051 2879 1175 2927 Cum
1209 2879 1340 2926 enim
1368 2879 1438 2927 rei
1462 2894 1578 2927 vere
1602 2875 1833 2926 existenti
