1968 3236
522 259 592 292 nu
619 259 877 293 mvn-Aru
905 258 1255 294 cums'rmNA.
1445 267 1452 273 -
1478 247 1570 298 271

202 371 314 429 cim,
355 377 404 418 et
441 370 737 455 reliquorum
780 379 1003 434 quatuor.
1095 370 1305 419 Eosdem
1350 376 1576 418 numerat
1595 392 1698 425 CAp
1707 392 1857 425 χχχιιι

204 446 564 509 Hieronymus;
601 446 845 504 nimirum,
882 446 1034 494 Mosis
1059 447 1287 510 quinque,
1313 445 1621 518 Propheta-D
1633 447 1821 468 *γ’*

1593 489 1780 522 Denuml'o,
1799 497 1848 517 fln-

202 538 311 571 rum
351 531 479 577 octo,
526 529 574 569 et
601 522 1060 585 Hagiographorum
1096 537 1287 569 novem.
1357 521 1575 583 Uterque
1593 533 1734 570 ticinium²
1744 540 1841 568 scopo

202 598 379 646 librum
417 597 676 661 Sapientiae
712 598 1000 655 Solomonis,
1043 596 1450 655 Ecclesiasticum,
1489 597 1576 644 Ju-
1592 575 1776 657 oessoessffij
1778 574 1862 645 ιιὶἰιῖἷ

202 673 327 731 dith,
350 673 569 729 Tobiam,
593 674 802 736 primum
819 681 868 720 et
892 673 1158 720 secuudum
1182 673 1577 731 Machabeorum,
1594 669 1831 691 ‘mmmmm

0 798 5 810 ‚
29 778 47 811 μ’
204 765 236 798 a
270 765 456 797 canone
498 749 728 797 excludit.
820 749 1029 796 Eosdem
1064 749 1191 796 solos
1226 748 1581 796 transtulerunt

205 824 544 890 Septuaginta
582 824 614 870 Ι
614 831 894 889 nterpretes
924 824 973 871 in
997 824 1213 888 linguam
1236 824 1470 882 Graecam,
1494 823 1582 871 ho-

205 900 360 949 mines
388 899 549 947 Judaei
572 899 753 947 Graecae
777 900 956 962 linguae
979 900 1138 963 periti,
1159 901 1296 963 jussu
1317 899 1445 963 regis
1469 899 1583 947 Pto-

0 967 74 1040 ‘¹225
204 975 381 1024 lomaei.
451 975 524 1022 De
552 974 685 1022 libris
708 974 1006 1022 Testamenti
1030 975 1157 1022 Novi
1194 974 1322 1022 inter
1357 974 1584 1022 ecclesias

17 1046 25 1064 ⁵
43 1042 69 1065 '²'
207 1050 508 1099 Christianas
533 1051 864 1098 controversia
896 1050 1030 1098 nulla
1057 1057 1145 1098 est.
1215 1050 1472 1098 Librorum
1497 1050 1584 1098 Sa-

8 1178 26 1186 ,Ὗ
81 1175 83 1178 ,
206 1142 401 1175 crorum
442 1126 703 1189 scriptores
727 1126 809 1189 qui
831 1126 1028 1248 fueriffi,
1064 1142 1123 1173 ex
1157 1125 1370 1173 historiis
1394 1125 1584 1173 ostendi

3 1191 25 1262 ἶ
50 1199 83 1255 2232
206 1217 307 1250 non
329 1209 522 1265 potest;
557 1201 772 1264 ipsorum
795 1217 911 1264 ergo
926 1201 960 1248 li
1007 1191 1157 1248 *orum
1184 1201 1367 1248 lumine
1385 1201 1585 1248 investi-

12 1262 20 1282 ¹
205 1276 354 1341 gandi
378 1285 553 1333 essent,
578 1276 618 1324 si
642 1276 839 1324 omuino
875 1275 1155 1338 investigari
1188 1283 1417 1339 possent;
1454 1275 1583 1339 quod

205 1352 370 1400 lumen
394 1352 486 1399 etsi
513 1352 892 1416 uniuscujusque
927 1351 1038 1399 libri
1066 1352 1352 1414 scriptorem
1386 1367 1485 1399 non
1509 1367 1584 1399 os-

206 1426 392 1485 tendat,
428 1426 641 1474 ostendit
674 1435 836 1474 tamen
873 1443 968 1490 quo
1001 1426 1104 1474 fere
1137 1434 1355 1490 tempore
1379 1427 1583 1490 quisque

206 1502 415 1566 scriptus
430 1501 593 1549 fuerit.

276 1577 421 1625 Liber
461 1577 777 1625 Pentateuchi
818 1578 1103 1641 scriptorem
1137 1578 1363 1626 habuisse
1394 1578 1585 1625 Mosem

208 1667 309 1701 non
343 1652 554 1710 videtur,
592 1652 678 1700 sed
712 1653 876 1716 potius
915 1653 976 1701 de
1014 1653 1152 1701 Mose
1186 1669 1332 1716 quam
1371 1669 1401 1701 a
1446 1653 1585 1701 Mose

210 1729 421 1792 scriptus
460 1744 579 1776 esse.
667 1729 894 1792 Legimus
932 1729 1090 1792 capite
1126 1729 1298 1777 ultimo
1345 1729 1586 1777 Deutero-

204 1803 361 1852 nomii
381 1805 524 1865 (vers.
550 1807 626 1864 6):
669 1810 718 1852 et
740 1820 834 1852 non
856 1804 1087 1870 cognovit
1103 1804 1241 1852 homo
1272 1804 1586 1869 sepulchrum

210 1879 318 1942 ejus
353 1895 507 1943 usque
546 1879 597 1927 in
628 1886 929 1944 proesentem
967 1879 1131 1935 diem;
1166 1879 1217 1928 id
1241 1887 1329 1938 est,
1359 1896 1511 1942 usque
1533 1881 1583 1928 in

209 1954 374 2003 diem
361 1971 412 2003 ιιι
435 1971 532 2018 quo
554 1955 678 2002 liber
700 1955 780 2002 ille
803 1955 1013 2018 scriptus
1037 1962 1157 2003 erat.
1208 1955 1453 2019 Scriptum
1468 1971 1585 2019 ergo

210 2044 315 2078 esse
331 2029 481 2094 longo
498 2037 610 2093 post
623 2038 831 2077 mortem
846 2030 999 2078 Mosis
1014 2038 1249 2094 tempore,
1273 2031 1586 2079 manifestum

209 2113 300 2154 est.
369 2105 516 2155 Quod
541 2106 729 2153 Mosem
754 2106 903 2153 verba
935 2106 1042 2154 haec
1075 2106 1321 2170 scripsisse
1354 2122 1442 2170 per
1474 2123 1586 2169 pro-

210 2179 428 2244 phetiam
468 2180 649 2238 dicant,
688 2180 909 2244 ineptum
948 2189 1038 2229 est.
1130 2182 1331 2239 Rursus,
1372 2182 1423 2228 in
1462 2181 1586 2230 libro

211 2255 444 2305 Genesios
477 2256 580 2317 (xii.
616 2257 669 2318 6)
711 2256 945 2320 legimus:
1021 2256 1362 2305 Pertransivit
1398 2256 1589 2304 Abram

213 2338 402 2380 terram
424 2347 577 2396 usqae
610 2332 683 2380 ad
713 2331 869 2380 locum
893 2332 1102 2390 Sic-hem,
1128 2348 1280 2396 usqae
1304 2332 1376 2379 ad
1397 2330 1590 2379 conval-

213 2405 307 2455 lem
322 2406 582 2456 illustrem.
619 2407 912 2456 Chananeus
926 2415 1086 2456 autem
1103 2415 1218 2455 tunc
1235 2407 1413 2455 eratin
1429 2412 1587 2454 terra.

214 2480 338 2530 Quae
374 2482 521 2529 verba
555 2498 661 2530 esse
690 2498 790 2530 nou
826 2490 1028 2546 possunt
1063 2483 1157 2530 nisi
1195 2483 1314 2545 ejus,
1350 2480 1434 2544 qui
1471 2488 1590 2527 tunc

93 2606 95 2618 ἶ
212 2555 408 2619 scripsit
430 2556 623 2619 quando
658 2557 708 2604 in
746 2573 805 2605 ea
843 2565 975 2605 terra
1008 2558 1296 2605 Chananeus
1331 2572 1430 2604 non
1465 2563 1588 2603 erat.

6 2687 7 2695 ἵ
78 2668 86 2679 v.
214 2629 328 2679 Non
363 2637 477 2679 sunt
500 2646 616 2694 ergo
657 2647 716 2679 ea
753 2632 903 2680 verba
940 2632 1108 2680 Mosis.
1180 2632 1379 2689 Rursus,
1420 2630 1588 2691 (Num.

7 2727 11 2775 1
213 2705 311 2753 xxi.
354 2706 450 2765 14‚)
485 2704 554 2752 sic
586 2705 820 2769 legimus:
869 2706 1076 2754 Dicitur
1117 2707 1168 2754 in
1202 2706 1331 2754 libro
1355 2704 1591 2752 bellorum

8 2777 11 2790 '
80 2798 104 2814 ν’
215 2779 416 2828 Domini
433 2797 451 2826 :
488 2778 627 2828 Sicut
642 2780 784 2845 fecit
807 2781 858 2830 in
880 2781 1026 2829 Mari
1039 2781 1225 2839 Rubro,
1249 2780 1323 2828 sic
1338 2779 1517 2844 saciet
1540 2779 1591 2827 in

216 2854 519 2903 torrentibus
558 2855 747 2904 Arnon.
818 2857 943 2906 Quae
977 2857 1122 2905 scribi
1145 2873 1175 2904 a
1198 2856 1336 2904 Mose
1358 2855 1465 2919 ipso
1488 2870 1590 2903 non
