1968 3236
476 247 545 281 DE
573 246 830 281 clvl'rA'rE
857 244 1211 279 CHRISTIANA.
1433 229 1531 282 437

153 359 260 408 ditu
276 358 534 408 necessarii
553 358 660 415 illis,
678 358 760 420 qui
781 365 893 405 sunt
908 356 1140 405 salvandi.
1178 355 1338 403 Primo
1353 361 1531 411 autem,
1550 374 1652 406 eff,
1678 372 1810 405 xmn,

152 435 209 493 is,
233 434 311 483 cui
335 433 593 491 credimus,
619 433 789 496 aliquis
815 442 904 489 est,
925 448 1069 495 quem
1093 431 1373 494 loquentem
1396 428 1532 477 audi·
1550 427 1815 504 „emm

152 514 342 568 vimus;
378 513 493 576 quia
529 512 727 560 credere
760 511 1053 575 impossibile
1082 519 1156 557 est
1192 509 1276 566 illi,
1302 507 1385 572 qui
1416 506 1533 571 quid
1549 511 1814 581 Εἰνέοζὲῗὲζῂωῐξδ·

152 588 348 647 dixerit,
372 588 666 648 ignoramus.
726 587 1047 643 Abrahamus·‚
1074 586 1282 642 Isaacus,
1305 583 1532 639 Jacobus,
1550 596 1800 626 suntneoessuia

154 665 336 722 Moses,
361 671 410 711 et
434 664 688 727 prophetae
715 663 817 709 Deo
842 661 1168 718 crediderunt,
1194 660 1278 722 qui
1313 659 1442 722 ipsos
1465 658 1534 705 al-

151 740 382 805 loquutus
415 747 490 787 est
527 737 973 801 supernaturaliter.
1045 735 1291 793 Similiter,
1313 733 1534 782 Christus

152 825 259 864 erat
295 816 352 874 is,
388 815 467 862 cui
505 813 817 862 crediderunt
863 811 1070 875 apostoli
1112 820 1163 858 et
1202 808 1442 873 discipuli,
1483 817 1534 856 et

152 907 298 955 quem
333 891 614 954 loquentem
647 889 952 936 audiverunt.
1024 887 1120 935 Sed
1144 887 1203 934 de
1227 886 1335 942 illis,
1361 885 1534 948 quibus

151 982 311 1030 neque
330 966 470 1014 ·Deus
505 981 662 1028 neque
688 964 910 1011 Christus
943 979 1157 1026 unquam
1187 962 1418 1025 loquutus
1442 966 1531 1018 est,

153 1041 251 1090 dici
272 1058 371 1090 non
394 1049 573 1105 potest,
593 1040 722 1103 quod
748 1040 852 1087 Deo
878 1038 1199 1093 crediderint;
1236 1037 1321 1085 sed
1342 1043 1534 1084 tantum

152 1118 285 1182 quod
309 1117 556 1180 apostolis,
571 1125 620 1164 et
642 1124 752 1180 post
771 1132 870 1172 eOS,
886 1116 1160 1179 pastoribus
1180 1123 1229 1162 et
1253 1113 1534 1161 doctoribus

153 1194 370 1242 ecclesiae
393 1193 539 1241 fidem
563 1192 837 1249 habuerint,
874 1192 957 1255 qui
974 1177 1247 1238 historiam
1270 1188 1460 1236 Veteris
1484 1195 1535 1236 et

155 1269 283 1317 Novi
300 1269 597 1317 Testamenti
622 1267 714 1315 illis
738 1266 1210 1314 commendaverant.
1279 1264 1420 1313 Fides
1443 1264 1535 1312 ita-

155 1361 252 1409 que
271 1344 677 1401 Christianorum,
703 1359 763 1390 ex
788 1358 884 1404 quo
902 1341 1125 1389 Christus
1148 1349 1422 1404 assumptus
1446 1346 1534 1397 est,

154 1437 245 1485 pro
285 1419 604 1467 fundamento
644 1417 829 1473 habuit,
863 1425 1112 1480 pastorum
1146 1417 1303 1480 primo
1338 1431 1535 1463 suorum

154 1494 576 1552 existimationem,
617 1493 792 1540 deinde
838 1493 1183 1540 authoritatem
1230 1508 1414 1550 eorum,
1452 1491 1536 1554 qui

153 1571 376 1620 fecerunt
392 1578 448 1617 ut
464 1570 727 1632 Scripturae
753 1569 914 1616 Sacrae
936 1567 1050 1615 fidei
1069 1576 1230 1615 essent
1254 1567 1450 1630 regula3
1486 1565 1537 1614 id

155 1645 287 1711 quod
309 1645 398 1693 soli
420 1644 580 1692 facere
605 1651 867 1707 potuerunt
891 1658 1030 1706 reges
1055 1643 1334 1701 Christiani,
1359 1642 1535 1705 aliique

155 1722 239 1787 qui
253 1736 493 1770 summam
508 1720 722 1767 habuere
740 1726 1047 1782 potestatem.
1085 1718 1161 1766 Illi
1185 1734 1302 1782 ergo
1319 1726 1537 1781 pastores

155 1797 367 1862 supremi
404 1804 534 1854 suut,
566 1795 768 1858 solique,
804 1811 892 1858 per
927 1810 1048 1857 quos
1082 1794 1228 1842 hodie
1258 1794 1538 1857 loquentem

156 1873 316 1922 Deum
337 1871 543 1919 audiunt
567 1869 861 1924 Christiani;
896 1869 991 1917 nisi
1024 1869 1152 1917 forte
1177 1869 1399 1932 excipere
1422 1868 1537 1916 veli-

156 1964 265 1996 mus
291 1963 374 1995 eos
397 1945 460 1994 ad
484 1962 621 2009 quos,
644 1945 686 1993 si
711 1946 793 2008 qui
817 1953 945 2003 suut,
972 1946 1103 1993 Deus
1137 1945 1281 1993 hodie
1322 1944 1538 2007 loquitur

80 2040 82 2042 ·
158 2021 605 2087 supernaturaliter.
677 2021 774 2069 Sed
808 2022 876 2079 hi,
912 2022 1026 2085 quia
1061 2021 1203 2068 multi
1238 2010 1535 2084 pseudopross

0 2154 8 2171 ρ
157 2098 319 2162 phetae
354 2098 406 2145 in
440 2096 676 2144 mundum
699 2104 954 2155 venerunt,
986 2096 1294 2144 examinandi
1330 2104 1442 2143 sunt
1475 2095 1536 2142 ab

0 2172 10 2226 ἱ
159 2173 293 2221 omni
317 2172 610 2229 Christiano,
634 2189 697 2220 an
721 2189 780 2220 ex
805 2172 909 2220 Deo
932 2172 1029 2220 sint
1053 2188 1221 2220 necne.
1293 2170 1535 2220 Quoniam

160 2264 279 2311 ergo
312 2247 643 2296 doctrinarum
679 2263 883 2295 examen
906 2247 969 2295 ad
992 2255 1235 2311 pastorem
1260 2261 1538 2310 supremum

160 2323 381 2386 inprimis
402 2322 628 2386 pertinet,
643 2331 811 2387 pastor
834 2338 1086 2386 supremus
1108 2322 1239 2371 solus
1258 2330 1348 2381 est,
1367 2321 1418 2368 in
1442 2335 1538 2383 quo

159 2399 334 2446 ultimo
358 2398 478 2446 fides
502 2398 808 2447 subditorum
831 2414 1029 2447 suorum
1043 2397 1353 2446 determinari
1378 2395 1537 2443 debet.

227 2473 398 2522 Causae
420 2482 622 2536 propter
644 2489 764 2537 quas
788 2473 1058 2522 doctrinam
1084 2473 1410 2520 Christianam
1434 2486 1540 2518 cre-

162 2549 338 2606 dimus,
375 2548 522 2597 variae
561 2557 688 2596 sunt.
769 2550 857 2597 Est
896 2551 1025 2597 enim
1065 2548 1186 2596 fides
1216 2547 1397 2595 donum
1431 2545 1538 2604 Dei,

164 2640 310 2688 quam
347 2623 398 2671 in
446 2623 647 2672 diversis
691 2625 968 2673 hominibus
1002 2624 1095 2672 viis
1137 2623 1355 2680 diversis,
1395 2628 1541 2685 prout

163 2699 254 2747 sibi
274 2698 365 2762 ipsi
388 2698 543 2746 visum
568 2706 657 2757 est,
672 2708 915 2762 operatur.
986 2700 1158 2757 Causa,
1176 2705 1376 2761 propter
1395 2712 1541 2760 quam

163 2774 424 2823 articulum
459 2773 671 2838 aliquem
710 2774 826 2822 fidei
862 2774 1120 2831 credimuS,
1150 2771 1542 2836 frequentissima

163 2859 216 2900 et
237 2850 459 2914 proxima
480 2857 568 2903 est.
593 2849 725 2913 quod
761 2850 1038 2914 Scripturas
1062 2849 1235 2897 Sacras
1273 2848 1405 2911 prius
1436 2862 1541 2895 cre-

165 2926 430 2975 diderimus
454 2941 558 2973 esse
581 2925 780 2974 verbum
806 2925 911 2973 Dei.
983 2925 1147 2974 Quare
1183 2931 1345 2972 autem
1378 2922 1541 2986 Scrip-
