1968 3236
705 220 774 253 nr.
801 219 1072 253 clvi-run.
1485 202 1582 254 207

202 330 444 397 paenales.
498 329 829 379 Distributivae
844 337 972 389 sunt,
991 329 1165 393 quibus
1179 330 1291 392 jura
1303 327 1482 375 civium
1499 327 1583 374 de-
1600 348 1702 380 cu».
1719 347 1851 379 xxvr.

207 405 460 463 finiuntur,
476 421 678 468 quaeque
697 405 881 452 civibus
894 404 1275 469 praescribuntur
1286 402 1537 451 universis.
1634 402 1824 482 m

276 481 495 529 Poeuales
518 487 646 537 sunt,
671 497 779 543 quae
803 496 971 543 poenas
993 479 1309 527 violatoribus
1331 478 1495 542 legum
1509 478 1583 525 in-
1638 493 1780 522 civim-12

210 555 445 619 fligendas
470 555 723 613 definiunt,
749 571 953 618 quaeque
975 554 1239 614 ministros,
1258 569 1464 617 quorum
1479 552 1585 601 offi-

211 631 341 680 cium
365 640 439 679 est
461 647 629 694 poenas
654 631 841 694 exequi,
867 630 995 678 solos
1018 630 1363 693 alloquuntur;
1398 637 1451 677 et
1474 644 1586 677 cum

212 707 401 772 legibus
418 707 736 755 distributivis
761 707 1139 769 conjunguntur.

282 784 410 847 Lege
431 783 652 846 positivae
677 782 869 839 divinae,
893 780 1157 842 (naturales
1180 780 1310 828 enim
1328 795 1496 827 omnes
1515 778 1588 827 di-

213 859 340 908 vinae
364 860 517 918 sunt),
546 866 659 905 sunt
692 857 803 916 illae,
829 873 936 920 quae
958 873 987 904 a
1011 857 1114 904 Deo
1134 856 1238 919 ipso
1261 855 1432 919 positae
1456 863 1586 913 sunt,

214 950 313 983 non
337 934 398 982 ab
422 942 606 981 aeterno
629 949 719 980 nec
736 932 972 980 universis
989 931 1282 989 hominibus,
1301 930 1387 979 sed
1408 930 1589 994 populo

215 1002 352 1058 certo
372 1029 386 1064 ς
421 1016 471 1056 et
507 1025 596 1072 pro
634 1008 808 1055 divinis
845 1007 1104 1054 declaratae
1144 1022 1230 1070 per
1260 1006 1383 1065 illos,
1416 1006 1590 1070 quibus

217 1084 350 1133 Deus
372 1083 650 1131 declarandi
674 1100 756 1132 eas
773 1083 1119 1131 authoritatem
1137 1081 1286 1130 dedit.

284 1159 570 1207 Authoritas
592 1168 756 1207 autem
775 1158 1053 1207 declarandi
1071 1158 1202 1220 leges
1226 1157 1428 1214 divinas,
1453 1157 1524 1204 ita
1536 1163 1593 1204 ut

218 1234 520 1298 obligatoriae
544 1234 656 1293 sint,
670 1234 801 1282 unde
821 1233 1052 1297 cognosci
1069 1233 1264 1296 potest?
1318 1232 1471 1280 Modo
1480 1233 1592 1296 ·qui-

219 1308 332 1357 dem
371 1310 725 1373 supernaturali
758 1310 944 1357 homini
978 1309 1139 1365 alicui,
1173 1318 1228 1357 ut
1249 1309 1380 1371 leges
1405 1308 1593 1356 divinas

219 1384 327 1433 aliis
349 1385 600 1448 praedicet,
623 1385 861 1448 imperare
883 1391 1046 1448 potest
1068 1384 1214 1432 Deus.
1284 1383 1382 1431 Sed
1395 1385 1511 1447 quia
1532 1384 1594 1432 de

219 1460 430 1508 essentia
461 1460 581 1523 legis
616 1469 706 1519 est,
739 1467 795 1508 ut
817 1460 1059 1507 neminem
1082 1459 1280 1523 obliget,
1312 1459 1396 1523 qui
1417 1459 1595 1523 praedi-

221 1536 378 1584 cantis
401 1536 767 1594 authoritatem,
793 1535 925 1599 quod
954 1551 984 1583 a
1007 1535 1112 1583 Deo
1136 1535 1215 1594 sit,
1240 1535 1364 1583 scire
1386 1551 1486 1583 non
1507 1551 1596 1598 po-

220 1617 334 1668 test,
357 1611 488 1659 unde
511 1611 668 1659 oritur
690 1610 948 1659 obediendi
971 1610 1238 1674 obligatio?
1308 1610 1442 1660 Quid
1464 1611 1597 1658 Deus

220 1685 327 1734 aliis
351 1686 481 1734 dicat
502 1687 626 1734 scire
647 1702 749 1734 nou
783 1702 1038 1749 possumus
1070 1686 1388 1741 naturaliter;
1423 1702 1597 1750 neque,

221 1762 326 1811 sine
348 1762 642 1811 revelatione
666 1762 831 1810 divina
863 1763 1002 1810 nobis
1034 1778 1278 1821 concessa,
1313 1770 1600 1826 supernatu-

222 1837 407 1887 raliter.
443 1838 736 1902 Quanquam
750 1837 879 1885 enim
896 1838 1036 1885 aDeo
1050 1838 1319 1886 revelatum
1333 1854 1437 1886 esse
1453 1838 1600 1886 alicui

224 1913 407 1977 aliquid
430 1913 628 1961 credere
652 1912 911 1960 inducatur
932 1913 1105 1976 aliquis
1131 1913 1209 1961 vel
1231 1922 1434 1977 propter
1455 1914 1600 1962 mira-

226 1988 353 2046 cula,
372 2004 481 2052 quae
498 1989 559 2036 ab
582 2004 640 2036 eo
662 1988 793 2036 facta
815 2004 918 2036 esse
941 1988 1133 2046 viderit,
1150 1989 1229 2036 vel
1244 1997 1447 2052 propter
1463 2005 1601 2052 egre-

226 2063 360 2124 giam
376 2063 785 2122 sanctitatem‚vel
793 2063 1038 2127 egregiam
1053 2064 1356 2127 sapientiam,
1364 2065 1440 2112 vel
1454 2081 1601 2128 prop-

229 2146 306 2187 ter
322 2139 569 2203 egregiam
585 2139 871 2187 felicitatem
890 2159 903 2194 ;
928 2155 1036 2202 quae
1050 2139 1214 2187 omnia
1234 2140 1406 2203 gratiae
1425 2139 1601 2187 divinae

228 2215 370 2278 signa
401 2224 514 2263 sunt
549 2215 665 2263 satis
688 2231 897 2278 magna3
934 2214 1274 2263 certitudinem
1306 2223 1471 2263 tamen
1503 2231 1602 2262 non

229 2290 458 2339 efficiunt.
526 2291 765 2339 Miracula
800 2292 945 2350 enim,
980 2306 1041 2339 ex
1075 2307 1171 2354 quo
1204 2299 1424 2355 tempore
1464 2291 1605 2338 nobis

232 2365 519 2415 Christianis
541 2367 712 2431 positae
736 2374 853 2414 sunt
884 2366 1016 2429 leges
1049 2365 1243 2424 divinae,
1279 2373 1602 2413 cessaverunt.

233 2440 472 2490 Miracula
531 2442 843 2490 narrantibus
899 2441 1098 2490 credere
1155 2457 1253 2489 non
1316 2441 1603 2504 obligamur.

233 2516 392 2565 Etiam
414 2517 521 2581 ipsa
536 2518 770 2566 miracula
785 2534 886 2566 non
909 2518 1133 2566 omnibus
1154 2517 1389 2565 miracula
1411 2523 1539 2564 sunt.

300 2591 542 2641 Caeterum
563 2602 622 2641 ut
643 2593 807 2642 divina
829 2593 1215 2657 supernaturalia
1230 2591 1607 2656 praedicantibus

234 2666 433 2716 obedire
473 2668 732 2731 aliquando
772 2677 823 2717 et
857 2668 1035 2716 alicubi
1065 2668 1341 2726 debeamuS,
1373 2681 1521 2714 causa
1555 2666 1608 2713 in

234 2752 464 2806 promptu
485 2751 590 2798 oet3
625 2758 799 2807 nempe
830 2743 872 2791 si
894 2759 967 2801 ea,
992 2759 1100 2807 quae
1121 2742 1407 2805 praedicant,
1424 2757 1514 2804 pro
1538 2741 1608 2789 le-

234 2815 377 2879 gibus
394 2816 565 2865 haberi
581 2817 784 2880 jusserit
805 2817 989 2866 civitas·
1058 2817 1146 2865 Est
1162 2816 1293 2865 enim
1310 2815 1371 2865 de
1394 2816 1503 2880 lege
1524 2831 1610 2864 na·
