1968 3236
133 427 236 459 CAP.
255 428 369 460 XXX.

161 484 345 503 *--.·—ae

138 519 183 547 Dc
197 520 292 548 officio
301 529 377 547 sum-

138 563 175 590 mi
190 563 364 600 imperantis.

401 285 495 327 252
914 291 984 324 DE
1008 291 1282 325 CIVITATE.

402 407 484 469 qui
507 422 594 470 per
617 406 784 453 turbas
801 404 1020 468 publicas
1039 403 1102 451 ad
1115 404 1386 466 potentiam
1405 404 1633 468 aspirant,
1653 421 1780 468 prae-

400 482 509 529 miis
532 482 737 539 afficere,
763 487 812 528 et
845 496 944 527 non
977 479 1140 542 potius
1163 479 1215 526 in
1237 480 1487 543 principiis
1511 496 1669 543 parvo
1693 496 1779 544 pe-

400 557 570 615 riculo,
597 573 739 619 quam
763 562 933 618 postea
955 555 1173 618 periculo
1198 556 1381 618 majore
1405 557 1694 619 opprimere.

466 632 545 679 Ad
568 631 775 679 officium
800 630 1086 694 imperantis
1110 630 1259 678 etiam
1281 631 1494 694 pertinet
1509 632 1665 679 bonos
1689 630 1780 679 sibi

399 707 576 770 eligere
612 707 944 762 consiliarios3
980 706 1032 754 id
1066 706 1198 770 quod
1222 706 1282 754 de
1305 707 1578 754 monarchis
1602 706 1780 754 intelli-

396 782 611 846 gendum
647 790 734 830 est.
806 782 933 829 Nam
966 781 1016 828 in
1048 782 1254 829 coetibus
1286 782 1500 840 summis,
1523 782 1644 829 nulli
1668 789 1781 830 sunt

395 867 574 921 praeter
591 859 722 921 ipsos
737 857 1015 906 consiliarii.
1052 858 1178 905 Boni
1192 864 1356 905 autem
1374 857 1632 905 consiliarii
1648 864 1778 916 sunt,

396 934 479 997 qui
502 934 551 981 in
579 933 711 982 omni
735 949 913 996 genere
937 933 1123 996 negotii
1147 933 1328 996 publici
1360 933 1568 980 maxime
1598 933 1780 980 versati

395 1017 522 1068 sunt,
549 1009 818 1072 quibusque
853 1025 882 1056 a
916 1009 1117 1056 consilio
1151 1025 1302 1071 pravo
1337 1009 1538 1056 minima
1565 1008 1627 1056 sit
1656 1008 1780 1056 lucri

397 1101 519 1148 spes.
591 1085 714 1133 Quis
755 1084 817 1131 sit
858 1084 941 1147 qui
976 1100 1005 1131 a
1038 1083 1165 1131 malo
1201 1083 1395 1146 publico
1431 1083 1522 1131 sibi
1557 1091 1780 1147 expectet

394 1161 592 1219 bonum,
622 1160 749 1208 scitu
774 1159 966 1207 difficile
991 1167 1090 1214 est;
1128 1159 1398 1207 cavendum
1428 1166 1591 1207 tamen
1620 1166 1693 1207 est
1718 1159 1780 1207 ab

393 1236 452 1283 iis
477 1236 651 1299 quibus
675 1236 831 1283 turbae
854 1242 1058 1298 possunt
1081 1251 1186 1282 esse
1210 1235 1370 1282 utiles.
1442 1235 1576 1282 Scire
1599 1242 1779 1293 autem,

393 1312 477 1374 qui
502 1311 600 1359 sint
624 1311 833 1359 civitatis
858 1310 1120 1358 consiliarii
1140 1310 1300 1374 periti,
1326 1319 1376 1358 et
1398 1309 1606 1373 publicis
1628 1326 1780 1373 nego-

393 1386 474 1433 tiis
497 1402 652 1449 pares,
678 1387 826 1434 etiam
846 1385 1087 1433 difficilius
1111 1393 1200 1434 est.
1272 1386 1329 1432 In
1348 1386 1480 1433 omni
1499 1385 1629 1432 enim
1652 1392 1778 1443 arte,

394 1461 476 1523 qui
499 1462 737 1509 artificem
759 1461 970 1524 peritum
986 1461 1046 1508 ab
1062 1460 1289 1524 imperito
1310 1460 1577 1524 dijudicare
1599 1469 1779 1524 potest,

393 1536 570 1584 artifex
594 1537 695 1599 ipse
719 1544 806 1583 est.

460 1611 903 1674 Quantumcunque
927 1618 1092 1658 autem
1114 1611 1260 1673 periti
1284 1611 1335 1658 in
1368 1626 1659 1674 quocunque
1692 1626 1778 1658 ne-

391 1687 526 1750 gotio
549 1687 743 1749 publico
767 1686 1027 1734 consiliarii
1051 1685 1164 1743 sint,
1190 1685 1376 1733 civitati
1401 1685 1571 1733 melius
1606 1701 1779 1734 consu-

391 1762 511 1821 lent,
528 1762 568 1810 si
583 1761 835 1810 consilium
855 1760 1137 1823 consiliique
1157 1776 1325 1807 causas
1346 1768 1396 1807 et
1418 1760 1631 1808 rationes
1649 1776 1780 1809 seor-

393 1853 500 1885 sum
545 1837 840 1900 impertiant,
883 1851 1028 1898 quam
1074 1851 1241 1883 omnes
1288 1835 1431 1883 simul
1476 1851 1564 1899 per
1608 1835 1779 1900 longas

392 1913 658 1967 orationes;
695 1912 961 1974 meliusque
1002 1911 1356 1974 praemeditato,
1382 1927 1526 1973 quam
1565 1927 1626 1959 ex
1656 1922 1779 1959 tem-

391 2004 509 2052 pore
536 2009 547 2043 ;
606 2004 719 2035 nam
759 1995 810 2035 et
849 1987 956 2049 plus
996 1986 1177 2034 habent
1218 1987 1396 2049 singuli
1437 1987 1669 2050 temporis
1711 1988 1775 2036 ad

392 2063 691 2127 agendorum
727 2062 1098 2124 consequentias
1133 2061 1500 2124 percurrendas,
1531 2070 1581 2110 et
1616 2062 1777 2111 minus

392 2139 533 2188 facile
555 2154 643 2202 per
678 2137 925 2195 invidiam,
951 2136 1324 2196 aemulationem,
1349 2138 1562 2202 aliasque
1592 2138 1778 2201 passio-

391 2231 492 2274 nes,
519 2230 627 2277 quae
651 2220 923 2261 nascuntur
948 2227 977 2259 a
1000 2211 1278 2259 diversitate
1310 2213 1679 2274 sententiarum,
1703 2230 1779 2263 se-

393 2290 653 2338 ducuntur.

457 2366 515 2413 In
534 2365 592 2413 iis
606 2365 764 2420 rebus,
773 2380 881 2427 quae
896 2363 1117 2411 civitates
1135 2371 1360 2411 externas
1375 2380 1474 2412 non
1494 2364 1775 2428 respiciunt,

389 2441 475 2490 sed
499 2441 676 2489 civium
695 2439 951 2488 commoda
973 2439 1055 2486 illa
1079 2455 1187 2502 quae
1211 2455 1270 2486 ex
1293 2439 1482 2503 legibus
1507 2441 1775 2489 introrsum

389 2523 582 2565 tantum
596 2515 925 2580 spectantibus
940 2514 1148 2562 obtineri
1171 2523 1390 2576 possunt,
1415 2515 1672 2563 consilium
1688 2531 1778 2579 op—

388 2592 562 2641 timum
586 2598 675 2651 est,
700 2590 832 2654 quod
854 2606 884 2637 a
907 2589 1155 2637 desideriis
1171 2597 1219 2637 et
1239 2590 1552 2652 querimoniis
1568 2590 1776 2639 sumitur

390 2685 420 2716 a
443 2667 742 2731 singularum
756 2664 1113 2729 provinciarum
1132 2664 1325 2720 incolis;
1362 2666 1456 2714 illis
1476 2666 1607 2714 enim
1621 2665 1775 2714 maxi-

390 2759 468 2791 me
501 2742 751 2806 cognitum
787 2748 875 2799 est,
911 2740 1084 2804 quibus
1121 2740 1265 2787 rebus
1300 2740 1392 2804 ipsi
1417 2741 1625 2789 maxime
1648 2740 1775 2789 indi-

390 2826 552 2881 geant.
586 2818 758 2881 Itaque
778 2816 818 2865 si
836 2815 957 2864 nihil
972 2823 1157 2879 petant,
1176 2816 1307 2879 quod
1322 2833 1434 2864 cum
1446 2818 1557 2880 jure
1573 2832 1774 2865 summae

390 2893 646 2956 potestatis
686 2908 785 2941 non
821 2890 1060 2948 consistit,
1100 2891 1247 2954 quod,
1277 2900 1333 2940 ut
1375 2892 1549 2956 saepius
1586 2892 1773 2941 dictum
