1968 3236
430 217 529 262 490
763 229 834 262 DE
860 229 1046 263 REGNo
1073 229 1475 263 TENEBRARUM.

165 360 268 394 CAP,
287 360 411 395 xmq,
430 355 588 387 manae
617 341 899 403 magistram
923 340 1344 403 sapientissimam,
1370 341 1597 388 humanae
1621 346 1808 388 naturae

187 415 375 435 s——f-d

170 455 216 484 De
231 456 354 484 tenebris

169 498 206 526 ab
231 499 311 527 inani

168 540 360 580 philosophia.

431 414 577 462 decus
598 416 855 477 singulare,
877 423 926 462 et
949 415 1095 473 illam,
1121 431 1230 478 quae
1250 416 1353 478 jam
1377 416 1460 463 diu
1482 432 1571 479 pro
1594 416 1808 479 philoso-

429 491 544 553 phia
567 490 734 538 habita
758 498 844 547 est,
864 491 1077 537 fucatam
1105 497 1154 537 et
1177 491 1424 553 garrulam
1445 491 1806 539 meritriculam.

431 566 739 628 Philosophia
769 566 913 623 enim,
947 566 1047 613 sive
1085 566 1301 613 studium
1333 566 1601 629 sapientiae,
1626 575 1809 630 quanta

427 649 516 699 est,
542 641 777 704 sapientia
817 649 922 697 cst3
958 641 1011 688 id
1047 649 1135 700 est,
1167 642 1423 704 effectuum
1456 659 1518 690 ex
1553 643 1808 707 conceptis

427 732 591 763 eorum
615 717 781 763 causis
803 733 887 763 seu
908 717 1319 781 generationibus
1334 737 1353 773 ‚·
1389 724 1437 765 et
1460 733 1634 765 rursus
1653 734 1807 783 gene-

426 791 685 850 rationum,
705 809 814 856 quoe
838 808 947 839 esse
964 799 1190 856 possunt,
1218 809 1279 839 ex
1304 793 1519 857 cognitis
1547 793 1807 856 effectibus

415 882 516 930 per
561 874 751 914 rectam
797 868 1227 916 ratiocinationem
1267 868 1519 932 aequisita
1555 869 1806 925 seientia;

425 957 569 1004 quam
597 958 687 989 nec
719 942 972 1006 Scriptura
1004 943 1246 1007 prohibet,
1270 959 1363 991 nec
1386 943 1637 991 hominum
1674 944 1806 1008 quis-

423 1033 566 1079 quam
590 1025 891 1079 aspernatur.

490 1093 579 1140 Per
603 1109 747 1155 quam
771 1093 1107 1140 definitionem
1143 1093 1459 1157 distinguitur
1481 1094 1803 1158 philosophia,

419 1168 593 1230 primo,
632 1169 692 1216 ab
731 1169 1042 1231 experientia,
1086 1176 1135 1217 et
1175 1169 1435 1232 prudentia
1470 1170 1723 1218 hominum
1754 1177 1805 1219 et

420 1251 707 1291 caeterorum
746 1245 1026 1292 animalium
1066 1245 1345 1300 communi;
1381 1253 1436 1293 ut
1460 1262 1569 1309 quae
1602 1262 1703 1294 non
1725 1262 1804 1294 ra—

420 1319 567 1377 tione,
593 1319 679 1366 sed
703 1319 936 1368 memoria
959 1327 1153 1367 tantum
1178 1328 1502 1383 comparatur.

486 1394 690 1454 Deinde,
716 1395 1034 1459 distinguitur
1058 1412 1087 1442 a
1108 1395 1205 1442 fide
1244 1403 1294 1443 et
1317 1397 1611 1445 revelatione
1635 1412 1803 1460 super-

418 1471 655 1525 naturali;
693 1487 801 1534 quae
837 1486 937 1519 non
973 1470 1162 1518 ratione
1201 1471 1534 1534 acquiruntur,
1559 1472 1645 1521 sed
1669 1472 1801 1522 dono

417 1545 610 1594 dantur.

485 1622 860 1686 Philosophandi
882 1629 1045 1670 autem
1063 1622 1200 1685 origo
1223 1622 1382 1686 prima
1404 1623 1616 1671 sermoni
1635 1639 1802 1672 coaeva

415 1695 516 1744 fere
541 1706 629 1745 est.
699 1699 851 1746 Fuere
892 1698 1022 1746 enim
1059 1697 1187 1746 inter
1220 1698 1489 1761 primorum
1525 1707 1799 1763 temporum

414 1771 633 1820 homines
669 1773 967 1831 rudissimos,
993 1773 1075 1836 qui
1113 1788 1262 1836 opera
1297 1773 1388 1821 Dei
1418 1774 1646 1822 admirati
1668 1783 1799 1823 sunt.

415 1847 687 1896 Admiratio
722 1858 885 1897 autem
920 1848 984 1896 ad
1013 1863 1182 1896 causas
1221 1849 1507 1912 quaerendas
1536 1865 1704 1898 earum
1726 1865 1801 1898 re-

413 1938 522 1970 rum
569 1940 686 1986 quas
727 1925 1047 1982 admirantur,
1085 1924 1283 1986 ingenia
1327 1925 1521 1973 excitat.
1606 1925 1704 1974 Sed
1747 1925 1801 1974 id

414 1998 544 2060 quod
573 2000 928 2063 philosophiam
960 1999 1082 2047 aluit
1118 2000 1351 2063 auxitque
1387 2000 1613 2060 maxime,
1643 2001 1799 2049 otium

414 2082 534 2131 erat,
560 2091 704 2137 quam
733 2075 951 2124 scholam
986 2075 1143 2123 Graeci
1165 2083 1360 2124 vocant.
1430 2076 1600 2124 Otium
1633 2084 1798 2126 autem

411 2150 581 2211 genuit
612 2167 740 2214 pax;
777 2167 883 2214 quae
917 2151 1012 2199 nisi
1046 2151 1097 2198 in
1131 2151 1321 2214 magnis
1354 2151 1631 2199 civitatibus
1662 2151 1798 2200 inve-

411 2224 504 2271 niri
528 2241 627 2272 non
652 2226 792 2274 solet.
861 2227 1032 2288 Itaque
1056 2226 1356 2288 professores
1381 2226 1630 2290 sapientiae
1651 2227 1797 2290 primi

412 2307 550 2347 erant
573 2301 988 2364 gymnosophistae
1013 2300 1182 2359 Indiae,
1208 2301 1339 2364 magi
1364 2301 1555 2360 Persiae,
1580 2309 1630 2349 et
1654 2301 1798 2350 Chal-

412 2374 628 2422 daeorum
675 2383 724 2424 et
762 2376 1103 2439 AEgyptiorum
1144 2376 1438 2424 sacerdotes.
1521 2377 1705 2425 Graecis
1746 2385 1796 2426 et

410 2450 599 2513 populis
636 2451 902 2499 occidentis
940 2451 1247 2514 philosophia
1280 2451 1498 2499 noudum
1533 2459 1640 2500 orta
1673 2460 1794 2502 erat.

411 2524 670 2588 Postquam
717 2534 881 2574 autem
925 2527 1201 2589 respublica
1240 2527 1612 2575 Atheniensium
1652 2528 1794 2577 victis

411 2599 566 2648 Persis
582 2602 755 2650 florere
775 2601 938 2665 coepit,
954 2609 1072 2649 tunc
1091 2603 1302 2665 primum
1317 2603 1367 2660 ii,
1384 2603 1467 2666 qui
1484 2618 1641 2667 neque
1661 2603 1794 2652 domi

409 2690 565 2738 neque
605 2677 724 2726 foris
759 2677 1019 2741 quicquam
1054 2677 1289 2725 haberent
1323 2677 1456 2726 aliud
1494 2678 1627 2742 quod
1662 2678 1793 2727 face-

409 2759 532 2809 rent,
557 2754 816 2801 convenire
840 2753 890 2800 in
913 2753 1022 2809 loca
1043 2753 1240 2816 publica
1266 2753 1611 2802 confabulandi
1632 2753 1794 2818 gratia

410 2825 730 2890 incoeperunt,
755 2844 913 2891 neque
937 2827 1031 2876 alii
1060 2827 1138 2875 rei
1165 2828 1242 2889 (ut
1267 2828 1385 2877 dicit
1418 2829 1467 2877 S.
1494 2829 1651 2878 Lucas
1674 2829 1787 2878 Act.

1940 0 1968 375 l

1957 377 1968 523 ι

1955 526 1968 1103 Ξ
