1910 3236
692 224 763 258 DE
790 225 1030 259 noman.
1502 214 1551 256 ll

180 336 378 400 longam
418 335 591 383 seriem
633 336 989 398 cogitationum
1027 335 1378 385 cohaereutium
1415 333 1561 382 remi-
1623 357 1726 390 eff,
1744 356 1793 389 11,

180 412 344 460 niscor
366 411 630 469 somnians,
661 427 807 474 quam
832 412 980 467 alias;
1017 420 1068 459 et
1103 411 1332 475 quoniam
1355 410 1561 473 vigilans
1579 410 1841 491 θεῖ-..ἴω

181 486 535 537 absurditatem
584 486 886 534 somniorum
941 503 1159 535 meorum
1218 502 1346 550 saepe
1398 485 1559 544 video,

180 562 428 612 somnians
462 570 627 609 autem
663 561 1019 623 cogitationum
1059 578 1277 610 mearum
1310 560 1559 625 vigilantis

180 637 508 687 absurditates
531 653 628 685 non
651 636 824 691 video;
860 637 975 685 satis
1008 654 1266 700 persuasus
1299 653 1407 686 sum
1438 637 1562 700 vigi-

179 714 365 763 lantem
405 729 484 761 me
525 713 649 760 scire
687 711 819 775 quod
857 728 957 759 non
996 714 1242 771 somniem,
1283 729 1560 777 quanquam

181 789 428 839 somnians
451 789 620 837 videor
642 789 762 836 mihi
785 788 1002 851 vigilare.

249 864 496 915 Quoniam
528 872 693 912 autem
725 863 914 911 somnia
946 879 1036 926 pro
1073 880 1220 912 causa
1254 865 1437 912 habent
1472 863 1560 912 ali-

182 957 389 1006 quarum
410 940 625 1004 partium
649 939 867 1003 corporis
885 939 1188 986 internarum
1206 939 1559 1003 intemperiem,

181 1031 380 1065 necesse
420 1025 495 1064 est
540 1023 596 1064 ut
636 1015 784 1063 variae
822 1011 1133 1078 intemperies
1170 1016 1304 1063 varia
1350 1015 1562 1063 efficiant

181 1092 384 1141 somnia.
454 1093 617 1155 Atque
641 1091 755 1139 hinc
779 1099 852 1138 est
876 1090 1010 1153 quod
1033 1106 1160 1153 saepe
1179 1091 1370 1149 accidit,
1395 1099 1452 1138 ut
1475 1091 1561 1150 illi,

182 1167 267 1231 qui
289 1169 525 1216 cubantes
549 1167 731 1230 algent,
757 1166 1019 1230 saepissime
1043 1167 1094 1213 in
1118 1167 1317 1214 somniis
1339 1166 1561 1225 timeant,

180 1243 536 1307 videanturque
550 1244 643 1291 sibi
663 1243 900 1307 imagines
916 1242 1080 1290 videre
1096 1242 1334 1289 terrificas
1351 1262 1363 1296 ;
1398 1249 1560 1289 motus

182 1320 314 1368 enim
337 1336 367 1368 a
389 1321 588 1368 cerebro
607 1318 671 1367 ad
692 1327 856 1383 partes
879 1319 999 1367 alias
1023 1318 1241 1382 corporis
1264 1318 1496 1375 internas,
1513 1323 1563 1365 et

181 1395 244 1444 ab
266 1395 361 1444 illis
389 1395 454 1443 ad
475 1396 744 1457 cerebrum,
779 1402 854 1442 est
887 1395 1181 1458 reciprocus.
1252 1393 1383 1440 Hinc
1416 1393 1564 1440 etiam

181 1470 377 1530 accidit,
402 1471 550 1535 quod,
573 1471 701 1520 sicut
731 1471 806 1519 ira
835 1471 1047 1519 calorem
1081 1470 1228 1518 efficit
1258 1469 1310 1517 in
1344 1468 1564 1533 partibus

182 1547 424 1611 aliquibus
455 1547 689 1611 corporis,
721 1546 838 1594 dum
860 1546 1149 1610 vigilamus3
1185 1545 1255 1592 ita
1277 1544 1423 1592 etiam
1447 1543 1565 1591 dum

184 1622 467 1681 dormimuS‚
491 1623 670 1671 nimius
697 1621 962 1670 earundem
992 1621 1208 1685 partium
1232 1620 1366 1668 calor
1388 1619 1566 1667 efficiat

183 1697 324 1757 iram,
363 1697 643 1762 excitetque
687 1698 740 1745 in
785 1698 985 1745 cerebro
1029 1696 1321 1760 phantasma
1360 1695 1566 1758 alicujus

182 1773 356 1823 hostis.
424 1773 611 1822 Eodem
657 1772 819 1831 modo,
866 1782 924 1820 ut
972 1788 1110 1820 amor
1155 1771 1207 1819 in
1250 1770 1567 1834 vigilantibus

183 1864 400 1897 amorem
439 1849 604 1907 efficit,
642 1857 692 1897 et
732 1849 944 1896 calorem
983 1849 1036 1895 in
1080 1847 1300 1911 partibus
1346 1846 1566 1910 corporis

184 1923 426 1988 aliquibus
466 1925 697 1980 internis3
744 1924 814 1972 ita
858 1924 1005 1972 etiam
1046 1922 1312 1971 earundem
1352 1922 1566 1986 partium

185 2000 320 2049 calor
363 2001 416 2048 in
461 2000 813 2048 dormientibus
860 1999 1125 2063 imaginem
1177 1998 1325 2046 efficit
1369 1997 1566 2045 amoris,

186 2076 388 2125 Somnia
409 2075 619 2139 denique
643 2083 694 2123 et
715 2075 1022 2140 vigilantium
1044 2074 1390 2138 phantasmata
1413 2073 1568 2121 altera

185 2152 386 2201 alterius
426 2158 542 2199 sunt
583 2151 807 2206 inversa;
844 2150 1091 2208 nimirum,
1126 2157 1264 2197 motu
1303 2149 1567 2212 incipiente

186 2228 303 2277 dum
327 2227 585 2291 vigilamus
620 2227 681 2275 ab
718 2243 818 2275 uno
851 2226 1078 2285 termino,
1110 2232 1160 2273 et
1188 2226 1249 2273 ab
1273 2225 1426 2272 altero
1451 2224 1568 2271 dum

185 2302 500 2354 somniamus.

252 2379 389 2428 Inter
418 2378 660 2427 somnium
690 2385 741 2426 et
773 2377 1095 2441 cogitationes
1130 2376 1436 2439 vigilantium
1471 2374 1568 2422 dis-

185 2455 410 2520 tinguere
433 2454 755 2503 difficilimum
777 2463 899 2502 tunc
922 2461 1010 2512 est,
1038 2452 1234 2516 quando
1266 2468 1382 2499 casu
1404 2450 1567 2513 aliquo

185 2529 371 2579 factum
406 2537 482 2578 est
520 2537 576 2578 ut
612 2530 813 2578 minime
849 2528 1293 2578 animadvertamus
1332 2542 1420 2574 nos
1455 2526 1567 2574 dor-

186 2606 383 2661 miisse3
417 2605 469 2654 id
492 2605 624 2668 quod
646 2605 790 2654 facile
824 2604 1069 2668 contingit
1099 2604 1185 2662 illi,
1221 2603 1303 2666 qui
1338 2601 1567 2649 facinoris

187 2681 392 2745 alicuius
413 2681 533 2730 facti
550 2681 628 2729 vel
650 2681 862 2729 faciendi
881 2680 1106 2728 conscius
1130 2686 1180 2726 et
1198 2677 1431 2726 sollicitus
1455 2676 1569 2724 dor-

186 2756 281 2806 mit
319 2757 424 2805 sine
452 2756 839 2808 ‘circumstantiis
877 2754 1086 2803 exuendi
1123 2762 1298 2811 vesteS,
1335 2760 1385 2799 et
1420 2750 1568 2799 eundi

189 2833 440 2887 cubitum3
482 2841 540 2879 ut
575 2832 659 2895 qui
699 2831 748 2879 in
792 2831 1027 2879 cathedra
1064 2829 1243 2878 dormit
1285 2828 1459 2877 sedens
1492 2826 1569 2875 vel
