1968 3236
475 241 545 274 nn
573 239 833 274 clvl'rA'ra
861 238 1219 273 cums‘rmNA.
1447 227 1542 272 395

150 360 264 402 ante
296 367 443 416 quam
480 351 801 413 imperatores
839 350 1112 413 summique
1149 350 1448 414 imperantes
1481 349 1543 398 de
1574 374 1808 409 mann,

151 427 393 477 alimentis
434 443 604 474 eorum
646 426 778 488 leges
819 426 1006 489 aliquas
1043 426 1285 485 tulissent,
1310 426 1407 474 alia
1442 442 1543 474 non
1595 429 1796 508 mm

151 503 300 552 fuisse
346 519 491 566 quam
537 502 755 549 fidelium
798 503 1184 550 contributiones
1225 502 1542 551 voluntarias.
1593 513 1798 543 ecclesiastic·

154 579 255 630 Qui
272 579 414 628 altari
434 594 633 642 operam
653 577 909 635 dederunt,
931 578 991 626 de
1011 579 1188 626 oblatis
1202 578 1432 626 vixerunt
1452 578 1544 626 sub

152 656 469 705 Testamento
504 653 702 701 Veteri:
741 653 809 701 ita
849 653 998 701 etiam
1035 654 1270 702 ministris
1304 653 1544 718 evangelii

154 731 345 780 licitum
369 739 459 786 est,
484 730 615 793 quod
653 731 713 777 ab
749 746 917 777 eorum
944 730 1175 793 gregibus
1209 730 1428 778 oblatum
1470 738 1546 778 est

154 807 404 871 accipere;
441 805 527 853 sed
552 805 687 863 nihil,
711 805 805 852 nisi
828 821 916 868 per
941 805 1186 853 actionem
1222 805 1430 863 civilem,
1466 821 1548 853 ex·

154 886 289 950 igere
325 893 607 948 potuerunt.
701 883 780 931 Ad
826 883 959 947 quod
996 884 1225 942 tribunal,
1267 900 1376 947 quae
1414 883 1549 931 nulla

154 969 337 1026 praeter
360 960 522 1007 civilia
560 967 715 1017 erant,
757 958 1018 1022 peterent?
1089 959 1296 1007 Constat
1319 974 1437 1022 ergo
1460 957 1548 1006 ali-

155 1044 321 1085 menta
359 1035 638 1099 pastoribus
678 1042 811 1082 certa
857 1034 1094 1097 assignari
1133 1034 1353 1098 potuisse
1396 1033 1548 1093 nulla,

155 1112 250 1161 nisi
274 1127 362 1175 per
385 1110 639 1158 ecclesiam
673 1117 729 1157 ut
756 1126 906 1157 unam
928 1116 1189 1179 peqfonam
1209 1130 1222 1165 ;
1260 1116 1308 1157 et
1331 1116 1451 1157 tunc
1474 1124 1551 1156 so-

154 1188 273 1247 lum,
292 1186 487 1251 quando
502 1186 720 1234 ecclesiae
745 1185 957 1244 decreta,
981 1201 1083 1233 non
1100 1192 1293 1233 tantum
1318 1199 1548 1242 canones,

155 1264 242 1313 sed
276 1264 426 1311 etiam
460 1262 593 1325 leges
628 1270 804 1309 essent.
875 1261 1031 1324 Leges
1064 1269 1229 1309 autem
1256 1261 1365 1308 fieri
1403 1259 1551 1307 nullae

154 1346 442 1404 potuerunt,
479 1338 573 1385 nisi
611 1338 673 1384 ab
721 1337 1113 1400 imperatoribus,
1162 1337 1375 1400 regibus,
1421 1336 1551 1383 aliis-

156 1430 252 1479 que
276 1430 516 1462 summam
540 1413 836 1460 habentibus
859 1419 1156 1476 potestatem
1181 1412 1390 1460 civilem.
1449 1412 1551 1459 Lex

155 1490 377 1539 Mosaica
395 1489 456 1537 de
477 1489 693 1546 decimis,
708 1488 772 1536 ad
795 1488 1045 1536 ministros
1061 1487 1301 1551 evangelii
1316 1487 1553 1551 applicari

156 1580 260 1614 non
281 1572 472 1629 potest;
509 1564 624 1627 quia
658 1563 822 1611 Moses
858 1571 908 1611 et
937 1563 1115 1611 summi
1140 1562 1436 1622 sacerdotes,
1462 1562 1552 1610 sub

158 1640 264 1689 Deo
292 1655 532 1688 summam
563 1639 779 1686 habuere
810 1646 1109 1702 potestatem
1145 1638 1351 1687 civilem.
1423 1638 1553 1701 Reg-

158 1717 309 1765 nabat
333 1717 465 1765 enim
488 1717 538 1763 in
553 1716 581 1764 J
586 1715 739 1763 udaeis
760 1716 923 1770 Deus;
961 1715 1117 1763 sedin
1137 1714 1428 1762 Christianis
1442 1729 1554 1777 reg-

158 1799 364 1841 naturus
395 1799 495 1846 est;
532 1800 844 1855 regnaturus,
870 1791 1087 1854 inquam,
1113 1806 1174 1838 ex
1206 1797 1387 1854 pacto;
1422 1805 1554 1847 nam,

158 1883 248 1932 per
269 1876 514 1926 naturam,
530 1883 662 1915 nunc
681 1874 856 1930 regnat
871 1882 1010 1930 aeque
1028 1867 1079 1914 in
1103 1874 1266 1914 totum
1285 1866 1554 1914 humanum

159 1959 332 2008 genus

227 2018 482 2067 Hactenus
516 2027 767 2066 ostensum
802 2026 892 2076 est,
926 2025 1149 2081 pastores
1184 2016 1305 2080 quid
1327 2017 1427 2064 sint
1452 2036 1464 2071 ;
1504 2023 1555 2063 et

161 2110 272 2158 quae
293 2094 509 2142 habeant
533 2093 766 2141 mandata
787 2109 818 2141 a
846 2093 1048 2141 Christo
1074 2093 1354 2150 Servatore,
1378 2107 1556 2154 nempe

160 2168 446 2234 praedicare,
482 2168 674 2227 docere,
698 2169 965 2232 baptizare,
991 2176 1041 2216 et
1075 2169 1126 2216 in
1150 2167 1367 2216 ecclesiis
1390 2167 1556 2230 praesi·

163 2245 279 2293 dere
298 2264 312 2299 ;
348 2259 554 2292 censura
569 2243 914 2303 ecclesiastica,
934 2244 984 2291 in
1004 2244 1124 2292 locis
1142 2243 1227 2291 ubi
1245 2242 1366 2290 fides
1390 2241 1556 2290 Chris-

164 2320 300 2368 tiana
321 2318 623 2383 prohibetur,
644 2335 789 2382 quam
807 2319 908 2367 vim
929 2319 1124 2378 habeat,
1151 2333 1325 2381 nempe
1347 2325 1404 2365 ut
1438 2333 1556 2365 con-
1596 2330 1603 2335 ·

163 2410 384 2460 gressum
409 2402 460 2442 et
482 2394 762 2441 convictum
787 2395 1323 2443 excommunicatorum
1345 2392 1556 2455 fugiant,

165 2480 217 2519 et
235 2471 286 2519 in
300 2470 420 2518 locis
437 2469 523 2517 ubi
539 2468 661 2517 fides
675 2469 954 2518 Christiana
970 2471 1079 2534 lege
1094 2476 1313 2517 armatur
1327 2467 1556 2524 civitatis,

164 2554 220 2595 ut
265 2544 745 2594 excommunicatum
782 2545 958 2608 fugent
982 2566 994 2600 ;
1042 2545 1192 2592 etiam
1237 2551 1461 2607 pastores
1506 2552 1559 2591 et

167 2620 394 2678 ministri,
415 2635 446 2666 a
469 2619 644 2682 quibus
667 2619 981 2683 eligerentur,
1017 2634 1194 2682 nempe
1218 2619 1279 2666 ab
1303 2617 1521 2665 ecclesiis
1542 2638 1555 2672 ;

167 2697 276 2761 quis
312 2694 672 2743 consecraverit
702 2710 804 2754 eos,
845 2711 1022 2759 nempe
1064 2693 1283 2742 ecclesiae
1298 2753 1305 2760 ⁶
1322 2692 1556 2747 antistae3

169 2771 299 2820 unde
321 2770 585 2827 alerentur,
609 2785 783 2833 nempe
805 2786 836 2818 a
858 2771 958 2818 suis
993 2770 1211 2833 ipsorum
1243 2767 1558 2832 possessioni-

166 2847 275 2906 bus,
290 2846 456 2894 labore
469 2861 575 2903 suc,
590 2845 1131 2909 contributionibusque
1148 2844 1366 2893 fidelium
1384 2843 1557 2893 volun-

6 2749 11 2753 ,
0 2662 7 2719 vn·—
0 2583 15 2649 ''v'ssv
6 2546 11 2552 A„
