<?xml version="1.0" encoding="UTF-8"?>
<!DOCTYPE html PUBLIC "-//W3C//DTD XHTML 1.0 Transitional//EN"
    "http://www.w3.org/TR/xhtml1/DTD/xhtml1-transitional.dtd">
<html xmlns="http://www.w3.org/1999/xhtml" xml:lang="en" lang="en">
 <head>
  <title>
</title>
<meta http-equiv="Content-Type" content="text/html;charset=utf-8" />
  <meta name='ocr-system' content='tesseract 3.04.00' />
  <meta name='ocr-capabilities' content='ocr_page ocr_carea ocr_par ocr_line ocrx_word'/>
</head>
<body>
  <div class='ocr_page' id='page_1' title='image "./operaphilosophic03hobbuoft_0141.png"; bbox 0 0 1910 3236; ppageno 0'>
   <div class='ocr_carea' id='block_1_1' title="bbox 0 105 22 382">
    <p class='ocr_par' dir='ltr' id='par_1_1' title="bbox 0 105 22 382">
     <span class='ocr_line' id='line_1_1' title="bbox 0 105 22 260; baseline 0 -68"><span class='ocrx_word' id='word_1_1' title='bbox 0 105 22 260; x_wconf 86' lang='lat'>3</span> 
     </span>
     <span class='ocr_line' id='line_1_2' title="bbox 0 261 18 382; baseline 0 -12"><span class='ocrx_word' id='word_1_2' title='bbox 0 261 18 382; x_wconf 61' lang='grc' dir='ltr'><em>ἓ</em></span> 
     </span>
    </p>
   </div>
   <div class='ocr_carea' id='block_1_2' title="bbox 0 853 34 1629">
    <p class='ocr_par' dir='ltr' id='par_1_2' title="bbox 0 853 34 1629">
     <span class='ocr_line' id='line_1_3' title="bbox 0 853 34 1629; baseline 0 1607"><span class='ocrx_word' id='word_1_3' title='bbox 0 853 34 1629; x_wconf 95' lang='lat' dir='ltr'> </span> 
     </span>
    </p>
   </div>
   <div class='ocr_carea' id='block_1_3' title="bbox 697 234 1574 279">
    <p class='ocr_par' dir='ltr' id='par_1_3' title="bbox 697 234 1574 279">
     <span class='ocr_line' id='line_1_4' title="bbox 697 234 1574 279; baseline -0.003 0"><span class='ocrx_word' id='word_1_4' title='bbox 697 248 763 279; x_wconf 73' lang='lat' dir='ltr'>nn</span> <span class='ocrx_word' id='word_1_5' title='bbox 793 246 1070 279; x_wconf 73' lang='lat' dir='ltr'>crvt‘rATE.</span> <span class='ocrx_word' id='word_1_6' title='bbox 1482 234 1574 276; x_wconf 87' lang='grc'>129</span> 
     </span>
    </p>
   </div>
   <div class='ocr_carea' id='block_1_4' title="bbox 191 356 1843 576">
    <p class='ocr_par' dir='ltr' id='par_1_4' title="bbox 191 356 1843 576">
     <span class='ocr_line' id='line_1_5' title="bbox 191 356 1843 425; baseline -0.001 -16"><span class='ocrx_word' id='word_1_7' title='bbox 191 361 390 409; x_wconf 88' lang='lat' dir='ltr'>omnino</span> <span class='ocrx_word' id='word_1_8' title='bbox 414 377 535 425; x_wconf 92' lang='lat' dir='ltr'>opus</span> <span class='ocrx_word' id='word_1_9' title='bbox 558 376 655 408; x_wconf 90' lang='lat' dir='ltr'>non</span> <span class='ocrx_word' id='word_1_10' title='bbox 676 370 818 418; x_wconf 80' lang='lat' dir='ltr'>essct,</span> <span class='ocrx_word' id='word_1_11' title='bbox 844 360 1044 407; x_wconf 80' lang='lat' dir='ltr'>victuris</span> <span class='ocrx_word' id='word_1_12' title='bbox 1080 357 1265 405; x_wconf 82' lang='lat' dir='ltr'>scilicet</span> <span class='ocrx_word' id='word_1_13' title='bbox 1297 356 1574 404; x_wconf 87' lang='lat' dir='ltr'>hominibus</span> <span class='ocrx_word' id='word_1_14' title='bbox 1605 375 1708 407; x_wconf 72' lang='lat' dir='ltr'>cAP.</span> <span class='ocrx_word' id='word_1_15' title='bbox 1727 374 1843 407; x_wconf 76' lang='lat' dir='ltr'>xvir.</span> 
     </span>
     <span class='ocr_line' id='line_1_6' title="bbox 191 431 1839 503; baseline 0.007 -18"><span class='ocrx_word' id='word_1_16' title='bbox 191 436 242 485; x_wconf 94' lang='lat' dir='ltr'>in</span> <span class='ocrx_word' id='word_1_17' title='bbox 265 453 386 501; x_wconf 82' lang='lat' dir='ltr'>pace</span> <span class='ocrx_word' id='word_1_18' title='bbox 410 446 458 485; x_wconf 88' lang='lat' dir='ltr'>et</span> <span class='ocrx_word' id='word_1_19' title='bbox 482 437 584 484; x_wconf 90' lang='lat' dir='ltr'>sine</span> <span class='ocrx_word' id='word_1_20' title='bbox 609 436 831 483; x_wconf 84' lang='lat' dir='ltr'>dominis.</span> <span class='ocrx_word' id='word_1_21' title='bbox 1597 431 1839 503; x_wconf 50' lang='lat' dir='ltr'>noma</span> 
     </span>
     <span class='ocr_line' id='line_1_7' title="bbox 257 511 1835 576; baseline -0.005 -15"><span class='ocrx_word' id='word_1_22' title='bbox 257 513 430 576; x_wconf 85' lang='lat' dir='ltr'>Neque</span> <span class='ocrx_word' id='word_1_23' title='bbox 454 513 517 560; x_wconf 83' lang='lat' dir='ltr'>ad</span> <span class='ocrx_word' id='word_1_24' title='bbox 541 513 867 569; x_wconf 86' lang='lat' dir='ltr'>securitatem,</span> <span class='ocrx_word' id='word_1_25' title='bbox 888 526 1031 574; x_wconf 90' lang='lat' dir='ltr'>quam</span> <span class='ocrx_word' id='word_1_26' title='bbox 1051 515 1337 573; x_wconf 88' lang='lat' dir='ltr'>perpetuam</span> <span class='ocrx_word' id='word_1_27' title='bbox 1361 522 1465 555; x_wconf 90' lang='lat' dir='ltr'>esse</span> <span class='ocrx_word' id='word_1_28' title='bbox 1490 523 1574 554; x_wconf 88' lang='lat' dir='ltr'>vo-</span> <span class='ocrx_word' id='word_1_29' title='bbox 1594 511 1835 544; x_wconf 43' lang='lat' dir='ltr'>ration‘&#39;weden-</span> 
     </span>
    </p>
   </div>
   <div class='ocr_carea' id='block_1_5' title="bbox 188 558 1850 2615">
    <p class='ocr_par' dir='ltr' id='par_1_5' title="bbox 190 558 1850 727">
     <span class='ocr_line' id='line_1_8' title="bbox 190 558 1850 650; baseline -0.005 -14"><span class='ocrx_word' id='word_1_30' title='bbox 190 587 313 645; x_wconf 90' lang='lat' dir='ltr'>lunt,</span> <span class='ocrx_word' id='word_1_31' title='bbox 339 588 517 635; x_wconf 88' lang='lat' dir='ltr'>sufficit</span> <span class='ocrx_word' id='word_1_32' title='bbox 549 596 604 635; x_wconf 91' lang='lat' dir='ltr'>ut</span> <span class='ocrx_word' id='word_1_33' title='bbox 644 589 980 650; x_wconf 84' lang='lat' dir='ltr'>gubernentur</span> <span class='ocrx_word' id='word_1_34' title='bbox 1017 602 1106 649; x_wconf 89' lang='lat' dir='ltr'>pro</span> <span class='ocrx_word' id='word_1_35' title='bbox 1143 591 1279 631; x_wconf 89' lang='lat' dir='ltr'>certo</span> <span class='ocrx_word' id='word_1_36' title='bbox 1311 590 1504 631; x_wconf 87' lang='lat' dir='ltr'>tantum</span> <span class='ocrx_word' id='word_1_37' title='bbox 1528 591 1577 630; x_wconf 89' lang='lat' dir='ltr'>et</span> <span class='ocrx_word' id='word_1_38' title='bbox 1594 561 1703 584; x_wconf 59' lang='lat' dir='ltr'>⁰¹⁰⁰oe</span> <span class='ocrx_word' id='word_1_39' title='bbox 1716 558 1850 584; x_wconf 59' lang='lat' dir='ltr'>mmm</span> 
     </span>
     <span class='ocr_line' id='line_1_9' title="bbox 190 659 1575 727; baseline -0.004 -16"><span class='ocrx_word' id='word_1_40' title='bbox 190 661 516 711; x_wconf 88' lang='lat' dir='ltr'>determinato</span> <span class='ocrx_word' id='word_1_41' title='bbox 533 672 766 727; x_wconf 85' lang='lat' dir='ltr'>tempore,</span> <span class='ocrx_word' id='word_1_42' title='bbox 784 672 837 710; x_wconf 91' lang='lat' dir='ltr'>ut</span> <span class='ocrx_word' id='word_1_43' title='bbox 862 663 910 710; x_wconf 88' lang='lat' dir='ltr'>in</span> <span class='ocrx_word' id='word_1_44' title='bbox 934 678 1032 709; x_wconf 90' lang='lat' dir='ltr'>uno</span> <span class='ocrx_word' id='word_1_45' title='bbox 1045 660 1212 724; x_wconf 79' lang='lat' dir='ltr'>praelio</span> <span class='ocrx_word' id='word_1_46' title='bbox 1228 659 1303 707; x_wconf 86' lang='lat' dir='ltr'>vel</span> <span class='ocrx_word' id='word_1_47' title='bbox 1317 659 1444 707; x_wconf 93' lang='lat' dir='ltr'>bello</span> <span class='ocrx_word' id='word_1_48' title='bbox 1460 675 1575 707; x_wconf 92' lang='lat' dir='ltr'>uno.</span> 
     </span>
    </p>

    <p class='ocr_par' dir='ltr' id='par_1_6' title="bbox 188 735 1577 802">
     <span class='ocr_line' id='line_1_10' title="bbox 188 735 1577 802; baseline -0.004 -15"><span class='ocrx_word' id='word_1_49' title='bbox 188 738 296 787; x_wconf 88' lang='lat' dir='ltr'>Etsi</span> <span class='ocrx_word' id='word_1_50' title='bbox 319 739 449 786; x_wconf 90' lang='lat' dir='ltr'>enim</span> <span class='ocrx_word' id='word_1_51' title='bbox 480 755 567 802; x_wconf 89' lang='lat' dir='ltr'>per</span> <span class='ocrx_word' id='word_1_52' title='bbox 594 748 825 786; x_wconf 87' lang='lat' dir='ltr'>conatum</span> <span class='ocrx_word' id='word_1_53' title='bbox 850 738 1129 785; x_wconf 87' lang='lat' dir='ltr'>unanimem</span> <span class='ocrx_word' id='word_1_54' title='bbox 1143 736 1335 783; x_wconf 86' lang='lat' dir='ltr'>hostem</span> <span class='ocrx_word' id='word_1_55' title='bbox 1359 735 1577 791; x_wconf 89' lang='lat' dir='ltr'>vincant,</span> 
     </span>
    </p>

    <p class='ocr_par' dir='ltr' id='par_1_7' title="bbox 189 810 1577 879">
     <span class='ocr_line' id='line_1_11' title="bbox 189 810 1577 879; baseline -0.004 -16"><span class='ocrx_word' id='word_1_56' title='bbox 189 822 361 879; x_wconf 88' lang='lat' dir='ltr'>postea</span> <span class='ocrx_word' id='word_1_57' title='bbox 383 823 564 872; x_wconf 88' lang='lat' dir='ltr'>tamen,</span> <span class='ocrx_word' id='word_1_58' title='bbox 590 815 629 861; x_wconf 89' lang='lat' dir='ltr'>si</span> <span class='ocrx_word' id='word_1_59' title='bbox 654 829 962 861; x_wconf 89' lang='lat' dir='ltr'>communem</span> <span class='ocrx_word' id='word_1_60' title='bbox 992 813 1181 859; x_wconf 85' lang='lat' dir='ltr'>hostem</span> <span class='ocrx_word' id='word_1_61' title='bbox 1210 827 1308 858; x_wconf 88' lang='lat' dir='ltr'>non</span> <span class='ocrx_word' id='word_1_62' title='bbox 1348 810 1577 867; x_wconf 84' lang='lat' dir='ltr'>habeant,</span> 
     </span>
    </p>

    <p class='ocr_par' dir='ltr' id='par_1_8' title="bbox 189 886 1579 949">
     <span class='ocr_line' id='line_1_12' title="bbox 189 886 1579 949; baseline -0.004 -11"><span class='ocrx_word' id='word_1_63' title='bbox 189 889 268 938; x_wconf 81' lang='lat' dir='ltr'>vel</span> <span class='ocrx_word' id='word_1_64' title='bbox 294 889 334 937; x_wconf 92' lang='lat' dir='ltr'>si</span> <span class='ocrx_word' id='word_1_65' title='bbox 358 889 442 937; x_wconf 89' lang='lat' dir='ltr'>alii</span> <span class='ocrx_word' id='word_1_66' title='bbox 467 890 673 947; x_wconf 90' lang='lat' dir='ltr'>hostem,</span> <span class='ocrx_word' id='word_1_67' title='bbox 695 889 775 936; x_wconf 83' lang='lat' dir='ltr'>alii</span> <span class='ocrx_word' id='word_1_68' title='bbox 811 889 1037 945; x_wconf 85' lang='lat' dir='ltr'>amicum,</span> <span class='ocrx_word' id='word_1_69' title='bbox 1054 886 1263 934; x_wconf 89' lang='lat' dir='ltr'>eundem</span> <span class='ocrx_word' id='word_1_70' title='bbox 1286 894 1477 949; x_wconf 87' lang='lat' dir='ltr'>putent,</span> <span class='ocrx_word' id='word_1_71' title='bbox 1501 902 1579 934; x_wconf 91' lang='lat' dir='ltr'>so-</span> 
     </span>
    </p>

    <p class='ocr_par' dir='ltr' id='par_1_9' title="bbox 189 961 1577 1103">
     <span class='ocr_line' id='line_1_13' title="bbox 189 961 1577 1026; baseline -0.004 -13"><span class='ocrx_word' id='word_1_72' title='bbox 189 965 340 1014; x_wconf 84' lang='lat' dir='ltr'>cietas</span> <span class='ocrx_word' id='word_1_73' title='bbox 363 966 635 1013; x_wconf 87' lang='lat' dir='ltr'>necessario</span> <span class='ocrx_word' id='word_1_74' title='bbox 660 965 964 1020; x_wconf 87' lang='lat' dir='ltr'>dissolvetur,</span> <span class='ocrx_word' id='word_1_75' title='bbox 984 972 1034 1011; x_wconf 92' lang='lat' dir='ltr'>et</span> <span class='ocrx_word' id='word_1_76' title='bbox 1053 970 1253 1026; x_wconf 87' lang='lat' dir='ltr'>propter</span> <span class='ocrx_word' id='word_1_77' title='bbox 1271 961 1577 1009; x_wconf 84' lang='lat' dir='ltr'>voluntatum</span> 
     </span>
     <span class='ocr_line' id='line_1_14' title="bbox 190 1037 1405 1103; baseline -0.003 -15"><span class='ocrx_word' id='word_1_78' title='bbox 190 1040 492 1089; x_wconf 85' lang='lat' dir='ltr'>differentias</span> <span class='ocrx_word' id='word_1_79' title='bbox 516 1042 643 1088; x_wconf 87' lang='lat' dir='ltr'>inter</span> <span class='ocrx_word' id='word_1_80' title='bbox 666 1041 848 1103; x_wconf 89' lang='lat' dir='ltr'>seipsos</span> <span class='ocrx_word' id='word_1_81' title='bbox 872 1039 1052 1087; x_wconf 87' lang='lat' dir='ltr'>bellum</span> <span class='ocrx_word' id='word_1_82' title='bbox 1076 1037 1405 1085; x_wconf 88' lang='lat' dir='ltr'>renovabitur.</span> 
     </span>
    </p>

    <p class='ocr_par' dir='ltr' id='par_1_10' title="bbox 190 1113 1580 1771">
     <span class='ocr_line' id='line_1_15' title="bbox 258 1113 1577 1179; baseline -0.005 -14"><span class='ocrx_word' id='word_1_83' title='bbox 258 1116 357 1165; x_wconf 91' lang='lat' dir='ltr'>Sed</span> <span class='ocrx_word' id='word_1_84' title='bbox 374 1125 504 1174; x_wconf 88' lang='lat' dir='ltr'>sunt,</span> <span class='ocrx_word' id='word_1_85' title='bbox 519 1117 708 1179; x_wconf 88' lang='lat' dir='ltr'>inquiet</span> <span class='ocrx_word' id='word_1_86' title='bbox 725 1116 914 1179; x_wconf 87' lang='lat' dir='ltr'>aliquis,</span> <span class='ocrx_word' id='word_1_87' title='bbox 931 1114 1159 1162; x_wconf 88' lang='lat' dir='ltr'>animalia</span> <span class='ocrx_word' id='word_1_88' title='bbox 1177 1113 1400 1177; x_wconf 87' lang='lat' dir='ltr'>quaedam</span> <span class='ocrx_word' id='word_1_89' title='bbox 1413 1113 1577 1167; x_wconf 87' lang='lat' dir='ltr'>bruta,</span> 
     </span>
     <span class='ocr_line' id='line_1_16' title="bbox 191 1188 1579 1257; baseline -0.004 -16"><span class='ocrx_word' id='word_1_90' title='bbox 191 1201 246 1241; x_wconf 92' lang='lat' dir='ltr'>ut</span> <span class='ocrx_word' id='word_1_91' title='bbox 269 1209 386 1257; x_wconf 84' lang='lat' dir='ltr'>apes</span> <span class='ocrx_word' id='word_1_92' title='bbox 410 1201 460 1240; x_wconf 88' lang='lat' dir='ltr'>et</span> <span class='ocrx_word' id='word_1_93' title='bbox 481 1193 714 1250; x_wconf 86' lang='lat' dir='ltr'>formicae,</span> <span class='ocrx_word' id='word_1_94' title='bbox 739 1208 846 1255; x_wconf 87' lang='lat' dir='ltr'>quae</span> <span class='ocrx_word' id='word_1_95' title='bbox 869 1191 1071 1255; x_wconf 90' lang='lat' dir='ltr'>pacifice</span> <span class='ocrx_word' id='word_1_96' title='bbox 1104 1191 1154 1237; x_wconf 91' lang='lat' dir='ltr'>in</span> <span class='ocrx_word' id='word_1_97' title='bbox 1188 1189 1360 1238; x_wconf 90' lang='lat' dir='ltr'>eodem</span> <span class='ocrx_word' id='word_1_98' title='bbox 1399 1188 1579 1236; x_wconf 88' lang='lat' dir='ltr'>alveari</span> 
     </span>
     <span class='ocr_line' id='line_1_17' title="bbox 190 1266 1580 1328; baseline -0.004 -12"><span class='ocrx_word' id='word_1_99' title='bbox 190 1276 243 1316; x_wconf 91' lang='lat' dir='ltr'>et</span> <span class='ocrx_word' id='word_1_100' title='bbox 266 1268 316 1316; x_wconf 90' lang='lat' dir='ltr'>in</span> <span class='ocrx_word' id='word_1_101' title='bbox 337 1268 508 1316; x_wconf 87' lang='lat' dir='ltr'>eadem</span> <span class='ocrx_word' id='word_1_102' title='bbox 524 1269 801 1316; x_wconf 85' lang='lat' dir='ltr'>formicaria</span> <span class='ocrx_word' id='word_1_103' title='bbox 824 1268 951 1315; x_wconf 84' lang='lat' dir='ltr'>inter</span> <span class='ocrx_word' id='word_1_104' title='bbox 968 1283 1019 1314; x_wconf 91' lang='lat' dir='ltr'>se</span> <span class='ocrx_word' id='word_1_105' title='bbox 1038 1267 1224 1324; x_wconf 89' lang='lat' dir='ltr'>vivunt,</span> <span class='ocrx_word' id='word_1_106' title='bbox 1240 1266 1580 1328; x_wconf 86' lang='lat' dir='ltr'>habenturque</span> 
     </span>
     <span class='ocr_line' id='line_1_18' title="bbox 190 1341 1579 1406; baseline -0.004 -14"><span class='ocrx_word' id='word_1_107' title='bbox 190 1345 253 1392; x_wconf 84' lang='lat' dir='ltr'>ab</span> <span class='ocrx_word' id='word_1_108' title='bbox 278 1343 538 1391; x_wconf 85' lang='lat' dir='ltr'>Aristotele</span> <span class='ocrx_word' id='word_1_109' title='bbox 560 1359 650 1406; x_wconf 92' lang='lat' dir='ltr'>pro</span> <span class='ocrx_word' id='word_1_110' title='bbox 682 1343 972 1391; x_wconf 88' lang='lat' dir='ltr'>animalibus</span> <span class='ocrx_word' id='word_1_111' title='bbox 995 1341 1220 1405; x_wconf 88' lang='lat' dir='ltr'>politicis,</span> <span class='ocrx_word' id='word_1_112' title='bbox 1245 1349 1579 1403; x_wconf 86' lang='lat' dir='ltr'>regunturque</span> 
     </span>
     <span class='ocr_line' id='line_1_19' title="bbox 191 1415 1579 1483; baseline -0.004 -16"><span class='ocrx_word' id='word_1_113' title='bbox 191 1436 279 1468; x_wconf 92' lang='lat' dir='ltr'>suo</span> <span class='ocrx_word' id='word_1_114' title='bbox 308 1419 690 1483; x_wconf 91' lang='lat' dir='ltr'>unumquodque</span> <span class='ocrx_word' id='word_1_115' title='bbox 722 1419 908 1482; x_wconf 88' lang='lat' dir='ltr'>judicio</span> <span class='ocrx_word' id='word_1_116' title='bbox 942 1426 993 1466; x_wconf 92' lang='lat' dir='ltr'>et</span> <span class='ocrx_word' id='word_1_117' title='bbox 1015 1417 1267 1481; x_wconf 81' lang='lat' dir='ltr'>appetitu3</span> <span class='ocrx_word' id='word_1_118' title='bbox 1303 1416 1451 1479; x_wconf 90' lang='lat' dir='ltr'>idque</span> <span class='ocrx_word' id='word_1_119' title='bbox 1475 1415 1579 1463; x_wconf 91' lang='lat' dir='ltr'>sine</span> 
     </span>
     <span class='ocr_line' id='line_1_20' title="bbox 190 1490 1579 1557; baseline -0.004 -14"><span class='ocrx_word' id='word_1_120' title='bbox 190 1510 286 1543; x_wconf 88' lang='lat' dir='ltr'>usu</span> <span class='ocrx_word' id='word_1_121' title='bbox 309 1495 560 1553; x_wconf 87' lang='lat' dir='ltr'>sermonis,</span> <span class='ocrx_word' id='word_1_122' title='bbox 594 1510 690 1557; x_wconf 93' lang='lat' dir='ltr'>quo</span> <span class='ocrx_word' id='word_1_123' title='bbox 728 1494 1003 1557; x_wconf 86' lang='lat' dir='ltr'>significare</span> <span class='ocrx_word' id='word_1_124' title='bbox 1033 1493 1155 1540; x_wconf 89' lang='lat' dir='ltr'>alius</span> <span class='ocrx_word' id='word_1_125' title='bbox 1179 1491 1260 1539; x_wconf 91' lang='lat' dir='ltr'>alii</span> <span class='ocrx_word' id='word_1_126' title='bbox 1284 1491 1436 1554; x_wconf 86' lang='lat' dir='ltr'>possit</span> <span class='ocrx_word' id='word_1_127' title='bbox 1460 1490 1579 1554; x_wconf 89' lang='lat' dir='ltr'>quid</span> 
     </span>
     <span class='ocr_line' id='line_1_21' title="bbox 190 1566 1579 1619; baseline -0.004 0"><span class='ocrx_word' id='word_1_128' title='bbox 190 1570 255 1619; x_wconf 78' lang='lat' dir='ltr'>ad</span> <span class='ocrx_word' id='word_1_129' title='bbox 276 1570 538 1619; x_wconf 86' lang='lat' dir='ltr'>utilitatem</span> <span class='ocrx_word' id='word_1_130' title='bbox 563 1586 871 1618; x_wconf 89' lang='lat' dir='ltr'>communem</span> <span class='ocrx_word' id='word_1_131' title='bbox 887 1569 1162 1617; x_wconf 86' lang='lat' dir='ltr'>conducere</span> <span class='ocrx_word' id='word_1_132' title='bbox 1180 1567 1256 1615; x_wconf 90' lang='lat' dir='ltr'>vel</span> <span class='ocrx_word' id='word_1_133' title='bbox 1275 1583 1375 1614; x_wconf 90' lang='lat' dir='ltr'>non</span> <span class='ocrx_word' id='word_1_134' title='bbox 1394 1566 1579 1614; x_wconf 91' lang='lat' dir='ltr'>condu-</span> 
     </span>
     <span class='ocr_line' id='line_1_22' title="bbox 191 1643 1578 1709; baseline -0.004 -15"><span class='ocrx_word' id='word_1_135' title='bbox 191 1661 303 1695; x_wconf 89' lang='lat' dir='ltr'>cere</span> <span class='ocrx_word' id='word_1_136' title='bbox 342 1646 639 1694; x_wconf 83' lang='lat' dir='ltr'>existimant.</span> <span class='ocrx_word' id='word_1_137' title='bbox 710 1645 844 1694; x_wconf 75' lang='lat' dir='ltr'>Quid</span> <span class='ocrx_word' id='word_1_138' title='bbox 883 1661 1000 1709; x_wconf 87' lang='lat' dir='ltr'>ergo</span> <span class='ocrx_word' id='word_1_139' title='bbox 1041 1643 1245 1707; x_wconf 91' lang='lat' dir='ltr'>impedit</span> <span class='ocrx_word' id='word_1_140' title='bbox 1284 1659 1380 1706; x_wconf 91' lang='lat' dir='ltr'>quo</span> <span class='ocrx_word' id='word_1_141' title='bbox 1419 1643 1578 1690; x_wconf 88' lang='lat' dir='ltr'>minus</span> 
     </span>
     <span class='ocr_line' id='line_1_23' title="bbox 191 1721 802 1771; baseline -0.003 -1"><span class='ocrx_word' id='word_1_142' title='bbox 191 1721 414 1771; x_wconf 88' lang='lat' dir='ltr'>homines</span> <span class='ocrx_word' id='word_1_143' title='bbox 434 1722 563 1770; x_wconf 91' lang='lat' dir='ltr'>idem</span> <span class='ocrx_word' id='word_1_144' title='bbox 586 1722 802 1770; x_wconf 86' lang='lat' dir='ltr'>faciant?</span> 
     </span>
    </p>

    <p class='ocr_par' dir='ltr' id='par_1_11' title="bbox 192 1795 1580 2165">
     <span class='ocr_line' id='line_1_24' title="bbox 258 1795 1580 1861; baseline -0.004 -15"><span class='ocrx_word' id='word_1_145' title='bbox 258 1797 339 1846; x_wconf 86' lang='lat' dir='ltr'>Ad</span> <span class='ocrx_word' id='word_1_146' title='bbox 367 1798 462 1846; x_wconf 91' lang='lat' dir='ltr'>hoc</span> <span class='ocrx_word' id='word_1_147' title='bbox 494 1798 778 1861; x_wconf 89' lang='lat' dir='ltr'>respondeo.</span> <span class='ocrx_word' id='word_1_148' title='bbox 851 1797 1027 1855; x_wconf 87' lang='lat' dir='ltr'>Primo,</span> <span class='ocrx_word' id='word_1_149' title='bbox 1053 1795 1184 1860; x_wconf 92' lang='lat' dir='ltr'>quod</span> <span class='ocrx_word' id='word_1_150' title='bbox 1206 1795 1427 1843; x_wconf 91' lang='lat' dir='ltr'>homines</span> <span class='ocrx_word' id='word_1_151' title='bbox 1451 1795 1580 1842; x_wconf 91' lang='lat' dir='ltr'>inter</span> 
     </span>
     <span class='ocr_line' id='line_1_25' title="bbox 192 1870 1576 1936; baseline -0.004 -14"><span class='ocrx_word' id='word_1_152' title='bbox 192 1889 246 1922; x_wconf 87' lang='lat' dir='ltr'>se</span> <span class='ocrx_word' id='word_1_153' title='bbox 268 1873 331 1922; x_wconf 86' lang='lat' dir='ltr'>de</span> <span class='ocrx_word' id='word_1_154' title='bbox 349 1873 617 1922; x_wconf 88' lang='lat' dir='ltr'>honoribus</span> <span class='ocrx_word' id='word_1_155' title='bbox 641 1881 693 1921; x_wconf 89' lang='lat' dir='ltr'>et</span> <span class='ocrx_word' id='word_1_156' title='bbox 716 1873 956 1936; x_wconf 88' lang='lat' dir='ltr'>dignitate</span> <span class='ocrx_word' id='word_1_157' title='bbox 978 1879 1218 1936; x_wconf 90' lang='lat' dir='ltr'>perpetuo</span> <span class='ocrx_word' id='word_1_158' title='bbox 1242 1870 1576 1924; x_wconf 90' lang='lat' dir='ltr'>contendunt;</span> 
     </span>
     <span class='ocr_line' id='line_1_26' title="bbox 193 1945 1579 2011; baseline -0.004 -13"><span class='ocrx_word' id='word_1_159' title='bbox 193 1948 280 1998; x_wconf 82' lang='lat' dir='ltr'>sed</span> <span class='ocrx_word' id='word_1_160' title='bbox 301 1949 528 1997; x_wconf 88' lang='lat' dir='ltr'>animalia</span> <span class='ocrx_word' id='word_1_161' title='bbox 562 1949 645 1997; x_wconf 89' lang='lat' dir='ltr'>illa</span> <span class='ocrx_word' id='word_1_162' title='bbox 671 1965 772 1996; x_wconf 91' lang='lat' dir='ltr'>non</span> <span class='ocrx_word' id='word_1_163' title='bbox 809 1949 941 1996; x_wconf 91' lang='lat' dir='ltr'>item.</span> <span class='ocrx_word' id='word_1_164' title='bbox 1013 1948 1185 2011; x_wconf 87' lang='lat' dir='ltr'>Itaque</span> <span class='ocrx_word' id='word_1_165' title='bbox 1209 1947 1338 1994; x_wconf 90' lang='lat' dir='ltr'>inter</span> <span class='ocrx_word' id='word_1_166' title='bbox 1360 1945 1579 1993; x_wconf 87' lang='lat' dir='ltr'>homines</span> 
     </span>
     <span class='ocr_line' id='line_1_27' title="bbox 193 2022 1577 2087; baseline -0.004 -14"><span class='ocrx_word' id='word_1_167' title='bbox 193 2024 390 2083; x_wconf 80' lang='lat' dir='ltr'>invidia,</span> <span class='ocrx_word' id='word_1_168' title='bbox 431 2024 613 2083; x_wconf 90' lang='lat' dir='ltr'>odium,</span> <span class='ocrx_word' id='word_1_169' title='bbox 653 2025 849 2082; x_wconf 89' lang='lat' dir='ltr'>bellum,</span> <span class='ocrx_word' id='word_1_170' title='bbox 884 2032 1087 2087; x_wconf 91' lang='lat' dir='ltr'>propter</span> <span class='ocrx_word' id='word_1_171' title='bbox 1124 2039 1246 2080; x_wconf 88' lang='lat' dir='ltr'>eam,</span> <span class='ocrx_word' id='word_1_172' title='bbox 1283 2023 1413 2069; x_wconf 89' lang='lat' dir='ltr'>inter</span> <span class='ocrx_word' id='word_1_173' title='bbox 1442 2022 1577 2077; x_wconf 89' lang='lat' dir='ltr'>alias,</span> 
     </span>
     <span class='ocr_line' id='line_1_28' title="bbox 194 2098 1361 2165; baseline -0.005 -15"><span class='ocrx_word' id='word_1_174' title='bbox 194 2115 389 2150; x_wconf 71' lang='lat' dir='ltr'>musam</span> <span class='ocrx_word' id='word_1_175' title='bbox 412 2117 541 2165; x_wconf 87' lang='lat' dir='ltr'>saepe</span> <span class='ocrx_word' id='word_1_176' title='bbox 564 2101 811 2156; x_wconf 88' lang='lat' dir='ltr'>nascitur;</span> <span class='ocrx_word' id='word_1_177' title='bbox 847 2100 978 2148; x_wconf 91' lang='lat' dir='ltr'>inter</span> <span class='ocrx_word' id='word_1_178' title='bbox 999 2099 1082 2147; x_wconf 90' lang='lat' dir='ltr'>illa</span> <span class='ocrx_word' id='word_1_179' title='bbox 1103 2098 1361 2146; x_wconf 89' lang='lat' dir='ltr'>rarissime.</span> 
     </span>
    </p>

    <p class='ocr_par' dir='ltr' id='par_1_12' title="bbox 190 2172 1579 2541">
     <span class='ocr_line' id='line_1_29' title="bbox 263 2172 1579 2236; baseline -0.005 -11"><span class='ocrx_word' id='word_1_180' title='bbox 263 2175 510 2235; x_wconf 87' lang='lat' dir='ltr'>Secundo,</span> <span class='ocrx_word' id='word_1_181' title='bbox 534 2176 665 2224; x_wconf 89' lang='lat' dir='ltr'>inter</span> <span class='ocrx_word' id='word_1_182' title='bbox 687 2175 920 2224; x_wconf 88' lang='lat' dir='ltr'>animalia</span> <span class='ocrx_word' id='word_1_183' title='bbox 942 2175 1026 2222; x_wconf 91' lang='lat' dir='ltr'>illa</span> <span class='ocrx_word' id='word_1_184' title='bbox 1049 2175 1234 2222; x_wconf 91' lang='lat' dir='ltr'>bonum</span> <span class='ocrx_word' id='word_1_185' title='bbox 1258 2172 1509 2236; x_wconf 91' lang='lat' dir='ltr'>publicum</span> <span class='ocrx_word' id='word_1_186' title='bbox 1528 2180 1579 2218; x_wconf 91' lang='lat' dir='ltr'>et</span> 
     </span>
     <span class='ocr_line' id='line_1_30' title="bbox 194 2246 1578 2316; baseline -0.006 -16"><span class='ocrx_word' id='word_1_187' title='bbox 194 2251 438 2316; x_wconf 84' lang='lat' dir='ltr'>privatum</span> <span class='ocrx_word' id='word_1_188' title='bbox 460 2250 591 2299; x_wconf 88' lang='lat' dir='ltr'>idem</span> <span class='ocrx_word' id='word_1_189' title='bbox 615 2260 705 2299; x_wconf 89' lang='lat' dir='ltr'>est.</span> <span class='ocrx_word' id='word_1_190' title='bbox 775 2251 906 2314; x_wconf 86' lang='lat' dir='ltr'>Ergo</span> <span class='ocrx_word' id='word_1_191' title='bbox 920 2250 983 2298; x_wconf 91' lang='lat' dir='ltr'>ad</span> <span class='ocrx_word' id='word_1_192' title='bbox 1000 2250 1184 2297; x_wconf 92' lang='lat' dir='ltr'>bonum</span> <span class='ocrx_word' id='word_1_193' title='bbox 1198 2249 1442 2312; x_wconf 90' lang='lat' dir='ltr'>privatum</span> <span class='ocrx_word' id='word_1_194' title='bbox 1462 2246 1578 2292; x_wconf 91' lang='lat' dir='ltr'>dum</span> 
     </span>
     <span class='ocr_line' id='line_1_31' title="bbox 194 2324 1578 2388; baseline -0.007 -12"><span class='ocrx_word' id='word_1_195' title='bbox 194 2327 484 2376; x_wconf 82' lang='lat' dir='ltr'>naturaliter</span> <span class='ocrx_word' id='word_1_196' title='bbox 515 2326 756 2383; x_wconf 87' lang='lat' dir='ltr'>feruntur,</span> <span class='ocrx_word' id='word_1_197' title='bbox 780 2326 924 2374; x_wconf 91' lang='lat' dir='ltr'>simul</span> <span class='ocrx_word' id='word_1_198' title='bbox 952 2332 1218 2388; x_wconf 87' lang='lat' dir='ltr'>procurant</span> <span class='ocrx_word' id='word_1_199' title='bbox 1239 2324 1422 2370; x_wconf 92' lang='lat' dir='ltr'>bonum</span> <span class='ocrx_word' id='word_1_200' title='bbox 1445 2337 1578 2368; x_wconf 91' lang='lat' dir='ltr'>com-</span> 
     </span>
     <span class='ocr_line' id='line_1_32' title="bbox 195 2396 1577 2463; baseline -0.007 -12"><span class='ocrx_word' id='word_1_201' title='bbox 195 2417 358 2451; x_wconf 88' lang='lat' dir='ltr'>mune.</span> <span class='ocrx_word' id='word_1_202' title='bbox 429 2402 631 2450; x_wconf 91' lang='lat' dir='ltr'>Homini</span> <span class='ocrx_word' id='word_1_203' title='bbox 654 2410 820 2449; x_wconf 88' lang='lat' dir='ltr'>autem</span> <span class='ocrx_word' id='word_1_204' title='bbox 843 2401 893 2448; x_wconf 89' lang='lat' dir='ltr'>in</span> <span class='ocrx_word' id='word_1_205' title='bbox 924 2400 1065 2448; x_wconf 91' lang='lat' dir='ltr'>bonis</span> <span class='ocrx_word' id='word_1_206' title='bbox 1099 2398 1308 2463; x_wconf 90' lang='lat' dir='ltr'>propriis</span> <span class='ocrx_word' id='word_1_207' title='bbox 1333 2396 1454 2444; x_wconf 88' lang='lat' dir='ltr'>nihil</span> <span class='ocrx_word' id='word_1_208' title='bbox 1477 2403 1577 2442; x_wconf 90' lang='lat' dir='ltr'>tam</span> 
     </span>
     <span class='ocr_line' id='line_1_33' title="bbox 190 2474 1454 2541; baseline -0.006 -15"><span class='ocrx_word' id='word_1_209' title='bbox 190 2476 462 2541; x_wconf 86' lang='lat' dir='ltr'>jucundum</span> <span class='ocrx_word' id='word_1_210' title='bbox 485 2486 576 2535; x_wconf 87' lang='lat' dir='ltr'>est,</span> <span class='ocrx_word' id='word_1_211' title='bbox 601 2493 747 2541; x_wconf 90' lang='lat' dir='ltr'>quam</span> <span class='ocrx_word' id='word_1_212' title='bbox 770 2476 902 2540; x_wconf 91' lang='lat' dir='ltr'>quod</span> <span class='ocrx_word' id='word_1_213' title='bbox 924 2476 1093 2524; x_wconf 89' lang='lat' dir='ltr'>alienis</span> <span class='ocrx_word' id='word_1_214' title='bbox 1118 2484 1233 2523; x_wconf 91' lang='lat' dir='ltr'>sunt</span> <span class='ocrx_word' id='word_1_215' title='bbox 1255 2474 1454 2536; x_wconf 85' lang='lat' dir='ltr'>majora.</span> 
     </span>
    </p>

    <p class='ocr_par' dir='ltr' id='par_1_13' title="bbox 260 2547 1577 2615">
     <span class='ocr_line' id='line_1_34' title="bbox 260 2547 1577 2615; baseline -0.007 -14"><span class='ocrx_word' id='word_1_216' title='bbox 260 2552 443 2611; x_wconf 86' lang='lat' dir='ltr'>Tertio,</span> <span class='ocrx_word' id='word_1_217' title='bbox 489 2552 717 2600; x_wconf 85' lang='lat' dir='ltr'>animalia</span> <span class='ocrx_word' id='word_1_218' title='bbox 762 2552 858 2610; x_wconf 88' lang='lat' dir='ltr'>illa,</span> <span class='ocrx_word' id='word_1_219' title='bbox 907 2552 1022 2615; x_wconf 88' lang='lat' dir='ltr'>quia</span> <span class='ocrx_word' id='word_1_220' title='bbox 1064 2558 1233 2598; x_wconf 88' lang='lat' dir='ltr'>carent</span> <span class='ocrx_word' id='word_1_221' title='bbox 1275 2548 1481 2604; x_wconf 88' lang='lat' dir='ltr'>ratione,</span> <span class='ocrx_word' id='word_1_222' title='bbox 1528 2547 1577 2593; x_wconf 93' lang='lat' dir='ltr'>in</span> 
     </span>
    </p>
   </div>
   <div class='ocr_carea' id='block_1_6' title="bbox 158 2621 1579 2680">
    <p class='ocr_par' dir='ltr' id='par_1_14' title="bbox 158 2621 1579 2680">
     <span class='ocr_line' id='line_1_35' title="bbox 158 2621 1579 2680; baseline -0.007 -3"><span class='ocrx_word' id='word_1_223' title='bbox 158 2674 163 2680; x_wconf 85' lang='grc'>,</span> <span class='ocrx_word' id='word_1_224' title='bbox 198 2642 360 2676; x_wconf 83' lang='lat' dir='ltr'>rerum</span> <span class='ocrx_word' id='word_1_225' title='bbox 399 2643 595 2675; x_wconf 88' lang='lat' dir='ltr'>suarum</span> <span class='ocrx_word' id='word_1_226' title='bbox 631 2627 964 2675; x_wconf 91' lang='lat' dir='ltr'>communium</span> <span class='ocrx_word' id='word_1_227' title='bbox 998 2624 1423 2674; x_wconf 86' lang='lat' dir='ltr'>administratione</span> <span class='ocrx_word' id='word_1_228' title='bbox 1458 2621 1579 2668; x_wconf 88' lang='lat' dir='ltr'>nihil</span> 
     </span>
    </p>
   </div>
   <div class='ocr_carea' id='block_1_7' title="bbox 197 2699 1580 2980">
    <p class='ocr_par' dir='ltr' id='par_1_15' title="bbox 197 2699 1580 2766">
     <span class='ocr_line' id='line_1_36' title="bbox 197 2699 1580 2766; baseline -0.007 -12"><span class='ocrx_word' id='word_1_229' title='bbox 197 2705 382 2763; x_wconf 83' lang='lat' dir='ltr'>vident,</span> <span class='ocrx_word' id='word_1_230' title='bbox 414 2712 499 2753; x_wconf 87' lang='lat' dir='ltr'>aut</span> <span class='ocrx_word' id='word_1_231' title='bbox 520 2705 686 2753; x_wconf 87' lang='lat' dir='ltr'>videre</span> <span class='ocrx_word' id='word_1_232' title='bbox 709 2706 802 2753; x_wconf 91' lang='lat' dir='ltr'>sibi</span> <span class='ocrx_word' id='word_1_233' title='bbox 819 2705 1064 2762; x_wconf 89' lang='lat' dir='ltr'>videntur,</span> <span class='ocrx_word' id='word_1_234' title='bbox 1089 2702 1220 2766; x_wconf 91' lang='lat' dir='ltr'>quod</span> <span class='ocrx_word' id='word_1_235' title='bbox 1243 2701 1467 2764; x_wconf 91' lang='lat' dir='ltr'>culpent;</span> <span class='ocrx_word' id='word_1_236' title='bbox 1505 2699 1580 2746; x_wconf 85' lang='lat' dir='ltr'>in-</span> 
     </span>
    </p>

    <p class='ocr_par' dir='ltr' id='par_1_16' title="bbox 198 2774 1580 2843">
     <span class='ocr_line' id='line_1_37' title="bbox 198 2774 1580 2843; baseline -0.006 -14"><span class='ocrx_word' id='word_1_237' title='bbox 198 2788 275 2830; x_wconf 84' lang='lat' dir='ltr'>ter</span> <span class='ocrx_word' id='word_1_238' title='bbox 311 2780 532 2828; x_wconf 88' lang='lat' dir='ltr'>homines</span> <span class='ocrx_word' id='word_1_239' title='bbox 563 2788 728 2828; x_wconf 88' lang='lat' dir='ltr'>autem</span> <span class='ocrx_word' id='word_1_240' title='bbox 760 2779 990 2843; x_wconf 89' lang='lat' dir='ltr'>permulti</span> <span class='ocrx_word' id='word_1_241' title='bbox 1026 2787 1156 2837; x_wconf 89' lang='lat' dir='ltr'>sunt,</span> <span class='ocrx_word' id='word_1_242' title='bbox 1190 2777 1272 2840; x_wconf 92' lang='lat' dir='ltr'>qui</span> <span class='ocrx_word' id='word_1_243' title='bbox 1304 2791 1356 2823; x_wconf 87' lang='lat' dir='ltr'>se</span> <span class='ocrx_word' id='word_1_244' title='bbox 1390 2774 1580 2822; x_wconf 85' lang='lat' dir='ltr'>caeteris</span> 
     </span>
    </p>

    <p class='ocr_par' dir='ltr' id='par_1_17' title="bbox 199 2851 1580 2980">
     <span class='ocr_line' id='line_1_38' title="bbox 199 2851 1580 2920; baseline -0.006 -14"><span class='ocrx_word' id='word_1_245' title='bbox 199 2855 518 2920; x_wconf 79' lang='lat' dir='ltr'>sapientiores</span> <span class='ocrx_word' id='word_1_246' title='bbox 554 2864 606 2904; x_wconf 89' lang='lat' dir='ltr'>et</span> <span class='ocrx_word' id='word_1_247' title='bbox 646 2855 872 2920; x_wconf 85' lang='lat' dir='ltr'>regendae</span> <span class='ocrx_word' id='word_1_248' title='bbox 907 2854 1118 2903; x_wconf 87' lang='lat' dir='ltr'>civitatis</span> <span class='ocrx_word' id='word_1_249' title='bbox 1163 2851 1440 2915; x_wconf 86' lang='lat' dir='ltr'>capaciores</span> <span class='ocrx_word' id='word_1_250' title='bbox 1473 2865 1580 2898; x_wconf 82' lang='lat' dir='ltr'>esse</span> 
     </span>
     <span class='ocr_line' id='line_1_39' title="bbox 337 2940 1445 2980; baseline 0 -1"><span class='ocrx_word' id='word_1_251' title='bbox 337 2946 459 2980; x_wconf 68' lang='lat' dir='ltr'>vox„</span> <span class='ocrx_word' id='word_1_252' title='bbox 481 2945 567 2979; x_wconf 89' lang='lat'>111.</span> <span class='ocrx_word' id='word_1_253' title='bbox 1411 2940 1445 2973; x_wconf 80' lang='lat' dir='ltr'>K</span> 
     </span>
    </p>
   </div>
  </div>
 </body>
</html>
