1968 3236
408 219 504 262 210
923 227 992 259 DE
1020 225 1294 259 elvl'rATE.

872 445 1086 492 CAPUT
1120 444 1330 493 XXVII.

408 564 468 595 DE
489 562 782 604 cmMINIBth,
806 561 1231 602 EXCUSAT10N113US,
1253 562 1313 593 ET
1332 561 1794 593 ΕΧΤΕΝυΑΤιοΝιΒυε.

122 653 385 685 οΑΡ.ΧΧνΠ.
408 642 468 688 ΙΝ
502 638 885 702 transgressione
909 637 1030 700 legis
1055 654 1154 684 non
1187 637 1333 684 modo
1361 645 1616 700 peccatum
1654 638 1796 695 inest,

144 707 349 774 Dm
406 716 491 764 sed
506 715 652 763 etiam
667 713 958 777 legislatoris
974 713 1275 776 contemptio
1295 713 1478 776 aliqua;
1507 730 1616 777 quae
1631 713 1797 777 legum

142 790 377 865 zgz’ffifffessffex—
406 794 508 854 ejus
546 790 690 838 simul
727 789 946 836 omnium
985 788 1141 835 instar
1177 788 1454 836 violationis
1491 789 1661 837 habita
1703 797 1795 836 est.

142 875 366 904 ‘enuntionibus-
405 868 665 914 Peccatum
681 881 797 928 ergo
816 872 904 923 est,
924 881 1023 912 non
1047 864 1205 911 solum
1224 864 1355 927 quod
1373 865 1573 923 factum,
1591 865 1795 922 dictum,

403 951 489 991 aut
527 942 807 1005 neglectum
849 948 921 988 est
959 949 1133 988 contra
1173 940 1347 1003 legem,
1385 940 1471 988 sed
1509 941 1655 988 etiam
1693 941 1800 1004 ipsa

404 1017 800 1082 transgrediendi
826 1016 1037 1064 intentio
1081 1016 1181 1063 sive
1213 1016 1538 1078 propositum.
1611 1016 1663 1064 Si
1688 1016 1798 1078 quis

403 1101 569 1142 tamen
592 1094 737 1151 bona,
755 1108 933 1150 servos,
954 1108 1156 1139 uxorem
1175 1091 1344 1140 videns
1364 1093 1575 1156 proximi
1593 1092 1683 1150 sui,
1701 1092 1800 1139 frui

404 1171 497 1218 illis
545 1187 657 1218 cum
703 1169 1029 1217 delectatione
1070 1169 1365 1231 imaginatus
1413 1176 1605 1217 tantum
1650 1168 1801 1216 fuerit

403 1247 587 1309 absque
612 1245 745 1293 omni
769 1245 1040 1292 intentione
1058 1244 1136 1292 vel
1155 1245 1358 1292 consilio
1373 1261 1461 1308 per
1477 1245 1700 1293 fraudem
1715 1252 1801 1292 aut

404 1323 504 1369 vim
528 1337 586 1368 ea
616 1320 905 1383 occupandi,
929 1326 1187 1383 peccatum
1220 1336 1319 1368 non
1351 1329 1440 1379 est,
1478 1337 1638 1384 neque
1673 1336 1801 1384 prae-

407 1398 553 1461 cepti,
578 1413 672 1444 non
705 1396 1040 1459 concupisce8‚
1065 1395 1281 1443 violatio.
1353 1397 1527 1460 Neque
1558 1396 1799 1460 voluptaS‚

408 1490 553 1537 quam
578 1472 686 1535 quis
709 1472 890 1518 habere
904 1477 1068 1534 potest
1088 1471 1204 1518 dum
1222 1471 1422 1530 inimici,
1442 1488 1472 1519 a
1487 1488 1583 1535 quo
1607 1472 1801 1519 vivente

407 1549 530 1597 nihil
567 1555 794 1610 expectat
830 1546 924 1594 nisi
949 1547 1145 1604 malum,
1170 1554 1379 1594 mortem
1402 1547 1701 1610 imaginatur
1723 1547 1802 1595 vel

409 1624 635 1681 somniat,
652 1622 798 1670 modo
813 1622 935 1669 nihil
951 1630 1123 1670 contra
1137 1623 1273 1670 illum
1287 1622 1532 1682 moliatur,
1542 1631 1802 1686 peccatum

409 1706 497 1747 est.
567 1699 696 1745 Nam
716 1696 923 1760 jucundi
942 1698 1091 1745 etiam
1115 1698 1462 1760 imaginatione
1482 1698 1715 1746 delectari
1733 1698 1802 1746 ita

408 1774 595 1822 homini
634 1773 858 1821 naturale
901 1781 991 1832 est,
1029 1780 1085 1821 ut
1125 1773 1219 1831 lex,
1262 1789 1371 1836 quae
1412 1772 1464 1820 id
1502 1774 1801 1837 prohiberet,

409 1851 557 1899 etiam
580 1850 830 1898 hominem
861 1864 966 1897 esse
988 1849 1286 1912 prohiberet.
1359 1849 1613 1897 Sententia
1652 1850 1804 1913 igitur

411 1942 596 1984 eorum,
622 1926 705 1988 qui
729 1933 890 1973 motus
909 1924 1058 1972 animi
1081 1925 1265 1987 primos
1289 1931 1494 1988 peccata
1517 1941 1620 1973 esse
1648 1925 1801 1984 aiunt,

411 2009 518 2050 tum
557 2001 663 2049 aliis
699 2008 806 2048 tum
846 2000 1039 2047 sibimet
1073 2000 1189 2062 ipsis
1227 2000 1433 2047 nimium
1475 2016 1643 2048 severa
1682 2001 1804 2050 mihi

411 2077 621 2125 videtur.
691 2077 928 2139 Magnum
953 2075 1082 2123 enim
1118 2083 1206 2134 est,
1232 2076 1272 2123 si
1295 2077 1442 2123 homo
1468 2077 1679 2125 existens
1704 2093 1804 2126 ma-

411 2154 514 2201 lum
536 2153 711 2210 facere,
737 2168 834 2215 quo
853 2151 1139 2210 delectatur,
1159 2167 1221 2199 ne
1237 2152 1435 2215 quidem
1450 2152 1583 2200 velit.
1653 2153 1804 2201 Aliud

413 2229 544 2276 enim
569 2235 643 2276 est
666 2227 1017 2290 imaginantem
1041 2227 1288 2286 delectari,
1307 2227 1440 2275 aliud
1457 2228 1595 2276 velle.

481 2304 678 2351 Crimen
714 2318 858 2351 omne
880 2311 1138 2366 peccatum
1163 2302 1356 2366 quidem
1383 2311 1484 2358 est3
1521 2311 1577 2351 ut
1602 2320 1712 2367 quae
1739 2305 1805 2353 sit

414 2379 535 2443 legis
564 2379 768 2442 alicujus
809 2378 1024 2426 violatio.
1095 2378 1208 2426 Non
1233 2386 1399 2426 autem
1422 2378 1635 2427 vicissim
1659 2395 1804 2428 omne

414 2462 675 2518 peccatum
707 2453 892 2501 crimen
929 2461 1017 2501 est.
1093 2453 1230 2501 Velle
1267 2453 1490 2502 occidere
1526 2455 1603 2503 vel
1634 2456 1804 2515 furari,

415 2538 674 2594 peccatum
698 2537 787 2588 est,
826 2529 1015 2576 etiamsi
1038 2545 1196 2592 neque
1219 2529 1349 2578 facto
1374 2546 1532 2594 neque
1557 2530 1692 2580 dicto
1719 2547 1805 2580 vo-

416 2607 577 2654 luntas
603 2605 858 2653 occidendi
881 2606 958 2653 vel
980 2605 1177 2653 furandi
1199 2607 1416 2669 patefiat.
1488 2607 1617 2655 Nam
1635 2623 1666 2655 a
1682 2608 1804 2667 Deo,

416 2683 498 2745 qui
531 2681 733 2730 consilia
763 2681 1017 2730 hominum
1049 2682 1280 2741 intuetur,
1306 2698 1416 2730 reus
1439 2683 1538 2731 fiet.
1610 2682 1708 2732 Sed
1742 2683 1804 2731 ab

416 2757 694 2806 hominibus
731 2757 988 2805 consilium
1023 2757 1249 2816 hominis,
1274 2773 1432 2821 neque
1469 2758 1604 2807 dicto
1644 2774 1805 2822 neque

417 2832 548 2880 facto
573 2833 842 2897 cognitum,
862 2834 1081 2883 accusari
1105 2850 1203 2882 non
1235 2841 1413 2897 potest.
1485 2835 1659 2899 Neque
1686 2850 1804 2898 ergo
