1968 3236
138 387 240 421 cAP.
255 388 357 423 XIX.

153 441 344 465 s-f-a

55 517 58 521 Ι
115 481 160 510 De
173 482 327 519 generibus

115 525 265 554 civitatum
278 535 331 564 per

115 568 334 605 institutionem,

114 614 143 638 et
161 612 196 640 de
219 622 331 642 succes-

115 654 195 682 sione
208 656 245 683 ad
258 665 334 684 sum-

403 246 493 290 148
894 257 965 290 DE
993 257 1268 292 cwrrA'rE.

398 380 637 413 cessorem
657 365 869 428 eligendi
883 366 963 428 jus
987 382 1086 414 non
1110 367 1174 414 sit
1192 367 1244 414 in
1267 375 1589 416 antecessore.
1651 368 1779 416 Nam

399 441 441 488 si
479 441 530 488 in
566 441 648 488 illo
683 457 782 488 non
815 448 904 499 est,
935 442 986 488 in
1022 442 1216 490 subdito
1252 450 1351 498 est;
1388 443 1594 507 ideoque
1619 445 1679 492 ab
1704 459 1778 502 eo,

400 517 484 580 qui
508 532 744 564 summam
767 516 916 564 habet
938 524 1248 579 potestatem,
1274 519 1457 566 assumi
1481 520 1571 567 sibi
1596 527 1776 583 potest.

399 593 532 640 Illius
551 609 682 655 erg0‚
699 600 783 639 aut
806 593 986 641 nullius
1002 601 1105 648 est;
1142 601 1190 641 et
1209 594 1279 642 sic
1298 595 1467 643 civitas
1483 595 1777 653 dissolvitur,

114 706 190 726 mm
203 702 379 737 potestatem,
398 675 569 716 contra
592 667 951 715 instituentium
974 668 1313 717 intentionem.

463 745 521 792 In
562 744 874 801 democratia,
899 752 1053 792 coetus
1089 753 1224 793 totus
1260 745 1482 803 deficere,
1522 746 1617 794 nisi
1663 746 1779 793 defi-

395 820 633 868 cientibus
657 820 858 879 civibus‚
882 836 983 868 non
1006 829 1184 884 potest.
1224 822 1532 870 Quaestiones
1551 822 1701 885 igitur
1717 821 1777 868 de

388 896 499 958 jure
524 896 843 944 successionis
868 896 932 944 ad
958 897 1307 945 democratiam
1327 914 1427 945 non
1450 898 1711 961 pertinent.

458 972 516 1020 In
551 972 867 1020 aristocratiis
902 980 1082 1030 autem,
1120 973 1160 1020 si
1196 973 1304 1036 quis
1339 989 1398 1020 ex
1434 981 1565 1020 coetu
1588 989 1778 1020 summo

391 1047 642 1106 moriatur,
668 1047 872 1095 alterum
898 1048 951 1095 in
973 1047 1102 1095 illius
1138 1048 1299 1095 locum
1334 1065 1363 1095 a
1399 1055 1531 1096 coetu
1566 1048 1671 1111 ipso
1700 1047 1779 1095 vel

391 1122 539 1186 ipsius
562 1123 859 1171 authoritate
883 1123 1277 1171 substituendum
1302 1139 1422 1181 esse,
1446 1130 1648 1186 propter
1671 1139 1778 1170 eam

390 1214 538 1261 quam
560 1200 708 1247 habet
730 1206 1026 1262 potestatem
1050 1188 1304 1257 summam,
1322 1198 1633 1246 manifestum
1657 1206 1744 1246 est.

456 1275 728 1323 Difficultas
747 1274 807 1322 de
823 1275 933 1338 jure
951 1274 1272 1322 successionis
1294 1274 1506 1322 maxima
1519 1274 1570 1321 in
1585 1289 1780 1322 monar-

390 1350 512 1399 chiis
530 1359 620 1398 est.
668 1351 810 1398 Circa
825 1367 970 1413 quam
987 1350 1096 1398 duae
1113 1350 1407 1413 quaestiones
1425 1365 1529 1397 esse
1542 1356 1749 1412 possunt
1764 1371 1777 1404 ;

390 1427 558 1485 altera,
601 1443 664 1475 an
700 1426 977 1474 monarchae
1012 1426 1243 1489 praesenti
1272 1426 1352 1489 jus
1387 1425 1451 1473 sit
1486 1441 1631 1487 quem
1672 1426 1780 1473 vult

388 1501 631 1565 eligendi;
667 1502 835 1560 altera,
864 1501 971 1564 quis
1007 1501 1072 1549 sit
1107 1517 1252 1564 quem
1280 1501 1398 1548 vult.
1469 1500 1549 1548 Ad
1570 1501 1779 1564 primam

389 1586 571 1636 autem,
597 1577 1006 1625 considerandum
1030 1586 1117 1635 est,
1143 1583 1229 1623 aut
1247 1577 1326 1639 jus
1350 1575 1471 1623 illud
1497 1577 1778 1624 monarchae

389 1653 642 1717 praesentis
665 1669 785 1712 esse,
803 1653 881 1701 vel
899 1651 1225 1700 multitudinis
1244 1651 1431 1699 solutae.
1503 1651 1567 1698 Ni
1583 1667 1778 1707 monar—

392 1730 498 1778 chae
534 1730 596 1777 sit
617 1729 888 1792 praesentis,
912 1728 1152 1776 moriente
1176 1727 1259 1775 illo
1285 1727 1454 1774 civitas
1479 1726 1775 1785 dissolvitur,

390 1805 504 1868 quia
525 1805 686 1852 nullus
709 1810 797 1862 est,
824 1803 907 1867 qui
926 1804 1006 1867 jus
1028 1802 1150 1850 illud
1182 1801 1431 1865 postulare
1473 1801 1564 1848 sibi
1597 1808 1775 1864 potest,

389 1881 536 1928 homo
571 1879 827 1943 singularis
848 1900 859 1934 ;
917 1877 1180 1926 multitudo
1225 1884 1389 1924 autem
1433 1892 1591 1939 neque
1631 1892 1777 1940 agere

390 1956 645 2019 quicquam
673 1962 758 2002 aut
780 1954 916 2017 loqui
937 1960 1115 2016 potest,
1133 1958 1189 2000 ut
1205 1968 1314 2015 quae
1337 1968 1547 2015 persona
1569 1951 1776 2016 amplius

388 2048 488 2079 non
534 2038 622 2079 est.
692 2029 919 2077 Redeunt
964 2044 1081 2091 ergo
1129 2028 1293 2076 omnia
1338 2027 1402 2075 ad
1444 2027 1777 2075 conditionem

387 2106 524 2159 belli;
545 2113 611 2165 et,
627 2121 715 2169 per
731 2120 1049 2167 consequenS‚
1069 2104 1359 2152 successoris
1375 2103 1777 2152 constitutionem

387 2182 451 2230 ad
473 2180 791 2229 monarcham
814 2186 1105 2243 praesentem
1120 2179 1382 2243 pertinere,
1400 2195 1460 2227 ex
1477 2179 1583 2242 ipsa
1605 2179 1777 2228 civita-

388 2258 450 2306 tis
466 2256 772 2305 institutione
796 2255 1106 2303 manifestum
1122 2262 1213 2302 est.

455 2332 675 2382 Quaestio
711 2338 890 2390 autem,
927 2331 1034 2394 quis
1080 2330 1162 2378 ille
1209 2330 1288 2387 sit,
1331 2344 1475 2392 quem
1511 2330 1777 2378 monarcha

387 2424 715 2458 successorem
738 2408 840 2456 sive
863 2406 1110 2455 haeredem
1135 2406 1226 2454 sibi
1259 2421 1362 2453 esse
1385 2405 1556 2464 voluit,
1581 2412 1666 2454 aut
1687 2421 1776 2469 per

387 2486 538 2550 ipsius
561 2492 910 2534 testamentum
929 2490 1015 2531 aut
1037 2498 1125 2546 per
1149 2482 1243 2530 alia
1266 2481 1408 2545 signa
1448 2481 1626 2530 idonea
1643 2481 1775 2545 judi-

388 2562 596 2610 candum
622 2567 710 2609 est.

452 2638 544 2686 Per
576 2642 938 2694 testamentum,
963 2634 1003 2682 si
1035 2634 1146 2682 viva
1186 2648 1306 2680 voce
1337 2646 1666 2680 successorem
1690 2630 1775 2678 de-

385 2713 657 2771 claraverit,
676 2718 733 2760 ut
750 2711 973 2759 fecerunt
996 2709 1312 2773 imperatores
1329 2708 1661 2755 Romanorum
1674 2707 1775 2770 pri-

385 2790 452 2837 mi
497 2788 774 2837 haeredibus
810 2785 1088 2835 nominatis.
1156 2785 1264 2832 Vox
1302 2783 1431 2833 enim
1472 2783 1634 2831 heere-s·
1674 2797 1775 2830 non

385 2880 575 2929 semper
613 2864 767 2912 filium
808 2868 894 2910 aut
927 2867 1189 2925 cognatum
1212 2860 1471 2924 significat,
1495 2858 1582 2908 sed
1605 2873 1773 2922 quem—
