1968 3236
449 250 544 292 336
770 259 838 292 DE
868 257 1124 291 mvi‘rA'rss
1153 257 1508 292 cnms'mANA.

216 393 383 426 xxmx,
450 379 597 434 atque
639 371 741 418 haec
777 369 988 416 eeclesia
1025 376 1130 416 erat
1175 369 1303 428 (Act.
1328 370 1425 417 xix.
1458 369 1543 431 39)
1583 368 1827 433 legitima.

205 447 394 470 *Ὗ*
448 449 606 496 Etiam
631 447 758 494 cives
781 461 868 507 per
899 445 1164 491 tumultum
1191 451 1239 492 et
1267 445 1556 493 seditionem
1591 445 1641 492 in
1675 461 1828 493 unum

170 487 215 515 De
228 489 250 515 s'
294 489 300 495 '

168 489 407 569 fim'fflffis
447 525 606 572 locum
643 521 782 569 multi
818 520 1176 578 convenientes,
1199 529 1437 569 vocantur
1470 521 1716 569 interdum
1747 538 1827 568 ec·-

167 573 216 601 bet
236 575 265 602 in
285 576 411 612 Scriptu-
560 599 569 607 .
900 596 909 604 .
1435 597 1445 606 .
1789 597 1800 606 .

166 616 207 644 ris
225 618 411 647 Sacrisvoca-
447 596 710 656 clesza‚sed
728 595 942 643 ecclesia
958 596 1182 659 confusa,
1201 603 1257 644 ut
1270 597 1381 644 Act.
1400 613 1497 644 xix.
1519 603 1598 645 32.
1666 597 1828 644 Manl-

166 660 268 689 b¹¹¹¹¹¹¹¹
282 661 408 691 ⁶⁰⁰¹⁰⁸i²
444 674 621 722 festum
645 679 805 719 autem
829 672 942 719 hinc
963 680 1051 730 est,
1077 672 1329 720 ecclesiam
1352 673 1535 720 nullam
1558 673 1826 736 legitimam

445 765 547 797 esse
570 764 723 812 posse,
750 764 856 810 quae
881 748 1177 796 authoritate
1195 749 1321 796 illius
1340 765 1439 797 non
1458 749 1520 797 sit
1541 757 1824 807 convocata,

444 825 526 887 qui
551 840 787 872 summam
810 823 958 871 habet
981 823 1031 870 in
1056 823 1252 871 civitate
1285 831 1592 886 potestatem.
1665 823 1823 872 Sumi-

444 907 524 946 tur
548 900 693 947 etiam
717 898 963 946 interdum
994 915 1083 962 pro
1115 900 1393 948 hominibus
1434 900 1517 963 qui
1554 901 1604 947 in
1642 907 1824 947 coetum

437 976 547 1038 jure
571 975 754 1022 intrare
778 984 995 1038 possunt,
1021 975 1210 1022 etiamsi
1233 992 1333 1023 non
1357 975 1453 1022 sint
1477 983 1592 1022 actu
1620 991 1824 1039 congre-

440 1051 569 1114 gati:
596 1058 650 1098 ut
674 1051 782 1098 Act.
808 1051 906 1099 viii.
935 1057 980 1110 3,
1005 1051 1088 1098 ubi
1113 1051 1319 1099 dicitur:
1348 1050 1530 1098 Saulus
1554 1057 1716 1098 autem
1735 1051 1820 1099 de-

440 1126 674 1174 vastabat
719 1126 993 1174 ecelesiam.
1083 1127 1335 1174 Interdum
1381 1127 1527 1174 etiam
1572 1142 1662 1190 pro
1709 1127 1823 1175 solis

441 1203 622 1261 electis,
647 1210 703 1250 ut
725 1203 848 1266 Eph.
874 1220 918 1251 v.
945 1206 1025 1262 27,
1051 1210 1105 1251 ut
1128 1203 1390 1250 exhiberet
1420 1202 1519 1250 sibi
1544 1201 1822 1266 gloriosam

440 1279 716 1337 ecelesiam,
741 1296 834 1327 non
858 1279 1115 1327 habentem
1139 1279 1380 1327 maculam
1403 1285 1491 1326 ant
1509 1294 1690 1342 rugam
1705 1297 1722 1326 .·
1771 1277 1822 1326 id

440 1355 570 1418 quod
603 1355 811 1419 intelligi
845 1372 944 1403 non
984 1362 1146 1418 potest
1168 1355 1261 1402 nisi
1303 1354 1364 1402 de
1404 1353 1610 1402 ecclesia
1649 1354 1821 1402 trium-

438 1430 632 1493 phante.
705 1430 904 1479 Caeteris
946 1430 1381 1493 significationibus
1419 1429 1623 1487 omissis,
1655 1429 1821 1493 loque-

437 1522 545 1553 mur
567 1508 659 1555 hoc
683 1507 789 1555 loco
815 1506 874 1553 de
899 1506 1104 1553 ecclesia
1131 1506 1183 1552 in
1215 1521 1358 1553 sensu
1388 1505 1602 1568 proprio,
1626 1520 1817 1569 nempe,

437 1591 672 1645 quatenus
695 1583 914 1646 legitima
937 1588 1024 1640 est,
1049 1581 1293 1644 habetque
1326 1580 1675 1628 authoritatem
1699 1581 1819 1644 legi-

435 1657 624 1714 timam;
654 1660 779 1707 sicut
810 1658 1018 1706 sumitur
1042 1657 1219 1705 Matth.
1239 1657 1371 1704 xviii.
1400 1662 1472 1714 17,
1503 1657 1584 1704 ubi
1620 1656 1816 1716 dicitur,

435 1735 534 1782 Dic
557 1735 776 1783 ecclesice
795 1753 812 1790 ;
836 1734 882 1781 si
906 1740 1067 1781 autem
1091 1732 1352 1780 ecclesiam
1369 1748 1462 1779 non
1486 1731 1723 1790 audierit,
1748 1732 1818 1780 sit

434 1810 528 1858 tibi
550 1811 678 1859 sicat
696 1811 920 1859 ethnicas
938 1817 988 1857 et
1003 1808 1322 1873 publicanus,
1366 1808 1423 1854 In
1440 1807 1533 1854 hoc
1554 1807 1683 1854 enim
1707 1823 1817 1855 sen-

433 1901 490 1932 su
514 1894 602 1945 est,
628 1886 757 1949 quod
781 1885 994 1934 ecelesia
1019 1891 1091 1932 est
1114 1899 1336 1947 persona,
1362 1882 1492 1945 quod
1524 1882 1664 1940 velle,
1689 1899 1816 1947 pro-

432 1963 678 2022 nuntiare,
709 1963 975 2027 imperare,
1002 1960 1196 2019 audire,
1221 1959 1361 2024 leges
1374 1959 1548 2023 ferre,
1573 1964 1657 2005 aut
1680 1958 1815 2021 quic-

434 2053 577 2099 quam
615 2054 758 2101 agere
789 2044 965 2101 potest.
1050 2037 1178 2084 Nam
1203 2035 1335 2099 quod
1358 2035 1408 2082 in
1434 2034 1814 2098 congregatione

432 2112 682 2161 hominum
712 2114 1056 2162 authoritatem
1086 2129 1185 2160 non
1208 2111 1493 2159 habentium
1516 2110 1699 2158 factum
1723 2116 1811 2168 est,

431 2188 731 2251 singulorum
751 2189 946 2252 quidem
965 2189 1149 2236 factum
1170 2194 1257 2244 est,
1266 2187 1305 2235 si
1326 2193 1693 2244 consenserunt,
1711 2201 1813 2234 non

430 2272 594 2312 autem
619 2265 1009 2329 congregationis
1033 2265 1182 2312 totius
1223 2270 1278 2311 ut
1302 2262 1519 2326 corporis
1542 2261 1700 2319 unius,
1725 2276 1811 2308 ne-

430 2353 523 2401 que
547 2339 738 2388 illorum
764 2340 846 2402 qui
869 2356 969 2387 non
993 2347 1357 2387 consenserunt.
1413 2337 1696 2385 Ecclesiam
1719 2336 1811 2384 ita-

431 2429 522 2476 que
551 2414 888 2462 Christianam
912 2415 980 2462 sic
1006 2415 1215 2462 definio:
1254 2413 1490 2461 Ecclesia
1518 2411 1810 2460 Christiana

430 2495 506 2535 est
530 2496 683 2537 coetus
702 2490 940 2537 hominum
972 2490 1265 2554 religionem
1293 2488 1632 2536 Christianam
1647 2486 1809 2551 profi-

432 2564 648 2623 tentium,
670 2565 912 2612 unitorum
933 2564 981 2612 in
993 2581 1217 2629 persona
1238 2582 1333 2613 una
1349 2579 1578 2612 summam
1597 2561 1810 2610 habente

422 2646 724 2701 potestatem
733 2657 751 2694 ;
777 2639 915 2701 cnjus
927 2640 1076 2701 jussu
1100 2640 1358 2688 convenire
1382 2638 1573 2697 debent,
1597 2644 1647 2686 et
1669 2637 1809 2700 cujoets

430 2713 616 2774 injussu
642 2713 899 2762 convenire
921 2729 1014 2761 non
1040 2713 1231 2762 debent.
1302 2714 1546 2764 Quoniam
1569 2721 1733 2761 autem
1756 2713 1807 2760 in

430 2789 561 2835 omni
585 2789 781 2836 civitate
805 2788 1148 2836 conventiones
1179 2789 1290 2847 illae,
1316 2806 1424 2852 quae
1459 2789 1562 2837 sine
1589 2787 1807 2836 authori-

432 2869 530 2909 tate
564 2863 805 2912 habentur
835 2863 1117 2926 imperantis
1150 2865 1340 2922 summi,
1365 2864 1632 2927 illegitima-z·
1663 2869 1804 2918 sunt;

1014 2989 1046 3000 ι..
1058 2994 1078 3000 -.
1091 2995 1163 3001 .-.ψ-
1181 2994 1210 3000 „-
