<?xml version="1.0" encoding="UTF-8"?>
<!DOCTYPE html PUBLIC "-//W3C//DTD XHTML 1.0 Transitional//EN"
    "http://www.w3.org/TR/xhtml1/DTD/xhtml1-transitional.dtd">
<html xmlns="http://www.w3.org/1999/xhtml" xml:lang="en" lang="en">
 <head>
  <title>
</title>
<meta http-equiv="Content-Type" content="text/html;charset=utf-8" />
  <meta name='ocr-system' content='tesseract 3.04.00' />
  <meta name='ocr-capabilities' content='ocr_page ocr_carea ocr_par ocr_line ocrx_word'/>
</head>
<body>
  <div class='ocr_page' id='page_1' title='image "./operaphilosophic03hobbuoft_0093.png"; bbox 0 0 1910 3236; ppageno 0'>
   <div class='ocr_carea' id='block_1_1' title="bbox 681 282 1532 326">
    <p class='ocr_par' dir='ltr' id='par_1_1' title="bbox 681 282 1532 326">
     <span class='ocr_line' id='line_1_1' title="bbox 681 282 1532 326; baseline 0.002 -2"><span class='ocrx_word' id='word_1_1' title='bbox 681 289 750 324; x_wconf 75' lang='lat' dir='ltr'>1)ss</span> <span class='ocrx_word' id='word_1_2' title='bbox 780 289 1019 323; x_wconf 64' lang='lat' dir='ltr'>nouum.</span> <span class='ocrx_word' id='word_1_3' title='bbox 1475 282 1532 326; x_wconf 90' lang='lat'>81</span> 
     </span>
    </p>
   </div>
   <div class='ocr_carea' id='block_1_2' title="bbox 150 397 1780 3020">
    <p class='ocr_par' dir='ltr' id='par_1_2' title="bbox 155 397 1780 840">
     <span class='ocr_line' id='line_1_2' title="bbox 226 397 1772 466; baseline 0.005 -19"><span class='ocrx_word' id='word_1_4' title='bbox 226 397 324 447; x_wconf 78' lang='lat' dir='ltr'>Qui</span> <span class='ocrx_word' id='word_1_5' title='bbox 347 398 485 446; x_wconf 88' lang='lat' dir='ltr'>valde</span> <span class='ocrx_word' id='word_1_6' title='bbox 508 398 599 446; x_wconf 91' lang='lat' dir='ltr'>sibi</span> <span class='ocrx_word' id='word_1_7' title='bbox 618 400 844 448; x_wconf 88' lang='lat' dir='ltr'>videntur</span> <span class='ocrx_word' id='word_1_8' title='bbox 869 402 1011 464; x_wconf 89' lang='lat' dir='ltr'>periti</span> <span class='ocrx_word' id='word_1_9' title='bbox 1030 417 1191 450; x_wconf 88' lang='lat' dir='ltr'>rerum</span> <span class='ocrx_word' id='word_1_10' title='bbox 1214 403 1536 466; x_wconf 87' lang='lat' dir='ltr'>politicarum,</span> <span class='ocrx_word' id='word_1_11' title='bbox 1589 429 1691 462; x_wconf 61' lang='lat' dir='ltr'>eff</span> <span class='ocrx_word' id='word_1_12' title='bbox 1708 430 1772 462; x_wconf 75' lang='lat' dir='ltr'>xx.</span> 
     </span>
     <span class='ocr_line' id='line_1_3' title="bbox 157 470 1780 555; baseline 0.007 -35"><span class='ocrx_word' id='word_1_13' title='bbox 157 470 381 536; x_wconf 70' lang='lat' dir='ltr'>dispositi</span> <span class='ocrx_word' id='word_1_14' title='bbox 425 473 489 522; x_wconf 90' lang='lat' dir='ltr'>ad</span> <span class='ocrx_word' id='word_1_15' title='bbox 529 475 845 524; x_wconf 83' lang='lat' dir='ltr'>ambitionem</span> <span class='ocrx_word' id='word_1_16' title='bbox 887 485 1015 525; x_wconf 88' lang='lat' dir='ltr'>sunt.</span> <span class='ocrx_word' id='word_1_17' title='bbox 1087 478 1218 527; x_wconf 77' lang='lat' dir='ltr'>Quia</span> <span class='ocrx_word' id='word_1_18' title='bbox 1261 479 1538 542; x_wconf 89' lang='lat' dir='ltr'>hujusmodi</span> <span class='ocrx_word' id='word_1_19' title='bbox 1557 483 1780 555; x_wconf 40' lang='lat' dir='ltr'>„eff</span> 
     </span>
     <span class='ocr_line' id='line_1_4' title="bbox 155 548 1674 618; baseline 0.007 -22"><span class='ocrx_word' id='word_1_20' title='bbox 155 548 361 612; x_wconf 64' lang='lat' dir='ltr'>peritiae,</span> <span class='ocrx_word' id='word_1_21' title='bbox 386 550 480 597; x_wconf 90' lang='lat' dir='ltr'>nisi</span> <span class='ocrx_word' id='word_1_22' title='bbox 504 550 555 598; x_wconf 93' lang='lat' dir='ltr'>in</span> <span class='ocrx_word' id='word_1_23' title='bbox 579 552 789 613; x_wconf 86' lang='lat' dir='ltr'>negotiis</span> <span class='ocrx_word' id='word_1_24' title='bbox 813 553 1033 615; x_wconf 85' lang='lat' dir='ltr'>publicis,</span> <span class='ocrx_word' id='word_1_25' title='bbox 1058 554 1214 602; x_wconf 90' lang='lat' dir='ltr'>honor</span> <span class='ocrx_word' id='word_1_26' title='bbox 1237 555 1379 618; x_wconf 89' lang='lat' dir='ltr'>perit.</span> <span class='ocrx_word' id='word_1_27' title='bbox 1438 557 1537 605; x_wconf 88' lang='lat' dir='ltr'>Ita-</span> <span class='ocrx_word' id='word_1_28' title='bbox 1554 579 1674 598; x_wconf 80' lang='lat' dir='ltr'>morum</span> 
     </span>
     <span class='ocr_line' id='line_1_5' title="bbox 157 626 1539 690; baseline 0.006 -18"><span class='ocrx_word' id='word_1_29' title='bbox 157 640 253 688; x_wconf 86' lang='lat' dir='ltr'>que</span> <span class='ocrx_word' id='word_1_30' title='bbox 275 634 490 674; x_wconf 88' lang='lat' dir='ltr'>oratores</span> <span class='ocrx_word' id='word_1_31' title='bbox 515 626 795 690; x_wconf 84' lang='lat' dir='ltr'><strong>eloquentes</strong></span> <span class='ocrx_word' id='word_1_32' title='bbox 811 628 953 676; x_wconf 85' lang='lat' dir='ltr'>facile</span> <span class='ocrx_word' id='word_1_33' title='bbox 974 629 1218 677; x_wconf 85' lang='lat' dir='ltr'>ambitiosi</span> <span class='ocrx_word' id='word_1_34' title='bbox 1231 630 1388 686; x_wconf 90' lang='lat' dir='ltr'>fiunt;</span> <span class='ocrx_word' id='word_1_35' title='bbox 1424 648 1539 680; x_wconf 92' lang='lat' dir='ltr'>nam</span> 
     </span>
     <span class='ocr_line' id='line_1_6' title="bbox 156 700 1538 771; baseline 0.006 -23"><span class='ocrx_word' id='word_1_36' title='bbox 156 700 448 764; x_wconf 85' lang='lat' dir='ltr'><strong>eloquentia,</strong></span> <span class='ocrx_word' id='word_1_37' title='bbox 477 710 581 750; x_wconf 91' lang='lat' dir='ltr'>tum</span> <span class='ocrx_word' id='word_1_38' title='bbox 600 703 828 750; x_wconf 90' lang='lat' dir='ltr'>sibimet</span> <span class='ocrx_word' id='word_1_39' title='bbox 817 704 946 766; x_wconf 87' lang='lat' dir='ltr'>1psis,</span> <span class='ocrx_word' id='word_1_40' title='bbox 967 713 1070 752; x_wconf 91' lang='lat' dir='ltr'>tum</span> <span class='ocrx_word' id='word_1_41' title='bbox 1094 705 1200 753; x_wconf 90' lang='lat' dir='ltr'>aliis</span> <span class='ocrx_word' id='word_1_42' title='bbox 1225 705 1433 755; x_wconf 90' lang='lat' dir='ltr'>habetur</span> <span class='ocrx_word' id='word_1_43' title='bbox 1448 724 1538 771; x_wconf 91' lang='lat' dir='ltr'>pro</span> 
     </span>
     <span class='ocr_line' id='line_1_7' title="bbox 155 776 410 840; baseline 0 -16"><span class='ocrx_word' id='word_1_44' title='bbox 155 776 410 840; x_wconf 80' lang='lat' dir='ltr'>sapientia.</span> 
     </span>
    </p>

    <p class='ocr_par' dir='ltr' id='par_1_3' title="bbox 153 851 1540 1371">
     <span class='ocr_line' id='line_1_8' title="bbox 224 851 1539 923; baseline 0.005 -23"><span class='ocrx_word' id='word_1_45' title='bbox 224 851 600 900; x_wconf 75' lang='lat' dir='ltr'>pusillanimitas</span> <span class='ocrx_word' id='word_1_46' title='bbox 624 860 960 900; x_wconf 85' lang='lat' dir='ltr'>cunctatorem</span> <span class='ocrx_word' id='word_1_47' title='bbox 984 854 1116 914; x_wconf 87' lang='lat' dir='ltr'>facit,</span> <span class='ocrx_word' id='word_1_48' title='bbox 1140 857 1222 919; x_wconf 89' lang='lat' dir='ltr'>qui</span> <span class='ocrx_word' id='word_1_49' title='bbox 1259 873 1420 906; x_wconf 90' lang='lat' dir='ltr'>rerum</span> <span class='ocrx_word' id='word_1_50' title='bbox 1454 875 1539 923; x_wconf 87' lang='lat' dir='ltr'>ge-</span> 
     </span>
     <span class='ocr_line' id='line_1_9' title="bbox 155 927 1539 995; baseline 0.007 -21"><span class='ocrx_word' id='word_1_51' title='bbox 155 927 421 975; x_wconf 89' lang='lat' dir='ltr'>rundarum</span> <span class='ocrx_word' id='word_1_52' title='bbox 442 937 663 991; x_wconf 87' lang='lat' dir='ltr'>tempora</span> <span class='ocrx_word' id='word_1_53' title='bbox 675 928 960 991; x_wconf 89' lang='lat' dir='ltr'>plerumque</span> <span class='ocrx_word' id='word_1_54' title='bbox 975 931 1158 992; x_wconf 87' lang='lat' dir='ltr'>perdit;</span> <span class='ocrx_word' id='word_1_55' title='bbox 1196 933 1390 995; x_wconf 87' lang='lat' dir='ltr'>quando</span> <span class='ocrx_word' id='word_1_56' title='bbox 1409 935 1539 983; x_wconf 91' lang='lat' dir='ltr'>enim</span> 
     </span>
     <span class='ocr_line' id='line_1_10' title="bbox 155 1002 1540 1071; baseline 0.006 -20"><span class='ocrx_word' id='word_1_57' title='bbox 155 1002 475 1052; x_wconf 89' lang='lat' dir='ltr'>deliberatum</span> <span class='ocrx_word' id='word_1_58' title='bbox 517 1012 590 1052; x_wconf 90' lang='lat' dir='ltr'>est</span> <span class='ocrx_word' id='word_1_59' title='bbox 626 1012 865 1068; x_wconf 89' lang='lat' dir='ltr'>quantum</span> <span class='ocrx_word' id='word_1_60' title='bbox 913 1006 1154 1068; x_wconf 90' lang='lat' dir='ltr'>permittit</span> <span class='ocrx_word' id='word_1_61' title='bbox 1208 1010 1434 1071; x_wconf 85' lang='lat' dir='ltr'>gerendae</span> <span class='ocrx_word' id='word_1_62' title='bbox 1469 1011 1540 1058; x_wconf 89' lang='lat' dir='ltr'>rei</span> 
     </span>
     <span class='ocr_line' id='line_1_11' title="bbox 154 1079 1538 1148; baseline 0.005 -21"><span class='ocrx_word' id='word_1_63' title='bbox 154 1079 435 1138; x_wconf 82' lang='lat' dir='ltr'>necessitas,</span> <span class='ocrx_word' id='word_1_64' title='bbox 455 1081 496 1127; x_wconf 91' lang='lat' dir='ltr'>si</span> <span class='ocrx_word' id='word_1_65' title='bbox 520 1080 638 1143; x_wconf 91' lang='lat' dir='ltr'>quid</span> <span class='ocrx_word' id='word_1_66' title='bbox 660 1080 794 1128; x_wconf 89' lang='lat' dir='ltr'>factu</span> <span class='ocrx_word' id='word_1_67' title='bbox 813 1080 1053 1144; x_wconf 89' lang='lat' dir='ltr'>optimum</span> <span class='ocrx_word' id='word_1_68' title='bbox 1074 1090 1147 1129; x_wconf 93' lang='lat' dir='ltr'>est</span> <span class='ocrx_word' id='word_1_69' title='bbox 1166 1099 1264 1131; x_wconf 94' lang='lat' dir='ltr'>non</span> <span class='ocrx_word' id='word_1_70' title='bbox 1290 1094 1538 1148; x_wconf 85' lang='lat' dir='ltr'>appareat,</span> 
     </span>
     <span class='ocr_line' id='line_1_12' title="bbox 154 1156 1539 1217; baseline 0.004 -14"><span class='ocrx_word' id='word_1_71' title='bbox 154 1162 344 1203; x_wconf 84' lang='lat' dir='ltr'>certum</span> <span class='ocrx_word' id='word_1_72' title='bbox 368 1163 442 1204; x_wconf 91' lang='lat' dir='ltr'>est</span> <span class='ocrx_word' id='word_1_73' title='bbox 460 1172 559 1204; x_wconf 93' lang='lat' dir='ltr'>non</span> <span class='ocrx_word' id='word_1_74' title='bbox 582 1156 789 1204; x_wconf 91' lang='lat' dir='ltr'>multum</span> <span class='ocrx_word' id='word_1_75' title='bbox 807 1156 1043 1204; x_wconf 87' lang='lat' dir='ltr'>interesse</span> <span class='ocrx_word' id='word_1_76' title='bbox 1060 1166 1222 1205; x_wconf 90' lang='lat' dir='ltr'>utrum</span> <span class='ocrx_word' id='word_1_77' title='bbox 1238 1159 1351 1217; x_wconf 87' lang='lat' dir='ltr'>hoc,</span> <span class='ocrx_word' id='word_1_78' title='bbox 1370 1176 1433 1207; x_wconf 91' lang='lat' dir='ltr'>an</span> <span class='ocrx_word' id='word_1_79' title='bbox 1456 1160 1539 1208; x_wconf 88' lang='lat' dir='ltr'>illo</span> 
     </span>
     <span class='ocr_line' id='line_1_13' title="bbox 154 1230 1538 1298; baseline 0.004 -20"><span class='ocrx_word' id='word_1_80' title='bbox 154 1230 300 1279; x_wconf 88' lang='lat' dir='ltr'>modo</span> <span class='ocrx_word' id='word_1_81' title='bbox 321 1231 495 1279; x_wconf 87' lang='lat' dir='ltr'>feceris</span> <span class='ocrx_word' id='word_1_82' title='bbox 513 1253 525 1286; x_wconf 87' lang='grc'>;</span> <span class='ocrx_word' id='word_1_83' title='bbox 562 1239 611 1279; x_wconf 90' lang='lat' dir='ltr'>et</span> <span class='ocrx_word' id='word_1_84' title='bbox 633 1247 720 1294; x_wconf 90' lang='lat' dir='ltr'>per</span> <span class='ocrx_word' id='word_1_85' title='bbox 743 1248 1044 1295; x_wconf 87' lang='lat' dir='ltr'>consequens</span> <span class='ocrx_word' id='word_1_86' title='bbox 1064 1250 1227 1281; x_wconf 88' lang='lat' dir='ltr'>rerum</span> <span class='ocrx_word' id='word_1_87' title='bbox 1253 1251 1538 1298; x_wconf 87' lang='lat' dir='ltr'>magnarum</span> 
     </span>
     <span class='ocr_line' id='line_1_14' title="bbox 153 1306 1291 1371; baseline 0.002 -16"><span class='ocrx_word' id='word_1_88' title='bbox 153 1306 449 1365; x_wconf 83' lang='lat' dir='ltr'>occasioneS,</span> <span class='ocrx_word' id='word_1_89' title='bbox 473 1307 761 1370; x_wconf 90' lang='lat' dir='ltr'>pensitando</span> <span class='ocrx_word' id='word_1_90' title='bbox 786 1324 955 1371; x_wconf 86' lang='lat' dir='ltr'>nugas,</span> <span class='ocrx_word' id='word_1_91' title='bbox 979 1309 1291 1357; x_wconf 87' lang='lat' dir='ltr'>amittuntur.</span> 
     </span>
    </p>

    <p class='ocr_par' dir='ltr' id='par_1_4' title="bbox 152 1382 1539 1749">
     <span class='ocr_line' id='line_1_15' title="bbox 220 1382 1537 1448; baseline 0.004 -18"><span class='ocrx_word' id='word_1_92' title='bbox 220 1382 508 1446; x_wconf 86' lang='lat' dir='ltr'>Frugalitas,</span> <span class='ocrx_word' id='word_1_93' title='bbox 534 1399 810 1446; x_wconf 88' lang='lat' dir='ltr'>quanquam</span> <span class='ocrx_word' id='word_1_94' title='bbox 844 1383 895 1430; x_wconf 91' lang='lat' dir='ltr'>in</span> <span class='ocrx_word' id='word_1_95' title='bbox 931 1384 1126 1432; x_wconf 83' lang='lat' dir='ltr'>homine</span> <span class='ocrx_word' id='word_1_96' title='bbox 1150 1385 1342 1448; x_wconf 88' lang='lat' dir='ltr'>privato</span> <span class='ocrx_word' id='word_1_97' title='bbox 1365 1387 1537 1445; x_wconf 89' lang='lat' dir='ltr'>virtus,</span> 
     </span>
     <span class='ocr_line' id='line_1_16' title="bbox 153 1456 1539 1523; baseline 0.004 -18"><span class='ocrx_word' id='word_1_98' title='bbox 153 1456 265 1517; x_wconf 87' lang='lat' dir='ltr'>illis,</span> <span class='ocrx_word' id='word_1_99' title='bbox 289 1457 465 1521; x_wconf 89' lang='lat' dir='ltr'>quibus</span> <span class='ocrx_word' id='word_1_100' title='bbox 489 1473 547 1505; x_wconf 89' lang='lat' dir='ltr'>ea</span> <span class='ocrx_word' id='word_1_101' title='bbox 568 1457 785 1521; x_wconf 86' lang='lat' dir='ltr'>gerenda</span> <span class='ocrx_word' id='word_1_102' title='bbox 808 1466 921 1506; x_wconf 92' lang='lat' dir='ltr'>sunt</span> <span class='ocrx_word' id='word_1_103' title='bbox 958 1476 1068 1523; x_wconf 87' lang='lat' dir='ltr'>quae</span> <span class='ocrx_word' id='word_1_104' title='bbox 1093 1461 1357 1508; x_wconf 90' lang='lat' dir='ltr'>multorum</span> <span class='ocrx_word' id='word_1_105' title='bbox 1380 1461 1539 1509; x_wconf 92' lang='lat' dir='ltr'>homi-</span> 
     </span>
     <span class='ocr_line' id='line_1_17' title="bbox 153 1533 1538 1598; baseline 0.002 -16"><span class='ocrx_word' id='word_1_106' title='bbox 153 1549 271 1582; x_wconf 88' lang='lat' dir='ltr'>num</span> <span class='ocrx_word' id='word_1_107' title='bbox 311 1533 438 1581; x_wconf 88' lang='lat' dir='ltr'>vires</span> <span class='ocrx_word' id='word_1_108' title='bbox 485 1533 628 1580; x_wconf 90' lang='lat' dir='ltr'>simul</span> <span class='ocrx_word' id='word_1_109' title='bbox 668 1534 936 1597; x_wconf 89' lang='lat' dir='ltr'>postulant,</span> <span class='ocrx_word' id='word_1_110' title='bbox 979 1535 1306 1598; x_wconf 85' lang='lat' dir='ltr'>aptitudinem</span> <span class='ocrx_word' id='word_1_111' title='bbox 1351 1536 1538 1585; x_wconf 92' lang='lat' dir='ltr'>adimit.</span> 
     </span>
     <span class='ocr_line' id='line_1_18' title="bbox 153 1608 1539 1674; baseline 0.004 -18"><span class='ocrx_word' id='word_1_112' title='bbox 153 1608 395 1657; x_wconf 88' lang='lat' dir='ltr'>Conatum</span> <span class='ocrx_word' id='word_1_113' title='bbox 432 1609 562 1657; x_wconf 90' lang='lat' dir='ltr'>enim</span> <span class='ocrx_word' id='word_1_114' title='bbox 598 1609 832 1669; x_wconf 91' lang='lat' dir='ltr'>debilitat,</span> <span class='ocrx_word' id='word_1_115' title='bbox 858 1611 942 1674; x_wconf 93' lang='lat' dir='ltr'>qui</span> <span class='ocrx_word' id='word_1_116' title='bbox 975 1612 1153 1660; x_wconf 84' lang='lat' dir='ltr'>nutriri</span> <span class='ocrx_word' id='word_1_117' title='bbox 1188 1620 1237 1660; x_wconf 91' lang='lat' dir='ltr'>et</span> <span class='ocrx_word' id='word_1_118' title='bbox 1261 1614 1539 1661; x_wconf 88' lang='lat' dir='ltr'>conservari</span> 
     </span>
     <span class='ocr_line' id='line_1_19' title="bbox 152 1684 539 1749; baseline 0 -17"><span class='ocrx_word' id='word_1_119' title='bbox 152 1684 354 1749; x_wconf 87' lang='lat' dir='ltr'>praemio</span> <span class='ocrx_word' id='word_1_120' title='bbox 378 1684 539 1732; x_wconf 89' lang='lat' dir='ltr'>debet.</span> 
     </span>
    </p>

    <p class='ocr_par' dir='ltr' id='par_1_5' title="bbox 151 1760 1539 2204">
     <span class='ocr_line' id='line_1_20' title="bbox 218 1760 1538 1827; baseline 0.004 -20"><span class='ocrx_word' id='word_1_121' title='bbox 218 1760 509 1824; x_wconf 89' lang='lat' dir='ltr'>Eloquentia</span> <span class='ocrx_word' id='word_1_122' title='bbox 532 1777 643 1809; x_wconf 89' lang='lat' dir='ltr'>cum</span> <span class='ocrx_word' id='word_1_123' title='bbox 673 1762 1091 1826; x_wconf 87' lang='lat' dir='ltr'>blandiloquentia</span> <span class='ocrx_word' id='word_1_124' title='bbox 1124 1764 1306 1811; x_wconf 89' lang='lat' dir='ltr'>amicos</span> <span class='ocrx_word' id='word_1_125' title='bbox 1330 1764 1538 1827; x_wconf 89' lang='lat' dir='ltr'>acquirit</span> 
     </span>
     <span class='ocr_line' id='line_1_21' title="bbox 153 1838 1537 1905; baseline 0.003 -20"><span class='ocrx_word' id='word_1_126' title='bbox 153 1838 327 1903; x_wconf 88' lang='lat' dir='ltr'>quibus</span> <span class='ocrx_word' id='word_1_127' title='bbox 365 1838 673 1895; x_wconf 83' lang='lat' dir='ltr'>confidatur3</span> <span class='ocrx_word' id='word_1_128' title='bbox 711 1841 824 1903; x_wconf 91' lang='lat' dir='ltr'>quia</span> <span class='ocrx_word' id='word_1_129' title='bbox 861 1841 944 1888; x_wconf 93' lang='lat' dir='ltr'>illa</span> <span class='ocrx_word' id='word_1_130' title='bbox 978 1850 1034 1889; x_wconf 90' lang='lat' dir='ltr'>ut</span> <span class='ocrx_word' id='word_1_131' title='bbox 1057 1841 1296 1905; x_wconf 89' lang='lat' dir='ltr'>sapientia</span> <span class='ocrx_word' id='word_1_132' title='bbox 1319 1851 1537 1905; x_wconf 90' lang='lat' dir='ltr'>apparet,</span> 
     </span>
     <span class='ocr_line' id='line_1_22' title="bbox 151 1914 1539 1980; baseline 0.003 -19"><span class='ocrx_word' id='word_1_133' title='bbox 151 1914 275 1973; x_wconf 87' lang='lat' dir='ltr'>haec,</span> <span class='ocrx_word' id='word_1_134' title='bbox 298 1923 355 1962; x_wconf 92' lang='lat' dir='ltr'>ut</span> <span class='ocrx_word' id='word_1_135' title='bbox 370 1930 521 1962; x_wconf 90' lang='lat' dir='ltr'>amor.</span> <span class='ocrx_word' id='word_1_136' title='bbox 592 1916 692 1963; x_wconf 92' lang='lat' dir='ltr'>Illis</span> <span class='ocrx_word' id='word_1_137' title='bbox 716 1916 758 1964; x_wconf 91' lang='lat' dir='ltr'>si</span> <span class='ocrx_word' id='word_1_138' title='bbox 780 1916 1081 1980; x_wconf 87' lang='lat' dir='ltr'>adjungatur</span> <span class='ocrx_word' id='word_1_139' title='bbox 1099 1917 1395 1965; x_wconf 81' lang='lat' dir='ltr'>existimatio</span> <span class='ocrx_word' id='word_1_140' title='bbox 1413 1918 1539 1965; x_wconf 88' lang='lat' dir='ltr'>mili-</span> 
     </span>
     <span class='ocr_line' id='line_1_23' title="bbox 151 1989 1538 2056; baseline 0.004 -19"><span class='ocrx_word' id='word_1_141' title='bbox 151 1989 287 2048; x_wconf 87' lang='lat' dir='ltr'>taris,</span> <span class='ocrx_word' id='word_1_142' title='bbox 324 1989 652 2038; x_wconf 88' lang='lat' dir='ltr'>obedientiam</span> <span class='ocrx_word' id='word_1_143' title='bbox 688 1992 910 2055; x_wconf 84' lang='lat' dir='ltr'>acquirit.</span> <span class='ocrx_word' id='word_1_144' title='bbox 982 1993 1110 2041; x_wconf 91' lang='lat' dir='ltr'>Nam</span> <span class='ocrx_word' id='word_1_145' title='bbox 1148 1993 1407 2056; x_wconf 88' lang='lat' dir='ltr'>qualitates</span> <span class='ocrx_word' id='word_1_146' title='bbox 1443 1994 1538 2042; x_wconf 87' lang='lat' dir='ltr'>illae</span> 
     </span>
     <span class='ocr_line' id='line_1_24' title="bbox 152 2065 1539 2133; baseline 0.004 -20"><span class='ocrx_word' id='word_1_147' title='bbox 152 2065 264 2114; x_wconf 88' lang='lat' dir='ltr'>dnae</span> <span class='ocrx_word' id='word_1_148' title='bbox 298 2065 484 2130; x_wconf 90' lang='lat' dir='ltr'>priores</span> <span class='ocrx_word' id='word_1_149' title='bbox 523 2075 695 2115; x_wconf 90' lang='lat' dir='ltr'>contra</span> <span class='ocrx_word' id='word_1_150' title='bbox 730 2068 1000 2131; x_wconf 87' lang='lat' dir='ltr'>periculum</span> <span class='ocrx_word' id='word_1_151' title='bbox 1039 2070 1100 2117; x_wconf 92' lang='lat' dir='ltr'>ab</span> <span class='ocrx_word' id='word_1_152' title='bbox 1135 2069 1256 2133; x_wconf 85' lang='lat' dir='ltr'>ipso,</span> <span class='ocrx_word' id='word_1_153' title='bbox 1300 2070 1539 2133; x_wconf 89' lang='lat' dir='ltr'>posterior</span> 
     </span>
     <span class='ocr_line' id='line_1_25' title="bbox 153 2141 1133 2204; baseline 0.003 -14"><span class='ocrx_word' id='word_1_154' title='bbox 153 2148 326 2190; x_wconf 84' lang='lat' dir='ltr'>eontra</span> <span class='ocrx_word' id='word_1_155' title='bbox 346 2141 616 2204; x_wconf 90' lang='lat' dir='ltr'>periculum</span> <span class='ocrx_word' id='word_1_156' title='bbox 640 2143 700 2191; x_wconf 93' lang='lat' dir='ltr'>ab</span> <span class='ocrx_word' id='word_1_157' title='bbox 724 2143 830 2191; x_wconf 90' lang='lat' dir='ltr'>aliis</span> <span class='ocrx_word' id='word_1_158' title='bbox 855 2145 1018 2193; x_wconf 89' lang='lat' dir='ltr'>cautio</span> <span class='ocrx_word' id='word_1_159' title='bbox 1042 2154 1133 2193; x_wconf 91' lang='lat' dir='ltr'>est.</span> 
     </span>
    </p>

    <p class='ocr_par' dir='ltr' id='par_1_6' title="bbox 150 2217 1539 2658">
     <span class='ocr_line' id='line_1_26' title="bbox 219 2217 1539 2284; baseline 0.005 -21"><span class='ocrx_word' id='word_1_160' title='bbox 219 2217 470 2280; x_wconf 88' lang='lat' dir='ltr'>Ignoratio</span> <span class='ocrx_word' id='word_1_161' title='bbox 494 2233 751 2266; x_wconf 89' lang='lat' dir='ltr'>causarum</span> <span class='ocrx_word' id='word_1_162' title='bbox 787 2219 1015 2283; x_wconf 89' lang='lat' dir='ltr'>disponit,</span> <span class='ocrx_word' id='word_1_163' title='bbox 1039 2221 1116 2268; x_wconf 88' lang='lat' dir='ltr'>vel</span> <span class='ocrx_word' id='word_1_164' title='bbox 1139 2221 1300 2284; x_wconf 89' lang='lat' dir='ltr'>potius</span> <span class='ocrx_word' id='word_1_165' title='bbox 1320 2221 1452 2284; x_wconf 86' lang='lat' dir='ltr'>cogit</span> <span class='ocrx_word' id='word_1_166' title='bbox 1474 2220 1539 2269; x_wconf 90' lang='lat' dir='ltr'>ad</span> 
     </span>
     <span class='ocr_line' id='line_1_27' title="bbox 152 2291 1536 2356; baseline 0.004 -18"><span class='ocrx_word' id='word_1_167' title='bbox 152 2291 406 2339; x_wconf 88' lang='lat' dir='ltr'>consilinm</span> <span class='ocrx_word' id='word_1_168' title='bbox 451 2293 750 2356; x_wconf 90' lang='lat' dir='ltr'>sequendum</span> <span class='ocrx_word' id='word_1_169' title='bbox 795 2302 845 2342; x_wconf 88' lang='lat' dir='ltr'>et</span> <span class='ocrx_word' id='word_1_170' title='bbox 909 2295 1259 2343; x_wconf 84' lang='lat' dir='ltr'>authoritatem</span> <span class='ocrx_word' id='word_1_171' title='bbox 1315 2295 1536 2344; x_wconf 89' lang='lat' dir='ltr'>aliorum.</span> 
     </span>
     <span class='ocr_line' id='line_1_28' title="bbox 152 2366 1538 2431; baseline 0.003 -17"><span class='ocrx_word' id='word_1_172' title='bbox 152 2366 336 2415; x_wconf 89' lang='lat' dir='ltr'>Omnes</span> <span class='ocrx_word' id='word_1_173' title='bbox 371 2367 517 2425; x_wconf 88' lang='lat' dir='ltr'>enim,</span> <span class='ocrx_word' id='word_1_174' title='bbox 555 2384 762 2431; x_wconf 88' lang='lat' dir='ltr'>quorum</span> <span class='ocrx_word' id='word_1_175' title='bbox 797 2369 1004 2418; x_wconf 89' lang='lat' dir='ltr'>interest</span> <span class='ocrx_word' id='word_1_176' title='bbox 1038 2371 1295 2419; x_wconf 86' lang='lat' dir='ltr'>veritatem</span> <span class='ocrx_word' id='word_1_177' title='bbox 1327 2371 1465 2429; x_wconf 89' lang='lat' dir='ltr'>scire,</span> <span class='ocrx_word' id='word_1_178' title='bbox 1497 2371 1538 2418; x_wconf 90' lang='lat' dir='ltr'>si</span> 
     </span>
     <span class='ocr_line' id='line_1_29' title="bbox 150 2442 1536 2509; baseline 0.003 -19"><span class='ocrx_word' id='word_1_179' title='bbox 150 2442 361 2506; x_wconf 88' lang='lat' dir='ltr'>propriis</span> <span class='ocrx_word' id='word_1_180' title='bbox 384 2443 598 2492; x_wconf 86' lang='lat' dir='ltr'>consiliis</span> <span class='ocrx_word' id='word_1_181' title='bbox 620 2461 720 2493; x_wconf 91' lang='lat' dir='ltr'>non</span> <span class='ocrx_word' id='word_1_182' title='bbox 744 2446 1070 2509; x_wconf 88' lang='lat' dir='ltr'>acquiescant,</span> <span class='ocrx_word' id='word_1_183' title='bbox 1095 2447 1316 2504; x_wconf 86' lang='lat' dir='ltr'>aliorum,</span> <span class='ocrx_word' id='word_1_184' title='bbox 1342 2462 1461 2509; x_wconf 91' lang='lat' dir='ltr'>quos</span> <span class='ocrx_word' id='word_1_185' title='bbox 1485 2461 1536 2494; x_wconf 89' lang='lat' dir='ltr'>se</span> 
     </span>
     <span class='ocr_line' id='line_1_30' title="bbox 151 2518 1535 2584; baseline 0.002 -19"><span class='ocrx_word' id='word_1_186' title='bbox 151 2518 470 2582; x_wconf 83' lang='lat' dir='ltr'>sapientiores</span> <span class='ocrx_word' id='word_1_187' title='bbox 493 2536 598 2568; x_wconf 88' lang='lat' dir='ltr'>esse</span> <span class='ocrx_word' id='word_1_188' title='bbox 619 2530 807 2584; x_wconf 86' lang='lat' dir='ltr'>putant</span> <span class='ocrx_word' id='word_1_189' title='bbox 848 2537 940 2570; x_wconf 90' lang='lat' dir='ltr'>nee</span> <span class='ocrx_word' id='word_1_190' title='bbox 978 2538 1066 2570; x_wconf 89' lang='lat' dir='ltr'>cur</span> <span class='ocrx_word' id='word_1_191' title='bbox 1104 2522 1330 2570; x_wconf 85' lang='lat' dir='ltr'>fallerent</span> <span class='ocrx_word' id='word_1_192' title='bbox 1352 2521 1535 2579; x_wconf 90' lang='lat' dir='ltr'>vident,</span> 
     </span>
     <span class='ocr_line' id='line_1_31' title="bbox 153 2594 966 2658; baseline 0.004 -16"><span class='ocrx_word' id='word_1_193' title='bbox 153 2594 358 2642; x_wconf 87' lang='lat' dir='ltr'>consilia</span> <span class='ocrx_word' id='word_1_194' title='bbox 378 2603 647 2658; x_wconf 87' lang='lat' dir='ltr'>sequuntur</span> <span class='ocrx_word' id='word_1_195' title='bbox 667 2598 966 2645; x_wconf 81' lang='lat' dir='ltr'>necessarie.</span> 
     </span>
    </p>

    <p class='ocr_par' dir='ltr' id='par_1_7' title="bbox 152 2668 1537 2961">
     <span class='ocr_line' id='line_1_32' title="bbox 219 2668 1537 2737; baseline 0.002 -21"><span class='ocrx_word' id='word_1_196' title='bbox 219 2668 454 2731; x_wconf 84' lang='lat' dir='ltr'>Ignorare</span> <span class='ocrx_word' id='word_1_197' title='bbox 469 2671 587 2734; x_wconf 91' lang='lat' dir='ltr'>quid</span> <span class='ocrx_word' id='word_1_198' title='bbox 599 2673 749 2721; x_wconf 86' lang='lat' dir='ltr'>verba</span> <span class='ocrx_word' id='word_1_199' title='bbox 761 2674 960 2737; x_wconf 86' lang='lat' dir='ltr'>proprie</span> <span class='ocrx_word' id='word_1_200' title='bbox 976 2674 1267 2737; x_wconf 84' lang='lat' dir='ltr'>significent,</span> <span class='ocrx_word' id='word_1_201' title='bbox 1287 2673 1388 2720; x_wconf 84' lang='lat' dir='ltr'>sive</span> <span class='ocrx_word' id='word_1_202' title='bbox 1404 2671 1537 2734; x_wconf 92' lang='lat' dir='ltr'>quod</span> 
     </span>
     <span class='ocr_line' id='line_1_33' title="bbox 153 2742 1535 2812; baseline 0.003 -22"><span class='ocrx_word' id='word_1_203' title='bbox 153 2742 284 2791; x_wconf 90' lang='lat' dir='ltr'>idem</span> <span class='ocrx_word' id='word_1_204' title='bbox 306 2752 395 2803; x_wconf 68' lang='lat' dir='ltr'>oet,</span> <span class='ocrx_word' id='word_1_205' title='bbox 418 2761 518 2794; x_wconf 91' lang='lat' dir='ltr'>non</span> <span class='ocrx_word' id='word_1_206' title='bbox 550 2764 692 2811; x_wconf 89' lang='lat' dir='ltr'>posse</span> <span class='ocrx_word' id='word_1_207' title='bbox 714 2758 848 2797; x_wconf 90' lang='lat' dir='ltr'>recte</span> <span class='ocrx_word' id='word_1_208' title='bbox 878 2749 1165 2812; x_wconf 86' lang='lat' dir='ltr'>intelligere,</span> <span class='ocrx_word' id='word_1_209' title='bbox 1189 2748 1310 2796; x_wconf 87' lang='lat' dir='ltr'>facit</span> <span class='ocrx_word' id='word_1_210' title='bbox 1332 2755 1387 2795; x_wconf 89' lang='lat' dir='ltr'>ut</span> <span class='ocrx_word' id='word_1_211' title='bbox 1412 2747 1535 2794; x_wconf 89' lang='lat' dir='ltr'>veri-</span> 
     </span>
     <span class='ocr_line' id='line_1_34' title="bbox 152 2820 1536 2888; baseline 0.003 -22"><span class='ocrx_word' id='word_1_212' title='bbox 152 2825 306 2867; x_wconf 79' lang='lat' dir='ltr'>tatem</span> <span class='ocrx_word' id='word_1_213' title='bbox 329 2828 380 2868; x_wconf 89' lang='lat' dir='ltr'>et</span> <span class='ocrx_word' id='word_1_214' title='bbox 406 2820 668 2871; x_wconf 88' lang='lat' dir='ltr'>falsitatem</span> <span class='ocrx_word' id='word_1_215' title='bbox 690 2832 837 2888; x_wconf 89' lang='lat' dir='ltr'>atque</span> <span class='ocrx_word' id='word_1_216' title='bbox 862 2825 1012 2873; x_wconf 88' lang='lat' dir='ltr'>etiam</span> <span class='ocrx_word' id='word_1_217' title='bbox 1034 2825 1185 2872; x_wconf 85' lang='lat' dir='ltr'>verba</span> <span class='ocrx_word' id='word_1_218' title='bbox 1208 2823 1328 2871; x_wconf 91' lang='lat' dir='ltr'>nihil</span> <span class='ocrx_word' id='word_1_219' title='bbox 1351 2822 1536 2886; x_wconf 89' lang='lat' dir='ltr'>signifi-</span> 
     </span>
     <span class='ocr_line' id='line_1_35' title="bbox 153 2894 1535 2961; baseline 0.003 -20"><span class='ocrx_word' id='word_1_220' title='bbox 153 2894 317 2942; x_wconf 87' lang='lat' dir='ltr'>cantia</span> <span class='ocrx_word' id='word_1_221' title='bbox 338 2895 398 2942; x_wconf 90' lang='lat' dir='ltr'>ab</span> <span class='ocrx_word' id='word_1_222' title='bbox 422 2895 580 2946; x_wconf 86' lang='lat' dir='ltr'>aliena</span> <span class='ocrx_word' id='word_1_223' title='bbox 596 2915 842 2948; x_wconf 89' lang='lat' dir='ltr'>sumamus</span> <span class='ocrx_word' id='word_1_224' title='bbox 866 2899 1181 2947; x_wconf 86' lang='lat' dir='ltr'>authoritate.</span> <span class='ocrx_word' id='word_1_225' title='bbox 1218 2898 1389 2961; x_wconf 90' lang='lat' dir='ltr'>Neque</span> <span class='ocrx_word' id='word_1_226' title='bbox 1405 2898 1535 2945; x_wconf 90' lang='lat' dir='ltr'>enim</span> 
     </span>
    </p>

    <p class='ocr_par' dir='ltr' id='par_1_8' title="bbox 287 2984 1401 3020">
     <span class='ocr_line' id='line_1_36' title="bbox 287 2984 1401 3020; baseline 0.003 -3"><span class='ocrx_word' id='word_1_227' title='bbox 287 2984 411 3018; x_wconf 85' lang='lat' dir='ltr'><strong>VOL.</strong></span> <span class='ocrx_word' id='word_1_228' title='bbox 439 2986 522 3019; x_wconf 89' lang='lat'>111.</span> <span class='ocrx_word' id='word_1_229' title='bbox 1370 2988 1401 3020; x_wconf 87' lang='lat' dir='ltr'>G</span> 
     </span>
    </p>
   </div>
   <div class='ocr_carea' id='block_1_3' title="bbox 0 1651 35 3041">
    <p class='ocr_par' dir='ltr' id='par_1_9' title="bbox 0 1651 35 3041">
     <span class='ocr_line' id='line_1_37' title="bbox 0 1651 35 3041; baseline 0 0"><span class='ocrx_word' id='word_1_230' title='bbox 0 1651 35 3041; x_wconf 95' lang='lat' dir='ltr'> </span> 
     </span>
    </p>
   </div>
  </div>
 </body>
</html>
