1968 3236
361 241 453 285 150
852 251 923 284 DE
951 250 1225 285 clvlTA'rE.

113 384 216 416 ρΑΡ,
232 384 331 417 Χιχ,
373 361 581 424 temptui
605 368 690 408 aut
705 360 816 408 odio
836 359 1036 420 habent)
1050 360 1102 407 in
1124 360 1334 408 civitatis
1358 361 1755 424 opppressionem

90 438 316 522 ΒΜ
372 436 573 484 tendere
595 435 854 483 verisimile
877 442 967 482 est.
1039 434 1137 483 Sed
1158 435 1520 484 incommodum
1538 436 1631 483 hoc
1655 451 1755 483 non

88 529 238 579 ‘civitam-111
252 538 303 566 per
371 513 432 559 ab
457 527 514 559 eo
539 510 772 567 nascitur,
803 509 937 572 quod
974 525 1210 557 summam
1247 518 1542 573 potestatem
1575 510 1756 558 habeat

86 575 307 605 ¹¹¹⁵m¹¹t¹⁰¹¹e¹¹¹'
372 587 656 649 alienigena,
674 586 759 633 sed
778 585 855 632 vel
865 586 926 633 ab
944 586 1191 649 imperitia
1204 587 1433 650 regentis,
1448 587 1525 634 vel
1540 604 1569 635 a
1583 594 1754 634 contu-

87 618 116 643 et
130 616 166 644 de
178 625 289 644 succes-

86 658 352 740 fflrffggggffigm·
371 662 528 709 macia
561 661 739 709 civium
775 676 982 723 quorum
1013 660 1156 708 alteri
1189 660 1454 709 alterorum
1490 677 1666 720 mores,
1698 668 1756 708 ut

371 753 564 801 aequum
583 744 670 794 est,
694 736 822 784 ferre
852 736 1041 783 nolunt.
1104 736 1252 784 Quod
1273 737 1636 784 incommodum
1654 737 1754 784 Ro-

369 813 501 861 mani
515 812 631 860 olim
651 828 710 859 ex
735 811 1030 869 civitatibus,
1051 827 1171 874 quas
1196 811 1286 859 sibi
1310 813 1631 875 subjecerant,
1664 812 1755 859 im-

367 887 624 952 pertiendo
648 886 932 950 alienigenis
957 887 1139 946 multis,
1168 895 1218 934 et
1236 887 1482 935 interdum
1499 887 1615 936 totis
1639 887 1755 935 civi-

367 965 567 1020 tatibus,
590 965 670 1026 jus
694 962 871 1011 civium
887 963 1236 1021 Romanorum,
1262 964 1578 1011 sustulerunt.
1617 962 1755 1011 Idem

366 1040 512 1087 etiam
529 1045 731 1086 conatus
750 1045 838 1096 est,
855 1037 941 1085 sed
957 1037 1154 1096 frustra,
1169 1054 1257 1101 per
1275 1054 1539 1102 regnorum
1562 1038 1755 1101 Angliae

366 1123 415 1163 et
431 1115 610 1163 Scotiae
616 1114 849 1161 unionem
855 1129 942 1160 rex
949 1120 1119 1161 noster
1128 1113 1511 1177 sapientissimus
1523 1115 1553 1162 J
1556 1115 1753 1162 acobus.

367 1190 514 1240 Quod
554 1190 595 1238 si
630 1189 928 1252 perfecisset,
958 1189 1140 1236 bellum
1168 1190 1325 1248 civile,
1343 1190 1474 1253 quod
1495 1197 1755 1254 utramque

364 1274 561 1330 gentem
592 1266 819 1313 miseram
841 1265 974 1324 facit,
1005 1265 1142 1313 nasci
1172 1266 1389 1329 potuisse
1423 1282 1522 1314 non
1544 1265 1753 1314 videtur.

366 1343 562 1391 Civibus
580 1358 714 1405 ergo,
736 1342 776 1389 si
789 1341 1058 1389 monarcha
1075 1357 1405 1389 successorem
1429 1342 1755 1405 alienigenam

366 1418 647 1476 constituat,
674 1418 901 1480 injuriam
928 1417 1113 1465 nullam
1147 1417 1282 1475 facit,
1308 1433 1586 1481 quanquam
1611 1417 1756 1480 culpa

365 1494 641 1557 regentium
665 1494 742 1541 vel
781 1493 999 1556 ipsorum
1035 1493 1216 1540 civium
1239 1493 1604 1541 incommodum
1639 1492 1754 1540 inde

365 1569 624 1631 aliquando
664 1568 865 1616 oriatur.
936 1568 1074 1616 Idem
1108 1569 1255 1616 etiam
1278 1585 1338 1617 ex
1362 1586 1420 1618 eo
1442 1570 1755 1617 manifestum

365 1650 454 1702 est,
497 1644 628 1708 quod
673 1660 825 1707 regna
866 1644 918 1691 in
949 1644 1247 1707 alienigenas
1287 1661 1375 1708 per
1409 1645 1754 1708 cognationem

367 1722 725 1781 descendentia,
752 1738 1031 1786 quanquam
1061 1723 1231 1771 eadem
1255 1730 1522 1786 sequutura
1545 1723 1642 1771 sint
1677 1723 1754 1770 in-

367 1798 637 1856 commoda,
661 1814 750 1861 pro
783 1798 916 1846 licite
956 1798 1204 1861 acquisitis
1233 1798 1335 1846 sine
1367 1798 1753 1847 contradictione

363 1874 531 1921 haberi
554 1874 724 1921 solent.

876 2208 1089 2257 CAPUT
1124 2208 1238 2256 XX.

577 2324 638 2355 DE
674 2323 878 2356 DOMINIO
915 2324 1136 2355 PATERNO
1172 2324 1232 2356 ET
1267 2324 1543 2357 DESPOTICO.

367 2410 672 2457 Civl'rA'rEM
710 2424 798 2472 per
837 2409 1208 2472 acquisitionem
1253 2425 1391 2468 voco,
1431 2410 1515 2457 nbi
1561 2425 1751 2459 summa

364 2492 580 2548 potestas
614 2484 851 2547 acquisita
885 2492 959 2532 est
992 2500 1080 2547 per
1119 2484 1232 2542 vim,
1268 2485 1339 2532 ita
1372 2492 1442 2543 ut,
1468 2485 1640 2533 mortis
1673 2485 1750 2534 vel

362 2560 668 2608 vinculorum
701 2567 851 2619 metu,
876 2561 1116 2623 imperata
1149 2560 1309 2608 facere
1350 2561 1494 2608 unius
1528 2575 1750 2624 personae

364 2635 463 2683 sive
499 2635 675 2699 singuli
710 2635 808 2683 sive
839 2635 1118 2699 pluralitate
1143 2635 1484 2699 suffragiorum
1509 2635 1675 2684 cuncti
1698 2651 1750 2684 se

363 2710 715 2773 obligaverunt.

429 2780 590 2850 Atque
613 2787 707 2834 hoc
732 2785 933 2833 dominii
966 2785 1066 2833 sive
1090 2800 1291 2833 summae
1314 2786 1571 2848 potestatis
1594 2800 1749 2848 genus

361 2862 421 2908 ab
469 2878 526 2909 eo
551 2861 681 2924 quod
715 2862 771 2908 fit
803 2877 892 2925 per
926 2860 1298 2917 institutionem,
1338 2860 1388 2908 in
1423 2861 1517 2908 hoc
1554 2868 1746 2908 tantum
