1968 3236
187 376 369 409 xxxvl!-

177 430 365 452 b-—r-—d

158 473 204 502 De
218 474 373 507 miraculis,

157 519 296 545 eteorum
312 527 375 546 usu.

423 235 518 278 318
747 247 815 278 nn
845 246 1102 279 clvirA'rE
1132 246 1488 279 cnms'rlANA.

423 370 585 402 sarum
609 354 903 402 naturalium
935 361 983 399 et
1012 353 1326 401 consiliorum
1363 356 1688 402 humanorum
1723 353 1814 400 im—

422 432 565 495 periti
591 442 718 488 sunt,
744 438 799 477 ut
824 429 1014 476 infinito
1039 445 1243 476 numero
1277 429 1579 478 fallaciarum
1613 427 1815 477 obnoxii

421 514 659 570 perpetuo
706 506 887 552 vivant.
982 503 1078 551 Sed
1125 504 1581 569 thaumaturgorum
1630 519 1814 568 genera

420 582 644 645 persequi
678 581 878 643 longum
914 588 1080 634 esset;
1116 580 1167 627 hi
1203 587 1367 629 tamen
1410 581 1643 646 quicquid
1687 580 1814 628 fece-

420 666 550 713 runt,
576 673 662 703 sua
685 656 862 718 singuli
885 655 1107 718 agilitate
1130 655 1368 705 fecerunt.
1440 658 1537 705 Sed
1560 658 1600 704 si
1631 657 1813 720 impos-

419 741 551 780 turas
587 748 755 779 eorum
791 731 1169 789 consideremus,
1207 731 1290 794 qui
1337 732 1562 780 foederati
1607 732 1811 790 faciunt,

418 808 539 855 nihil
561 807 697 854 factu
720 806 1017 869 impossibile
1042 806 1303 866 videbitur,
1331 809 1462 871 quod
1486 808 1715 871 possibile
1739 816 1814 856 est

417 883 564 930 credi.
644 883 881 930 Homines
906 883 1036 929 enim
1060 883 1268 946 improbi
1294 883 1334 930 si
1359 884 1455 932 duo
1479 891 1671 932 tantum
1695 899 1812 932 con-

418 959 675 1021 spirarent,
701 974 827 1006 unus
850 967 906 1006 ut
932 959 1183 1006 simularet
1207 975 1257 1006 se
1282 959 1511 1007 claudum
1536 976 1656 1017 esse,
1690 960 1813 1007 alter

416 1042 471 1081 ut
503 1034 838 1082 incantatione
875 1034 1012 1082 illum
1048 1043 1257 1093 sanaret,
1283 1035 1460 1083 multos
1498 1035 1809 1098 deciperent:

416 1109 501 1157 sed
541 1110 581 1156 si
622 1110 959 1173 conspirarent
1001 1110 1159 1168 multi,
1182 1119 1256 1163 ut
1301 1127 1426 1158 unus
1467 1111 1718 1159 simularet
1758 1127 1809 1159 se

414 1185 643 1233 claudum
666 1201 784 1243 esse,
811 1186 935 1233 alter
971 1193 1027 1233 ut
1060 1201 1171 1232 eum
1198 1194 1407 1244 sanaret,
1433 1195 1483 1233 et
1506 1186 1682 1250 reliqui
1706 1202 1809 1234 om-

415 1278 515 1320 neS,
531 1270 588 1309 ut
603 1262 936 1309 testimonium
964 1262 1151 1316 dicant;
1179 1262 1426 1325 decipient
1449 1262 1603 1310 multo
1626 1261 1807 1326 plureS.

481 1338 538 1385 In
563 1338 649 1385 tali
679 1338 873 1401 generis
910 1338 1110 1384 humani
1143 1338 1452 1400 proclivitate
1477 1337 1622 1385 fidem
1656 1337 1809 1385 mira-

416 1413 541 1460 culis
576 1422 759 1460 temere
795 1413 1074 1470 adhibendi,
1111 1414 1303 1461 cautela
1348 1414 1522 1461 melior
1564 1429 1668 1461 esse
1709 1429 1809 1460 non

413 1497 592 1550 potest,
642 1505 788 1552 quam
837 1505 945 1551 quae
981 1506 1010 1536 a
1058 1489 1160 1536 Deo
1206 1505 1293 1552 per
1340 1489 1546 1547 Mosem,
1592 1497 1649 1537 ut
1695 1496 1808 1536 aute

413 1564 598 1612 dictum
633 1572 722 1623 est,
771 1565 975 1612 docetur
1023 1565 1166 1612 Deut.
1193 1565 1294 1612 xiii.
1329 1571 1368 1619 l,
1407 1573 1457 1611 et
1503 1565 1648 1612 Dent.
1673 1564 1806 1612 xviii.

414 1646 494 1697 22,
544 1657 736 1704 nempe,
785 1657 846 1688 ne
911 1657 1000 1704 pro
1059 1641 1314 1703 prophetis
1374 1641 1638 1688 habeamus
1698 1640 1806 1688 illos

413 1716 496 1779 qui
543 1716 828 1778 religionem
875 1716 1019 1764 aliam
1068 1715 1264 1773 docent,
1299 1732 1444 1779 quam
1483 1732 1591 1779 quae
1627 1716 1688 1763 ab
1731 1732 1806 1774 eo,

413 1792 495 1854 qui
531 1808 788 1855 personam
836 1792 926 1839 Dei
965 1792 1015 1839 in
1062 1792 1257 1839 civitate
1299 1791 1443 1854 gerit,
1474 1791 1662 1854 legibus
1697 1808 1809 1854 per-

412 1867 657 1923 mittitur3
705 1884 863 1931 neque
911 1867 1059 1915 etiam
1105 1867 1228 1926 illos,
1275 1868 1315 1914 si
1361 1884 1540 1915 novum
1589 1867 1801 1930 aliquem

410 1943 670 1991 articulum
709 1944 971 1991 obtrudere
1014 1952 1267 2001 conentur,
1299 1959 1388 2006 pro
1425 1943 1676 2006 prophetis
1721 1944 1808 1991 ha-

410 2018 624 2077 beamus,
649 2019 752 2067 sine
788 2019 1028 2066 miraculo
1063 2018 1355 2066 indubitato.
1405 2020 1578 2082 Itaque
1613 2026 1670 2067 ut
1693 2019 1807 2067 Mo-

410 2109 485 2141 ses
533 2111 620 2142 suo
667 2102 902 2158 tempore,
951 2103 1001 2142 et
1043 2095 1208 2142 Aaron
1253 2110 1653 2158 successoresque
1699 2096 1804 2158 ejus

408 2170 707 2231 temporibus
741 2170 873 2225 suis;
910 2170 979 2217 ita
1011 2169 1187 2217 summi
1226 2168 1522 2232 imperantes
1546 2170 1596 2216 in
1620 2169 1802 2233 populo

409 2243 700 2301 Christiano,
726 2245 775 2292 id
810 2253 896 2303 est,
924 2245 1236 2292 ecclesiarum
1262 2245 1436 2292 summi
1462 2253 1676 2292 rectores
1701 2262 1805 2294 om·

407 2319 549 2367 nibus
585 2321 883 2383 temporibus
916 2320 1199 2368 consulendi
1235 2329 1362 2378 sunt,
1398 2336 1516 2383 quas
1553 2320 1805 2370 doctrinas

409 2394 572 2442 doceri
609 2395 950 2458 permiserunt,
975 2403 1238 2458 antequam
1281 2395 1539 2443 miraculis
1571 2405 1656 2443 aut
1689 2413 1800 2460 pro-

407 2469 566 2532 phetis
602 2471 781 2534 ignotis
815 2470 961 2517 fidem
997 2471 1276 2518 habeamus.
1346 2470 1506 2518 Etiam
1539 2470 1801 2528 miracula,

407 2561 515 2607 quae
540 2546 912 2608 praetenduntur
937 2546 1171 2593 doctrinis
1205 2547 1358 2605 novis,
1385 2546 1616 2594 debemus
1635 2547 1801 2595 videre

407 2621 512 2683 ipsi,
537 2630 586 2669 et
603 2632 840 2684 quantum
864 2638 1120 2684 possumus
1145 2632 1388 2679 excutere,
1423 2630 1472 2669 et
1507 2622 1801 2678 examinare,

406 2703 456 2743 et
481 2697 748 2744 secundum
771 2696 1012 2744 rationem
1037 2697 1296 2759 publicam,
1323 2697 1373 2745 id
1397 2705 1486 2755 est,
1525 2698 1795 2747 secundum

407 2771 644 2819 rationem
670 2772 773 2834 ejus
797 2771 880 2834 qui
903 2787 1141 2819 summam
1166 2773 1313 2820 habet
1343 2773 1390 2820 in
1413 2772 1611 2820 civitate
1635 2782 1799 2836 potes-

406 2853 573 2904 tatem,
622 2846 682 2893 de
728 2846 935 2894 veritate
980 2846 1211 2894 mIraculi
1252 2847 1489 2910 judicare.
1574 2849 1795 2912 Exempli
