1968 3236
371 258 375 263 '
413 247 509 290 508
746 256 816 289 DE
843 254 1032 288 REGNO
1058 252 1462 287 TENEBRARUM.

129 388 231 420 CAP.
248 389 374 422 XLVII
383 412 393 423 .

165 444 354 465 -7—-d

178 483 343 514 Conclusio.

411 367 602 415 asticas.
672 366 799 413 Nam
825 366 906 429 qui
930 365 1085 428 potui,
1112 380 1224 412 cum
1247 364 1397 412 totius
1422 364 1584 428 operis
1622 379 1796 428 scopus

411 450 538 490 esset
560 442 732 489 unicus
764 448 819 488 ut
858 441 1244 488 demonstrarem
1279 447 1575 503 praetextum
1609 439 1797 488 nullum

411 534 515 566 esse
537 533 693 580 posse,
718 533 813 580 quo
837 517 1001 580 legum
1024 516 1224 564 violatio
1250 515 1471 563 excusari
1494 515 1682 578 possit?
1751 515 1797 564 A

411 593 663 641 sententiis
705 599 867 640 autem
909 591 1251 654 theologorum
1285 590 1605 654 singularium
1631 590 1796 639 multis

410 670 460 716 in
483 668 602 715 locis
626 667 800 715 abiisse
819 683 898 715 me
924 667 1177 714 confiteor.

479 743 530 790 Si
558 742 786 790 cordibus
820 741 1121 805 scripsissem
1155 741 1311 790 instar
1352 743 1630 791 tabularum
1664 758 1798 791 rasa-

411 835 518 866 rum
563 818 714 881 puris,
760 818 956 865 brevior
993 833 1096 864 esse
1131 818 1413 880 potuissem.
1484 818 1798 866 Suffecissent

412 894 540 941 enim
566 909 623 940 ea
645 909 816 955 pauca,
837 908 946 955 quae
970 900 1241 956 sequuntur
1262 912 1272 940 :
1298 893 1520 942 homines
1545 894 1648 942 sine
1671 894 1795 957 lege,

411 975 611 1032 propter
647 969 725 1031 jus
757 967 974 1015 omnium
1010 967 1061 1014 in
1097 968 1276 1026 omnia,
1301 969 1483 1017 mutuis
1508 969 1721 1017 caedibus
1745 985 1797 1017 se

410 1045 539 1107 ipsos
575 1043 888 1098 interimere3
926 1043 1058 1105 leges
1093 1043 1197 1091 sine
1227 1044 1402 1107 poenis,
1428 1051 1477 1092 et
1499 1059 1669 1107 poenas
1693 1044 1798 1092 sine

408 1126 651 1182 potestate
676 1135 878 1178 summa,
899 1119 1096 1167 inutiles
1119 1134 1252 1175 esse;
1276 1127 1573 1183 potestatem
1596 1119 1700 1167 sine
1719 1135 1797 1167 ar-

409 1196 499 1243 mis
536 1203 586 1243 et
626 1195 797 1259 opibus
834 1195 884 1242 in
919 1195 1064 1242 unius
1098 1211 1323 1258 personae
1355 1212 1555 1243 manum
1590 1195 1796 1253 collatis,

407 1287 575 1318 vocem
610 1286 810 1328 meram,
842 1286 1001 1333 neque
1037 1270 1100 1318 ad
1133 1286 1306 1334 pacem
1339 1286 1498 1334 neque
1533 1270 1598 1318 ad
1631 1269 1798 1318 defen-

408 1347 591 1394 sionem
639 1347 816 1394 civium
858 1347 1096 1394 momenti
1138 1347 1282 1394 ullius
1328 1362 1463 1402 esse;
1501 1353 1551 1394 et
1590 1345 1798 1409 proinde

408 1422 536 1470 cives
562 1439 745 1481 omnes,
771 1423 859 1481 sui,
884 1439 984 1470 non
1019 1423 1381 1486 imperantium,
1405 1422 1524 1470 boni
1555 1437 1703 1469 causa
1733 1421 1799 1469 ad

407 1498 755 1561 rempublicam
795 1499 967 1562 opibus
1003 1499 1101 1546 suis
1142 1498 1376 1546 tuendam
1413 1505 1462 1546 et
1502 1498 1792 1546 confirman-

410 1573 537 1632 dam,
577 1582 811 1637 quantum
855 1581 1076 1638 possunt,
1114 1574 1351 1638 obligari3
1401 1573 1549 1637 idque
1593 1572 1797 1620 arbitrio

408 1649 550 1708 illius,
592 1651 671 1697 cui
717 1667 956 1698 summam
1002 1650 1228 1697 dederint
1272 1657 1582 1713 potestatem.
1672 1647 1797 1696 Quae

409 1740 597 1772 summa
619 1733 691 1773 est
712 1726 864 1789 partis
887 1726 1058 1789 primae
1083 1733 1133 1773 et
1157 1724 1398 1772 secundae.
1453 1722 1659 1781 Deinde,
1679 1738 1798 1786 quo-

407 1801 539 1847 niam
563 1802 609 1848 in
638 1802 902 1865 Scripturis
919 1802 1095 1861 Sacris,
1121 1817 1327 1865 quarum
1350 1801 1612 1848 lectionem
1637 1799 1796 1847 eccle-

409 1876 481 1923 sia
520 1884 686 1924 nostra
723 1877 946 1925 omnibus
987 1885 1038 1925 et
1072 1877 1294 1940 permisit
1331 1884 1380 1924 et
1417 1874 1796 1934 commendavit,

407 1951 508 1998 vita
554 1961 738 2000 aeterna
783 1960 832 2001 et
870 1954 999 2001 salus
1045 1953 1348 2016 singulorum
1387 1951 1698 2006 continetur;
1746 1958 1798 1998 et

406 2029 737 2092 unusquisque
759 2030 977 2093 periculo
1001 2030 1176 2078 animae
1215 2029 1428 2093 propriae
1460 2028 1568 2076 illas
1599 2027 1721 2091 legit
1746 2034 1797 2075 et

407 2103 601 2152 sibimet
624 2105 716 2168 ipsi
739 2106 1104 2169 interpretatur,
1132 2113 1182 2153 et
1200 2112 1463 2168 propterea
1486 2119 1682 2166 aequum
1705 2109 1796 2161 est,

406 2185 461 2226 ut
498 2180 808 2228 conscientiae
845 2197 1015 2228 eorum
1054 2197 1153 2229 non
1188 2180 1409 2243 pluribus
1433 2179 1550 2227 fidei
1573 2178 1795 2227 articulis

408 2264 687 2314 onerentur,
714 2273 859 2319 quam
900 2257 982 2319 qui
1019 2263 1134 2304 sunt
1167 2255 1230 2303 ad
1261 2255 1468 2303 salutem
1503 2253 1795 2308 necessarii;

407 2330 635 2378 articulos
669 2331 793 2390 illos,
823 2331 1022 2394 quinam
1058 2331 1170 2390 sint,
1195 2331 1246 2378 in
1283 2338 1425 2394 parte
1461 2329 1609 2378 tertia
1642 2328 1796 2392 expli-

409 2405 527 2452 cavi.
580 2406 830 2454 Postremo
854 2407 904 2454 in
929 2415 1102 2469 quarta
1123 2415 1279 2469 parte,
1295 2423 1357 2454 ne
1379 2405 1588 2469 populus
1610 2421 1640 2453 a
1661 2404 1796 2453 falsis

408 2479 688 2528 doctoribus
712 2481 1073 2540 seducerentur,
1099 2481 1301 2529 consilia
1337 2481 1596 2529 ambitiosa
1631 2488 1683 2528 et
1718 2496 1797 2528 as-

408 2562 516 2602 tuta
554 2556 943 2604 adversariorum
984 2556 1200 2604 ecclesiae
1240 2556 1528 2620 Anglicanae
1569 2555 1795 2619 patefeci.

409 2630 547 2688 Haec,
572 2631 787 2694 inquam,
811 2631 1019 2695 ingeniis
1052 2631 1272 2679 candidis
1309 2631 1626 2679 suffecissent.
1697 2631 1797 2680 Sed

408 2721 519 2752 cum
550 2705 785 2754 doctrinis
816 2706 1072 2754 contrariis
1106 2706 1358 2754 hominum
1382 2707 1570 2755 animos
1601 2706 1796 2770 jamdu-

410 2780 524 2828 dum
558 2781 847 2830 scribillatos
885 2797 991 2830 esse
1028 2781 1218 2840 scirem,
1254 2783 1419 2830 omnia
1449 2782 1602 2831 fusius
1640 2781 1795 2846 expli-

409 2856 563 2904 canda
597 2872 700 2904 esse
746 2858 1033 2917 existimavi,
1078 2865 1127 2905 et
1174 2857 1400 2921 explicui,
1436 2858 1520 2906 sed
1568 2872 1794 2906 sermone

1963 915 1968 923 .
1958 859 1968 906 „swa—
1958 713 1968 852 -.ΛΑ-ι
