1910 3236
135 333 235 364 CAP.
257 333 303 364 11.

124 387 312 408 Wd

90 430 134 458 De
142 428 353 466 imaginatione.

369 189 396 230 8
885 197 953 229 DE
982 196 1222 230 HOMINE.

437 310 589 358 Simul
613 326 669 357 ac
705 325 878 372 corpus
910 317 1148 367 movetur,
1174 310 1460 369 movebitur,
1483 309 1577 357 nisi
1612 309 1744 357 aliud

371 402 545 449 corpus
568 387 743 441 obstet,
767 386 818 432 in
838 393 1090 434 aeternum.
1126 385 1299 449 Neque
1322 386 1388 444 id,
1413 386 1545 450 quod
1567 386 1744 444 obstat,

370 471 558 510 motum
581 462 710 509 hunc
735 461 786 508 in
810 461 1038 518 instante,
1062 461 1146 508 sed
1169 461 1219 508 in
1255 469 1474 524 tempore
1498 470 1548 509 et
1570 460 1746 524 grada-

370 539 459 586 tim
506 537 760 599 extinguit.
831 536 967 583 Sicut
1011 537 1062 583 in
1108 537 1229 584 mari
1274 537 1492 585 videmus
1532 537 1654 596 fieri,
1691 544 1747 584 ut

370 622 588 662 cessante
611 621 757 660 vento
782 628 880 659 non
916 612 1081 659 statim
1105 621 1298 660 cessant
1320 613 1514 672 fluctus,
1538 613 1609 660 ita
1627 628 1747 675 quo-

371 707 464 754 que
487 690 537 736 in
562 696 698 735 motu
722 687 805 734 illo
843 687 1097 751 contingit,
1133 688 1215 751 qui
1249 696 1324 736 est
1354 689 1404 735 in
1431 688 1651 751 partibus
1673 687 1748 734 in-

371 767 521 814 ternis
539 764 747 811 hominis
772 771 889 811 tunc
914 780 1025 810 cum
1048 763 1195 822 videt,
1214 764 1438 822 somniat,
1458 765 1540 811 &c.
1611 763 1748 811 Post-

372 857 516 904 quam
565 840 693 887 enim
739 839 987 902 objectum
1031 847 1276 887 remotum
1323 847 1413 898 est,
1458 839 1535 886 vel
1580 838 1750 886 oculus

372 917 576 974 clausus,
600 914 861 978 imaginem
884 923 1048 962 tamen
1066 914 1137 961 rei
1153 914 1269 962 visae
1292 914 1570 972 retinemus,
1597 929 1749 976 quau-

374 1008 519 1056 quam
542 991 788 1054 aliquanto
813 991 1156 1039 obscuriorem.
1193 991 1354 1053 Atque
1371 990 1477 1038 haec
1496 996 1571 1037 est
1587 989 1749 1052 imago

373 1086 402 1117 a
417 1084 512 1132 qua
526 1067 806 1114 facultatem
825 1066 1122 1130 appellamus
1140 1064 1557 1130 imaginationem.
1593 1064 1751 1112 Phan-

373 1144 545 1191 tasiam
569 1143 726 1190 Graeci
757 1149 806 1190 et
829 1142 999 1190 melius
1024 1149 1217 1200 vocant,
1243 1157 1272 1188 a
1295 1155 1585 1204 quocunque
1608 1156 1753 1188 sensu

375 1220 559 1268 oriatur
579 1240 591 1274 ;
627 1219 786 1281 imago
809 1227 972 1266 autem
993 1218 1191 1281 propria
1205 1224 1280 1264 est
1297 1232 1459 1264 rerum
1476 1215 1751 1264 visibilium.

376 1295 666 1358 Imaginatio
704 1310 819 1357 ergo
857 1294 977 1341 nihil
1008 1293 1141 1341 aliud
1179 1301 1255 1341 est
1296 1309 1442 1356 quam
1481 1292 1640 1340 sensio
1673 1291 1754 1339 de-

375 1370 540 1417 ficiens
564 1369 664 1416 sive
687 1369 974 1432 phantasma
997 1368 1205 1415 dilutum
1225 1376 1275 1415 et
1299 1367 1574 1426 evanidum‚
1598 1374 1649 1415 et
1682 1373 1756 1415 est

376 1445 650 1494 hominibus
688 1461 799 1492 cum
840 1444 1126 1491 animalibus
1167 1442 1356 1490 caeteris
1393 1442 1494 1490 fere
1531 1442 1755 1491 omnibus

378 1521 660 1579 communis,
684 1521 782 1568 sive
805 1519 1007 1583 vigilant
1029 1519 1129 1566 sive
1161 1518 1423 1566 dormiunt.

448 1596 594 1645 Quod
638 1604 802 1644 amoto
855 1597 1046 1659 objecto
1096 1595 1384 1658 phantasma
1437 1594 1494 1641 fit
1540 1593 1755 1652 dilutius,

381 1687 527 1720 causa
549 1688 649 1720 non
673 1679 745 1719 est
770 1671 991 1719 debilitas
1019 1670 1181 1733 aliqua
1215 1677 1376 1718 motus
1406 1669 1525 1717 facti
1558 1669 1611 1717 in
1641 1676 1755 1717 actu

382 1747 637 1805 sentiendi,
662 1746 748 1794 sed
765 1746 1129 1810 praeoccupatio
1148 1761 1444 1808 organorum
1466 1745 1527 1792 ab
1551 1745 1757 1808 objectis

380 1823 518 1878 aliis;
571 1822 976 1885 quemadmodum
1029 1821 1386 1885 praedominans
1431 1821 1594 1884 fulgor
1640 1821 1756 1869 solis

382 1898 628 1947 stellarum
642 1898 806 1945 lumen
826 1898 1086 1946 obscurum
1108 1897 1225 1945 facit
1243 1918 1255 1952 ;
1292 1913 1400 1960 quae
1423 1904 1588 1945 tamen
1605 1897 1757 1944 stellae

381 1974 611 2022 virtutem
643 1974 791 2031 illam,
827 1990 923 2037 qua
958 1973 1112 2021 videri
1141 1989 1192 2021 se
1226 1973 1431 2029 faciunt,
1465 1989 1565 2020 non
1599 1973 1758 2021 minus

384 2050 444 2098 de
468 2050 545 2098 die
580 2057 807 2098 exercent
836 2067 982 2113 quam
1016 2057 1179 2098 noctu.
1249 2050 1447 2108 Verum,
1483 2050 1597 2113 quia
1630 2050 1759 2098 inter

384 2127 560 2175 multos
585 2134 634 2174 et
656 2127 814 2175 varios
839 2127 978 2186 ictus,
1005 2143 1127 2190 quos
1156 2126 1299 2184 oculi,
1324 2142 1481 2185 aures,
1505 2133 1558 2172 et
1581 2133 1760 2173 caetera

384 2219 609 2250 sensuum
633 2219 816 2266 organa
849 2203 909 2250 ab
943 2202 1154 2250 externis
1189 2201 1447 2265 agentibus
1479 2200 1541 2248 de
1572 2200 1651 2250 die
1673 2217 1759 2264 pa-

384 2278 587 2338 tiuntur,
612 2279 742 2326 solus
766 2279 892 2326 ictus
914 2278 1272 2341 praedominans
1296 2287 1371 2325 est
1395 2276 1651 2332 sensibilis,
1673 2276 1759 2324 lux

385 2355 498 2403 solis
542 2354 897 2419 praedominans
937 2370 1082 2402 causa
1126 2361 1215 2412 est,
1257 2353 1390 2417 quod
1435 2369 1464 2400 a
1510 2353 1760 2400 stellarum

388 2430 662 2478 actionibus
703 2430 861 2478 minus
901 2430 1182 2478 afficiamur.
1251 2430 1430 2477 Amoto
1470 2436 1634 2476 autem
1674 2429 1760 2476 ob-

380 2507 528 2569 jecto,
567 2506 658 2554 etsi
694 2513 944 2553 remaneat
979 2521 1087 2568 quae
1121 2504 1252 2552 faeta
1289 2504 1451 2552 fuerat
1491 2504 1760 2568 impressio,

387 2581 756 2630 succedentibus
779 2588 943 2628 tamen
966 2581 1170 2643 objectis
1206 2588 1255 2628 et
1288 2579 1616 2643 operantibus,
1639 2596 1762 2644 prae-

385 2657 517 2705 teriti
546 2655 827 2720 imaginatio
861 2655 1061 2703 diluitur
1092 2662 1141 2703 et
1174 2656 1480 2713 obscuratur,
1518 2656 1644 2703 sicut
1666 2671 1761 2703 vox

386 2732 595 2781 hominis
618 2749 648 2780 a
678 2731 883 2795 strepitu
913 2731 1022 2779 diei.
1093 2731 1264 2794 Itaque
1300 2738 1483 2794 quanto
1516 2748 1546 2779 a
1576 2731 1761 2779 visione

387 2808 464 2855 vel
499 2808 720 2856 sensione
758 2807 960 2870 alicujus
999 2806 1177 2870 objecti
1212 2805 1405 2869 longius
1441 2814 1513 2855 est
1555 2815 1760 2870 tempus,
