1968 3236
475 257 765 290 Appaxmx
795 257 868 291 An
895 257 1234 291 LssleTnAN.
1450 247 1544 289 553

170 371 282 416 rent
303 366 462 430 Papae,
494 367 684 430 judices
718 368 1002 431 plerumque
1044 376 1185 415 erant
1222 367 1292 415 illi
1325 366 1390 415 ad
1427 382 1548 430 quos

169 441 405 505 rescripta
421 442 770 505 imperatorum
790 443 850 491 de
869 444 1024 506 poenis
1048 443 1387 492 haereticorum
1404 442 1550 490 missa

170 526 325 574 erant,
365 534 537 581 nempe
574 527 806 582 praetores
843 519 991 576 urbiS,
1029 518 1388 582 provinciarum
1426 532 1550 581 prae-

169 593 303 642 fecti.
350 593 447 641 Sed
465 594 526 641 de
544 594 701 642 forma
719 595 935 642 haeretici
956 594 1278 642 convincendi
1296 592 1416 641 nihil
1432 592 1549 640 scio.

171 668 431 727 Caeterum,
462 678 719 732 postquam
742 670 963 732 viguerat
995 669 1263 717 authoritas
1284 667 1550 732 pontificia,

170 745 385 808 cognitio
410 761 567 792 causae
591 744 652 792 ad
677 745 956 808 episcopum
979 760 1130 791 unum
1152 744 1229 791 vel
1251 743 1414 807 plures
1436 743 1552 790 atti-

169 820 347 874 nebat;
384 828 433 868 et
467 820 705 883 siquidem
728 835 839 867 reus
875 819 1109 867 doctrinae
1133 835 1278 882 quam
1302 818 1551 876 docuerat,

170 895 363 959 publice
403 895 492 953 bis,
525 896 565 942 si
597 911 718 958 opus
750 903 892 953 esset,
925 895 1202 958 requisitus,
1234 893 1551 952 renuntiaret,

169 970 606 1033 poenitentiamque
640 978 806 1033 ageret
838 986 895 1017 ea
921 971 1078 1018 forma
1100 986 1246 1033 quam
1269 969 1552 1033 praescribe-

170 1053 246 1093 ret
265 1045 415 1103 curia,
430 1046 784 1093 absolvebatur.
822 1044 970 1094 Quod
988 1046 1029 1093 si
1051 1045 1102 1092 in
1121 1045 1326 1093 eandem
1343 1044 1551 1092 haeraein

169 1129 282 1184 post
300 1120 615 1179 relaberetur,
623 1121 700 1168 vel
718 1121 768 1168 in
787 1121 932 1168 aliam
945 1114 1361 1180 (naffiinnumerae
1379 1122 1552 1182 erant),

169 1197 404 1260 potestati
427 1197 633 1245 seculari
665 1196 1022 1245 comburendus
1046 1196 1358 1244 tradebatur:
1395 1209 1553 1259 neque

171 1272 370 1320 omnino
387 1273 543 1320 veniae
565 1272 701 1320 locus
725 1280 845 1330 erat,
859 1280 1061 1335 propter
1081 1272 1336 1335 potestatis
1360 1271 1555 1319 ecclesi·

171 1348 338 1396 asticae
362 1357 413 1395 et
435 1347 590 1395 civilis
614 1346 993 1405 distinctionem,
1010 1347 1113 1394 sine
1137 1363 1375 1395 consensu
1394 1347 1552 1410 Papae.

238 1423 303 1471 A.
340 1423 418 1471 Ab
441 1439 570 1471 anno
594 1422 752 1486 primo
776 1422 1075 1470 Elizabethae
1111 1422 1175 1469 ad
1210 1438 1392 1470 annum
1423 1422 1554 1470 deci-

171 1514 307 1546 mum
342 1498 604 1562 septimum
639 1498 802 1547 Caroli
828 1498 865 1556 1,
889 1498 1135 1561 quomodo
1158 1498 1480 1547 convincendi
1503 1505 1555 1545 et

170 1572 405 1637 puniendi
429 1580 570 1621 erant
590 1572 606 1620 Ρ

239 1649 305 1698 Β.
341 1649 432 1698 Per
455 1657 613 1697 totum
636 1649 757 1696 illud
788 1658 980 1712 tempus
1003 1655 1333 1713 apparuerunt
1356 1648 1554 1712 quidem

170 1724 313 1772 valde
345 1724 489 1788 pauci
518 1724 752 1784 haeretici,
788 1732 1044 1808 propterea
1078 1725 1209 1788 quod
1239 1724 1349 1783 illis,
1382 1725 1555 1788 quibus

170 1800 342 1864 regina
382 1800 690 1848 commiserat
725 1799 960 1863 regimen,
998 1800 1087 1848 snb
1118 1816 1170 1848 se
1199 1799 1320 1863 ipsa,
1357 1799 1556 1848 ecclesi-

171 1875 394 1934 asticum,
416 1875 716 1939 prohibitum
738 1875 846 1939 lege
878 1883 997 1934 erat,
1022 1891 1083 1923 ne
1108 1891 1255 1939 quam
1278 1875 1554 1924 doctrinam

171 1950 453 1999 haereticam
474 1966 581 1999 esse
607 1951 902 2015 judicarent,
926 1967 1035 2014 quae
1071 1967 1172 1999 non
1206 1958 1320 1999 ante
1343 1967 1431 2014 pro
1454 1951 1555 1999 hae-

172 2025 270 2074 resi
292 2025 618 2075 condemnata
638 2026 811 2075 fuisset
832 2027 884 2074 in
907 2027 1071 2090 aliquo
1090 2034 1298 2089 quatuor
1313 2026 1555 2074 Concilio-

173 2116 283 2149 rum
317 2100 618 2164 generalium
650 2102 933 2165 primorum,
958 2101 1009 2149 id
1032 2111 1120 2160 est,
1144 2111 1201 2149 ut
1223 2117 1282 2149 ex
1314 2101 1407 2149 illis
1440 2101 1555 2164 ipsis

176 2175 406 2224 Conciliis
422 2176 733 2225 manifestum
750 2185 838 2235 est,
853 2192 962 2241 quae
979 2194 1076 2225 non
1096 2184 1201 2225 erat
1218 2184 1387 2224 contra
1408 2176 1554 2224 fidem

174 2251 227 2299 in
254 2251 475 2315 symbolo
507 2251 696 2301 Niceno
730 2251 1041 2301 declaratam.
1112 2252 1209 2300 Sed
1237 2253 1319 2315 qui
1342 2252 1555 2300 convicti

177 2335 334 2385 erant,
354 2326 779 2376 comburebantur.

243 2402 309 2450 A.
345 2401 605 2451 Quomodo
637 2404 863 2466 cognosci
898 2411 1076 2467 potest,
1102 2402 1218 2466 quid
1247 2403 1311 2450 sit
1334 2402 1554 2465 symbolo

178 2477 476 2526 contrarium
515 2477 591 2525 vel
632 2493 732 2525 non
773 2479 1088 2537 contrarium,
1129 2477 1220 2524 nisi
1267 2478 1371 2541 ipsa
1406 2478 1555 2525 verba

176 2552 382 2616 symboli
404 2567 463 2600 ea
482 2551 706 2609 formula,
721 2569 816 2617 qua
838 2555 1022 2618 scripta
1044 2561 1173 2611 sunt,
1188 2560 1428 2616 negentur
1450 2569 1555 2601 ωδε

177 2642 293 2675 vera
313 2626 391 2674 vel
414 2626 640 2675 dicantur
661 2643 767 2676 ωδε
788 2628 941 2677 falsa?

244 2702 309 2750 B.
346 2702 518 2766 Neque
539 2702 648 2766 lege
668 2703 942 2767 puniendus
972 2713 1047 2752 est
1069 2703 1339 2762 haereticus,
1363 2703 1456 2751 nisi
1480 2703 1554 2767 ip-

178 2778 243 2825 sis
266 2778 471 2841 symboli
493 2778 651 2826 verbis
673 2779 992 2828 contradicat.
1063 2779 1190 2827 Nam
1212 2788 1268 2827 ut
1291 2779 1399 2843 quis
1422 2778 1555 2827 dicat

177 2853 345 2917 negari
368 2853 513 2902 fidem
536 2869 625 2917 per
642 2855 1054 2917 consequentiam,
1073 2863 1223 2917 utque
1245 2870 1303 2902 ea
1326 2853 1387 2902 de
1410 2870 1556 2903 causa

1611 387 1712 419 CAP.
1732 386 1783 418 11.

1604 440 1793 460 κ--ψῌ

1608 482 1652 511 De
1665 481 1779 510 hansi-
