1968 3236
119 414 380 448 CARXXVH.

157 470 346 491 s——f——ae

139 507 183 535 De
197 508 322 536 crimini-

137 550 203 582 bus,
215 560 332 578 excusa„

138 593 274 626 tionibus,
283 598 311 621 et
325 604 370 622 ex-

139 637 362 665 teuuutionibus.

403 272 502 315 220
904 279 975 312 DE
1003 278 1277 312 elvl'rA‘rE.

398 391 699 455 principibus
746 389 843 436 suis
881 388 1119 451 placuisse
1160 404 1260 436 11011
1294 387 1442 435 1110ᾶο
1476 387 1680 446 licitum,
1706 387 1793 435 sed

401 467 547 514 etiam
584 464 824 512 laudabile
856 463 1077 526 plurimis
1103 462 1340 521 videatur,
1366 463 1551 510 crimen
1577 463 1668 510 etsi
1692 479 1792 511 non

401 548 673 598 excusetur,
695 546 987 586 extenuatur
1011 547 1198 594 tamen;
1233 539 1347 601 quia
1370 546 1667 586 exoneratur
1691 538 1791 586 cul-

398 633 474 680 pae
510 631 620 678 pars
654 615 703 661 in
728 630 969 661 summum
996 614 1335 677 imperantem,
1360 613 1412 661 id
1436 622 1525 672 est,
1554 614 1607 661 in
1631 614 1790 677 ipsum

398 691 694 754 punientem.
767 689 915 737 Quod
937 697 1102 736 tamen
1125 705 1225 738 non
1250 690 1321 737 ita
1344 689 1500 752 accipi
1524 690 1713 748 vellem,
1734 698 1791 737 ut

396 766 625 814 vindictae
644 764 848 827 privatae
868 764 1228 812 excusationem
1248 781 1416 828 parem
1434 786 1446 820 ;
1472 765 1558 812 sed
1575 772 1792 814 rectores

397 857 619 889 moneam
656 857 717 888 ne
752 831 883 888 'sacto
919 841 1114 903 oblique
1154 840 1367 899 faveant,
1404 841 1482 888 cui
1519 841 1704 889 directe
1740 849 1792 889 et

396 918 574 980 apertis
597 917 756 964 verbis
796 916 1171 964 interdixerunt.
1242 917 1479 980 Exempla
1503 917 1633 964 enim
1656 917 1791 980 prin-

397 993 559 1056 cipum
599 1001 713 1040 sunt
748 1000 798 1040 et
836 1008 1026 1055 semper
1059 992 1212 1051 fuere,
1254 992 1318 1039 ad
1352 992 1571 1039 actiones
1612 992 1791 1040 civium

395 1069 647 1132 regendas,
672 1069 953 1131 potentiora
976 1085 1122 1131 (1113111
1147 1075 1261 1116 sunt
1292 1068 1410 1131 ipsae
1445 1068 1592 1130 leges.
1663 1068 1790 1116 Rur-

395 1160 489 1201 sus,
515 1144 555 1191 si
592 1144 796 1191 crimina
827 1143 1006 1191 damno
1044 1158 1397 1206 comparemus,
1424 1143 1551 1190 idem
1587 1143 1788 1202 factum,

395 1220 435 1267 si
459 1219 654 1275 multos,
673 1219 869 1282 gravius
893 1226 966 1266 est
981 1235 1127 1282 quam
1148 1219 1188 1266 si
1211 1235 1395 1281 paucos
1415 1218 1579 1266 laedat.
1617 1219 1790 1282 Itaque

395 1295 435 1342 si
458 1295 645 1342 factum
668 1311 767 1342 non
792 1294 939 1342 modo
964 1294 1015 1341 in
1038 1294 1286 1357 praesenti,
1312 1294 1398 1341 sed
1423 1294 1571 1342 etiam
1593 1309 1682 1357 per
1705 1309 1789 1342 ex-

395 1370 609 1433 emplum
644 1370 695 1418 in
732 1370 897 1418 futuro
931 1377 1154 1434 tempore
1187 1370 1419 1417 damnum
1442 1370 1606 1429 faciat,
1631 1370 1790 1433 majus

395 1445 580 1492 crimen
598 1455 671 1493 est
686 1462 831 1508 quam
856 1445 965 1493 siin
984 1446 1217 1509 praesenti
1234 1453 1427 1493 tantum
1445 1445 1607 1502 laedat,
1622 1445 1675 1493 id
1697 1453 1787 1503 est,

394 1522 589 1584 gravius
613 1528 686 1569 est
710 1521 895 1569 crimen
918 1521 1203 1570 foecundum
1227 1538 1374 1584 quam
1399 1521 1579 1569 sterile.

461 1597 720 1644 Doctrinas
760 1597 985 1660 religioni
1026 1597 1235 1645 civitatis
1280 1597 1552 1645 contrarias
1593 1596 1785 1656 docere,

395 1672 578 1720 crimen
617 1674 774 1736 majus
816 1681 890 1720 est
930 1673 982 1721 in
1018 1673 1220 1721 doctore
1255 1673 1450 1736 publice
1497 1673 1786 1732 constituto,

394 1764 539 1810 quam
562 1748 613 1795 in
637 1749 740 1796 cive
764 1749 956 1812 privato
976 1770 987 1804 ;
1025 1749 1151 1797 sicut
1172 1748 1319 1797 etiam
1334 1748 1589 1796 inhoneste
1607 1748 1786 1807 vivere,

394 1831 479 1871 aut
497 1823 739 1870 actionem
763 1839 907 1887 agere
927 1824 1127 1887 impiam
1142 1840 1498 1888 quamcunque.
1537 1823 1786 1884 Similiter,

393 1898 444 1946 in
465 1899 738 1962 professore
762 1901 942 1963 legum,
968 1900 1204 1948 doctrinae
1229 1900 1384 1948 civilis
1413 1900 1675 1948 articulum
1698 1900 1785 1948 ali-

393 1990 537 2036 quem
562 1975 817 2034 sustinere,
838 1983 925 2023 aut
942 1976 1186 2023 actionem
1202 1991 1347 2038 agere
1367 1991 1476 2038 quae
1495 1975 1558 2023 ad
1582 1991 1785 2023 summae

391 2051 649 2111 potestatis
691 2050 1065 2098 diminutionem
1097 2051 1270 2109 tendit,
1297 2051 1454 2113 majus
1491 2051 1676 2098 crimen
1711 2059 1787 2099 est

392 2141 537 2187 quam
562 2126 602 2173 si
626 2126 754 2174 idem
786 2127 972 2175 factum
1005 2134 1132 2174 esset
1163 2143 1194 2174 a
1224 2126 1393 2189 quovis
1418 2126 1529 2174 alio.
1600 2127 1786 2190 Hujus-

390 2201 523 2248 modi
547 2202 675 2249 enim
699 2202 922 2250 homines
946 2219 1046 2251 non
1064 2202 1220 2250 solum
1240 2202 1447 2250 crimina
1469 2202 1564 2266 ipsi
1581 2202 1785 2263 faciunt,

391 2275 476 2323 sed
498 2277 602 2324 aliis
626 2285 682 2325 ut
704 2277 887 2326 faciant
916 2279 1146 2326 authores
1166 2285 1280 2326 sunt
1301 2297 1311 2325 z
1338 2285 1388 2326 et
1410 2278 1462 2327 in
1485 2278 1783 2338 universum,

391 2359 631 2414 augentur
673 2354 878 2402 crimina
909 2371 938 2402 a
971 2355 1218 2402 scandalo.
1290 2354 1485 2402 Indocti
1526 2355 1656 2402 enim
1695 2355 1784 2403 ho·

389 2427 561 2486 mines,
597 2428 647 2475 in
683 2430 899 2477 tenebris
936 2431 1215 2490 existentes,
1247 2446 1348 2478 non
1386 2438 1488 2478 tam
1522 2430 1651 2479 viam
1687 2447 1785 2495 qua

391 2502 646 2561 inceditur,
677 2520 823 2567 quam
863 2505 1043 2565 lumen,
1083 2507 1214 2570 quod
1248 2506 1519 2570 praeferunt
1555 2507 1782 2556 doctores

392 2577 480 2636 sui,
506 2586 745 2641 spectant.

470 2654 619 2701 Facta
663 2654 861 2702 hostilia
901 2663 1073 2703 contra
1108 2663 1292 2704 statum
1327 2657 1556 2717 civitatis,
1595 2659 1785 2722 majora

392 2735 505 2775 sunt
529 2729 734 2777 crimina
752 2746 897 2793 quam
917 2747 1026 2793 quae
1048 2731 1181 2779 facta
1204 2739 1320 2780 sunt
1344 2739 1517 2780 contra
1534 2733 1783 2781 hominem

392 2801 647 2863 privatum.
688 2839 692 2842 -
720 2805 963 2852 Damnum
982 2805 1112 2853 enim
1133 2806 1346 2855 civitatis
1371 2807 1433 2855 ad
1460 2807 1589 2855 cives
1614 2823 1782 2856 omnes

393 2878 684 2927 extenditur.
758 2880 936 2930 Qualia
968 2889 1080 2930 sunt
1104 2882 1322 2931 locorum
1343 2883 1644 2932 munitorum
1666 2900 1780 2949 pro·
