1910 3236
45 375 146 406 CAP.
163 374 245 406 Vll.

55 430 240 447 s--w-ae

13 469 57 496 De
70 469 255 498 discursuum

13 513 253 542 determinationi-

9 556 72 584 bus.

299 230 358 271 54
819 239 888 270 DE
916 238 1160 270 HOMINE.

295 367 395 399 non
419 350 674 398 credamus
712 351 927 398 locutam
966 366 1070 397 esse
1102 350 1292 407 bovem,
1317 366 1417 397 non
1458 350 1562 398 Deo
1600 350 1686 397 sed

297 427 433 475 Livio
474 427 748 474 diffidimus.
819 426 1135 489 Perspicuum
1181 442 1298 489 ergo
1345 433 1433 485 est,
1481 426 1520 474 si
1567 426 1686 489 quid

296 503 550 551 credamus
572 503 706 550 nullo
730 503 825 550 alio
850 510 1155 566 argumento,
1173 519 1320 565 quam
1338 502 1471 565 quod
1491 502 1687 550 ducitur

297 580 357 626 ab
398 579 697 627 authoritate
732 579 962 635 humana,
989 578 1134 625 fidem
1166 585 1386 626 nostram
1426 595 1525 626 non
1564 579 1684 636 Deo,

296 655 382 702 sed
406 656 456 702 in
480 654 676 702 homine
700 661 893 701 tantum
919 654 1249 702 determinari.

799 1023 1014 1070 CAPUT
1050 1023 1185 1071 VIII.

327 1156 387 1187 DE
414 1157 699 1188 VIRTUTIBUS
725 1157 1222 1196 INTELLECTUALIBU83
1261 1157 1645 1194 DEFECTIBUSQUE

869 1225 1118 1256 OPPOSITIS.

292 1309 504 1356 VIRTUS
531 1309 583 1355 in
608 1309 741 1356 omni
765 1325 818 1355 re
837 1309 1022 1370 aliquid
1048 1318 1122 1357 est
1145 1318 1346 1373 propter
1370 1310 1686 1358 eminentiam
1710 1363 1714 1369 ⁸

295 1383 578 1447 spectabile,
605 1383 925 1446 consistitque
949 1384 1000 1431 in
1026 1385 1408 1447 comparatione.
1493 1385 1623 1432 Nam
1646 1386 1687 1434 si

292 1459 457 1507 omnia
476 1459 702 1507 omnibus
731 1459 987 1522 aequaliter
1010 1459 1250 1518 adessent,
1270 1460 1392 1507 nihil
1411 1468 1538 1508 esset
1556 1462 1687 1524 quod

293 1536 558 1583 haberetur
586 1552 676 1599 pro
701 1535 895 1583 eximio.
966 1535 1058 1583 Per
1092 1537 1297 1584 virtutes
1331 1536 1686 1585 intellectuales

293 1610 637 1674 intelliguntur
670 1611 931 1659 facultates
977 1612 1128 1659 animi
1161 1612 1272 1671 illae,
1315 1629 1434 1675 quas
1469 1613 1686 1672 laudare,

295 1686 636 1750 magnifacere,
662 1694 712 1734 et
736 1687 930 1734 sibimet
954 1687 1070 1750 ipsis
1093 1688 1250 1735 inesse
1269 1704 1448 1752 cupere
1461 1688 1686 1736 homines

293 1762 453 1810 solent
475 1783 487 1817 ;
525 1770 575 1810 et
598 1763 745 1826 vulgo
769 1763 967 1810 nomine
994 1763 1106 1810 boni
1148 1763 1343 1828 ingenii
1367 1765 1686 1828 comprehen-

292 1839 507 1893 duntur,
547 1854 825 1901 quanquam
861 1838 1111 1902 ingenium
1148 1840 1389 1902 significet
1423 1840 1686 1904 aliquando

291 1914 441 1962 etiam
463 1914 750 1961 facultatem
775 1921 959 1961 certam
984 1930 1014 1961 a
1038 1915 1227 1963 caeteris
1253 1915 1550 1964 distinctam.

357 1990 575 2037 Virtutes
599 1997 763 2037 autem
796 1990 872 2037 hae
897 1990 1106 2038 duorum
1142 1999 1257 2038 sunt
1295 2007 1564 2054 generum;
1599 2009 1687 2040 na-

292 2065 488 2113 turales
513 2074 563 2113 et
587 2065 865 2130 aequisitce.
937 2066 1029 2114 Per
1065 2067 1315 2130 ingenium
1338 2067 1560 2115 naturale
1583 2084 1685 2115 non

290 2141 510 2204 intelligo
548 2141 668 2188 illud
704 2149 898 2190 tantum
923 2142 1056 2206 quod
1093 2159 1205 2190 cum
1228 2143 1425 2191 homine
1450 2143 1685 2202 nascitur,

291 2217 423 2279 quod
449 2216 582 2264 aliud
606 2233 703 2264 non
730 2225 805 2264 est
830 2234 977 2281 quam
997 2234 1180 2277 sensus,
1200 2218 1251 2266 in
1271 2235 1370 2281 quo
1394 2235 1519 2267 unus
1538 2219 1685 2267 homo

290 2292 372 2339 alii
408 2309 508 2340 non
547 2293 703 2340 multo
742 2294 898 2357 magis
935 2302 1138 2357 praestat
1176 2311 1322 2358 quam
1363 2295 1563 2351 bestiae3
1600 2295 1687 2343 sed

290 2368 511 2431 intelligo
551 2368 818 2432 ingenium,
846 2370 977 2433 quod
1010 2386 1103 2418 usu
1141 2370 1243 2418 solo
1281 2378 1332 2418 et
1367 2372 1684 2435 experientia,

288 2443 392 2491 sine
415 2444 648 2492 methodo
674 2445 811 2493 cultu
835 2446 912 2493 vel
932 2446 1171 2504 doctrina,
1191 2446 1383 2495 accedit
1406 2447 1685 2496 hominibus

286 2526 447 2566 aetate.
486 2520 720 2568 Consistit
743 2528 907 2569 autem
931 2521 981 2569 in
1007 2521 1195 2569 duabus
1220 2522 1393 2578 rebus;
1420 2523 1684 2571 eeleritate

285 2594 615 2659 imaginandi,
634 2595 686 2643 id
709 2604 798 2654 est,
819 2596 963 2644 unius
988 2598 1300 2661 cogitationis
1319 2599 1382 2646 ad
1405 2599 1550 2646 aliam
1574 2615 1685 2646 suc-

287 2672 504 2719 cessione
529 2671 675 2730 facili,
702 2681 752 2719 et
783 2674 1141 2737 prosecutione
1173 2676 1424 2722 constanti
1454 2675 1565 2722 finis
1597 2674 1684 2722 ali-

286 2747 424 2808 cujus
440 2747 693 2810 propositi.
733 2748 935 2805 Contra,
953 2748 1250 2813 imaginatio
1267 2750 1421 2798 tarda
1438 2740 1683 2798 defectum

286 2822 434 2870 animi
482 2823 618 2870 illum
663 2823 797 2880 facit,
843 2824 926 2887 qui
968 2824 1195 2872 tarditas
1238 2826 1402 2873 vocari
1445 2826 1570 2874 solet
1605 2825 1682 2874 vel
