1968 3236
701 230 770 263 nn
797 230 1075 264 elwa-Ars.
1499 224 1582 267 151

199 338 378 399 differt,
402 339 535 403 quod
574 339 655 387 hic
693 349 829 388 metu
854 349 1039 398 mutuo,
1060 341 1126 389 ibi
1144 349 1280 389 metu
1298 341 1442 390 unius
1459 343 1590 392 cives
1632 363 1735 397 οΑΡ.
1757 364 1837 397 xx.

197 414 455 479 imperium
491 416 540 463 in
576 431 627 463 se
662 416 944 464 admittunt.
1019 416 1225 479 Utrique
1258 423 1425 464 tamen
1449 417 1499 465 id
1518 418 1589 466 fa-
1645 418 1836 488 m

197 491 334 540 ciunt
374 499 527 539 metu.
597 491 654 539 Id
692 492 823 555 quod
865 493 927 540 ab
969 493 1026 540 iis
1069 492 1152 556 qui
1198 499 1343 555 pacta
1386 500 1589 556 propter
1644 507 1808 553 paaempe·

195 576 382 616 metum
417 567 539 615 inita
574 568 715 615 irrita
750 584 856 616 esse
891 567 1234 616 universaliter
1267 568 1587 631 pronuntiare
1646 545 1801 583 ‘mmm

195 642 370 702 solent,
394 642 669 691 notandum
694 652 785 691 est.

263 718 323 767 Id
367 718 498 767 enim
544 719 584 766 si
610 735 777 767 verum
823 727 967 777 esset,
1015 717 1226 773 civitatis
1258 718 1417 766 forma
1455 719 1589 768 nulla

196 801 339 853 esset,
387 795 438 842 in
474 811 570 858 qua
604 795 935 842 obedientiam
971 794 1151 842 civium
1186 794 1357 842 civitas
1393 794 1587 858 exigere

190 870 302 934 jure
324 878 503 933 posset.
575 871 631 917 In
661 870 859 918 civitate
879 869 1092 933 quidem,
1109 869 1284 917 ubivis
1301 870 1588 933 prohibetur

196 952 247 994 et
269 946 529 994 latrocinia
546 946 763 994 indicare
783 946 959 1010 jubent
973 945 1122 1008 legeS,
1140 945 1382 1008 promissa
1399 954 1587 994 terrore

196 1028 390 1069 extorta
414 1022 554 1069 irrita
571 1029 708 1077 su11t3
744 1037 845 1069 non
864 1029 1030 1068 autem
1047 1036 1107 1068 ex
1130 1029 1310 1068 natura
1325 1031 1587 1084 pactorum

196 1096 338 1145 irrita
371 1106 500 1145 sunt.
571 1097 731 1145 Etiam
764 1096 848 1144 ubi
870 1095 1111 1159 promissa
1132 1103 1268 1143 metu
1290 1095 1421 1144 facta
1454 1097 1589 1145 inva-

195 1172 297 1220 lida
318 1179 448 1231 sunt,
472 1172 817 1236 promissorem
841 1171 1051 1219 absolvit
1074 1187 1175 1219 non
1199 1171 1331 1235 pacti
1357 1171 1588 1221 'invalidi-

196 1255 288 1307 tas,
312 1247 399 1295 sed
422 1248 668 1296 sententia
687 1263 890 1295 summae
913 1246 1186 1310 potestatis.
1258 1246 1455 1311 Alioqui
1478 1248 1589 1295 uni-

195 1322 450 1371 versaliter
494 1339 665 1371 verum
712 1330 785 1370 est
835 1322 1130 1386 promissum
1175 1321 1366 1370 licitum
1417 1322 1587 1371 illicite

196 1397 384 1445 violari.

261 1473 290 1520 J
294 1489 383 1521 ura
399 1481 564 1520 autem
582 1488 784 1520 summae
806 1472 1082 1536 potestatis,
1108 1473 1209 1520 sive
1224 1473 1464 1521 institutae
1483 1474 1585 1522 sive

195 1548 244 1595 vi
266 1548 535 1612 acquisitae,
561 1547 732 1596 eadem
752 1555 881 1607 sunt,
906 1563 1066 1611 neque
1090 1547 1195 1595 sine
1219 1547 1443 1596 habentis
1467 1566 1582 1598 con-

194 1638 341 1672 sensu
357 1623 538 1671 auferri
562 1623 637 1671 vel
661 1622 919 1671 transferri
937 1630 1156 1686 possunt.
1228 1623 1401 1687 Itaque
1420 1625 1504 1687 qui
1528 1640 1587 1673 ea

194 1698 411 1762 possidet
443 1714 602 1762 neque
635 1698 799 1762 puniri
828 1714 989 1761 neque
1012 1714 1124 1746 reus
1147 1698 1255 1746 fieri
1272 1700 1384 1763 jure
1406 1708 1584 1763 potest.

195 1774 270 1822 De
291 1790 412 1838 pace
448 1781 498 1822 et
519 1774 664 1833 bello,
690 1781 742 1822 et
766 1773 827 1822 de
851 1773 1091 1821 doctrinis
1113 1774 1309 1838 publice
1333 1775 1584 1835 docendis,

195 1857 246 1898 et
262 1849 325 1898 de
339 1850 682 1899 controversiis
700 1850 926 1898 omnibus
938 1849 1146 1912 judicat.
1183 1850 1582 1914 Magistratuum‚

195 1925 582 1974 consiliariorum
615 1926 665 1973 in
703 1941 840 1990 pace,
858 1925 1038 1972 ducum
1072 1925 1122 1973 in
1162 1926 1307 1984 bello,
1332 1926 1583 1975 ministro-

194 2017 401 2064 rumque
424 2001 733 2065 publicorum
757 2001 1054 2048 constitutor
1072 2001 1203 2048 solus
1218 2008 1304 2049 est.
1375 2002 1586 2050 Premio-

194 2092 321 2135 rum,
344 2092 617 2140 poenarum,
637 2075 853 2133 honoris,
878 2084 929 2123 et
958 2074 1143 2123 ordinis
1166 2076 1352 2123 arbiter
1372 2097 1384 2131 ;
1421 2076 1585 2139 legum

196 2152 408 2216 denique
432 2152 652 2200 omnium
676 2151 856 2199 author
891 2151 1117 2214 latorque
1155 2158 1244 2210 est,
1266 2158 1470 2214 propter
1508 2167 1585 2199 ra-

194 2227 354 2276 tiones
369 2228 528 2291 capite
542 2226 852 2291 praecedente
866 2226 1117 2290 allegatas.

260 2302 351 2351 Est
369 2303 518 2351 etiam
537 2303 740 2351 dominii
758 2302 986 2366 acquisiti
1008 2318 1163 2365 genus
1180 2302 1314 2350 aliud
1331 2317 1419 2365 per
1436 2317 1584 2365 gene-

194 2378 451 2435 rationem,
471 2378 604 2442 quod
636 2386 897 2442 paternum
923 2378 1132 2426 dicitur:
1170 2378 1310 2441 cujus
1328 2378 1408 2439 jus
1430 2377 1584 2440 patris

194 2460 285 2513 est,
307 2470 410 2502 non
434 2453 548 2517 quia
565 2453 719 2501 filium
737 2453 923 2517 genuit,
943 2452 1030 2501 sed
1048 2453 1164 2516 quia
1181 2451 1427 2500 consensit
1441 2452 1583 2511 filius,

193 2529 271 2577 vel
284 2537 488 2593 propter
501 2529 597 2577 alia
610 2529 774 2592 aliqua
787 2535 1092 2591 argumenta.
1131 2528 1187 2575 In
1204 2527 1583 2590 uniuscujusque

196 2604 325 2652 enim
369 2604 459 2652 filii
494 2604 572 2652 vel
607 2604 720 2651 filiae
766 2603 1098 2667 generatione,
1137 2602 1234 2649 duo
1282 2610 1583 2649 concurrunt

194 2687 501 2743 generantes.
572 2679 623 2727 Si
648 2694 766 2742 ergo
802 2678 1005 2726 dominii
1035 2679 1115 2741 jus
1140 2676 1242 2724 sola
1265 2676 1582 2739 generatione

196 2753 498 2813 definiretur,
507 2754 605 2802 duo
621 2762 786 2802 essent
801 2753 1004 2811 domini,
1021 2752 1199 2816 quibus
1214 2751 1451 2799 ambobus
1466 2752 1582 2799 obe-

197 2829 300 2878 dire
314 2829 611 2894 impossibile
627 2838 716 2878 oet.
756 2828 903 2878 Quod
918 2836 1081 2876 autem
1096 2827 1396 2890 scripserunt
1414 2826 1580 2891 aliqui,
