<?xml version="1.0" encoding="UTF-8"?>
<!DOCTYPE html PUBLIC "-//W3C//DTD XHTML 1.0 Transitional//EN"
    "http://www.w3.org/TR/xhtml1/DTD/xhtml1-transitional.dtd">
<html xmlns="http://www.w3.org/1999/xhtml" xml:lang="en" lang="en">
 <head>
  <title>
</title>
<meta http-equiv="Content-Type" content="text/html;charset=utf-8" />
  <meta name='ocr-system' content='tesseract 3.04.00' />
  <meta name='ocr-capabilities' content='ocr_page ocr_carea ocr_par ocr_line ocrx_word'/>
</head>
<body>
  <div class='ocr_page' id='page_1' title='image "./operaphilosophic03hobbuoft_0290.png"; bbox 0 0 1968 3236; ppageno 0'>
   <div class='ocr_carea' id='block_1_1' title="bbox 414 260 1471 303">
    <p class='ocr_par' dir='ltr' id='par_1_1' title="bbox 414 260 1471 303">
     <span class='ocr_line' id='line_1_1' title="bbox 414 260 1471 303; baseline -0.002 0"><span class='ocrx_word' id='word_1_1' title='bbox 414 260 510 303; x_wconf 87' lang='lat'>290</span> <span class='ocrx_word' id='word_1_2' title='bbox 573 271 578 275; x_wconf 90' lang='lat'>·</span> <span class='ocrx_word' id='word_1_3' title='bbox 737 268 807 301; x_wconf 81' lang='lat' dir='ltr'>DE</span> <span class='ocrx_word' id='word_1_4' title='bbox 836 267 1093 301; x_wconf 80' lang='lat' dir='ltr'><strong>CIVITATE</strong></span> <span class='ocrx_word' id='word_1_5' title='bbox 1121 267 1471 301; x_wconf 69' lang='lat' dir='ltr'>cnms&#39;mANA·</span> 
     </span>
    </p>
   </div>
   <div class='ocr_carea' id='block_1_2' title="bbox 133 379 1803 519">
    <p class='ocr_par' dir='ltr' id='par_1_2' title="bbox 133 379 1803 519">
     <span class='ocr_line' id='line_1_2' title="bbox 133 379 1803 444; baseline -0.002 -14"><span class='ocrx_word' id='word_1_6' title='bbox 133 402 396 437; x_wconf 55' lang='lat' dir='ltr'>cmxxxw.</span> <span class='ocrx_word' id='word_1_7' title='bbox 414 382 530 429; x_wconf 86' lang='lat' dir='ltr'>xxii.</span> <span class='ocrx_word' id='word_1_8' title='bbox 569 387 663 429; x_wconf 91' lang='lat'>30:</span> <span class='ocrx_word' id='word_1_9' title='bbox 723 381 786 428; x_wconf 91' lang='lat' dir='ltr'>In</span> <span class='ocrx_word' id='word_1_10' title='bbox 827 379 1194 427; x_wconf 79' lang='lat' dir='ltr'>resurreetione</span> <span class='ocrx_word' id='word_1_11' title='bbox 1227 397 1384 444; x_wconf 82' lang='lat' dir='ltr'>neque</span> <span class='ocrx_word' id='word_1_12' title='bbox 1417 379 1611 438; x_wconf 85' lang='lat' dir='ltr'>nabent,</span> <span class='ocrx_word' id='word_1_13' title='bbox 1647 395 1803 443; x_wconf 81' lang='lat' dir='ltr'>neque</span> 
     </span>
     <span class='ocr_line' id='line_1_3' title="bbox 174 455 1802 519; baseline -0.002 -14"><span class='ocrx_word' id='word_1_14' title='bbox 174 458 360 478; x_wconf 34' lang='lat' dir='ltr'>*w</span> <span class='ocrx_word' id='word_1_15' title='bbox 415 457 656 505; x_wconf 80' lang='lat' dir='ltr'>nubentur</span> <span class='ocrx_word' id='word_1_16' title='bbox 672 475 690 510; x_wconf 89' lang='lat'><em>;</em></span> <span class='ocrx_word' id='word_1_17' title='bbox 741 456 835 503; x_wconf 79' lang='lat' dir='ltr'>secl</span> <span class='ocrx_word' id='word_1_18' title='bbox 863 462 1006 502; x_wconf 82' lang='lat' dir='ltr'>erunt</span> <span class='ocrx_word' id='word_1_19' title='bbox 1041 455 1171 502; x_wconf 84' lang='lat' dir='ltr'>sieut</span> <span class='ocrx_word' id='word_1_20' title='bbox 1199 456 1373 519; x_wconf 78' lang='lat' dir='ltr'><em>angeli</em></span> <span class='ocrx_word' id='word_1_21' title='bbox 1403 455 1504 503; x_wconf 90' lang='lat' dir='ltr'>Dei</span> <span class='ocrx_word' id='word_1_22' title='bbox 1538 455 1588 502; x_wconf 90' lang='lat' dir='ltr'>in</span> <span class='ocrx_word' id='word_1_23' title='bbox 1624 455 1764 503; x_wconf 86' lang='lat' dir='ltr'>eoelis</span> <span class='ocrx_word' id='word_1_24' title='bbox 1782 474 1802 510; x_wconf 88' lang='lat'><em>;</em></span> 
     </span>
    </p>
   </div>
   <div class='ocr_carea' id='block_1_3' title="bbox 132 498 400 535">
    <p class='ocr_par' dir='ltr' id='par_1_3' title="bbox 132 498 400 535">
     <span class='ocr_line' id='line_1_4' title="bbox 132 498 400 535; baseline -0.004 -9"><span class='ocrx_word' id='word_1_25' title='bbox 132 498 177 526; x_wconf 85' lang='lat' dir='ltr'>De</span> <span class='ocrx_word' id='word_1_26' title='bbox 190 498 400 535; x_wconf 78' lang='lat' dir='ltr'>significatione</span> 
     </span>
    </p>
   </div>
   <div class='ocr_carea' id='block_1_4' title="bbox 131 531 1803 594">
    <p class='ocr_par' dir='ltr' id='par_1_4' title="bbox 131 531 1803 594">
     <span class='ocr_line' id='line_1_5' title="bbox 131 531 1803 594; baseline -0.001 -14"><span class='ocrx_word' id='word_1_27' title='bbox 131 550 218 579; x_wconf 69' lang='lat' dir='ltr'>quam</span> <span class='ocrx_word' id='word_1_28' title='bbox 241 541 349 569; x_wconf 66' lang='lat' dir='ltr'>habeut</span> <span class='ocrx_word' id='word_1_29' title='bbox 370 541 400 568; x_wconf 74' lang='lat'>11¹</span> <span class='ocrx_word' id='word_1_30' title='bbox 416 534 546 580; x_wconf 90' lang='lat' dir='ltr'>unde</span> <span class='ocrx_word' id='word_1_31' title='bbox 593 532 851 594; x_wconf 82' lang='lat' dir='ltr'><strong>colligitur,</strong></span> <span class='ocrx_word' id='word_1_32' title='bbox 883 531 1015 594; x_wconf 91' lang='lat' dir='ltr'>quod</span> <span class='ocrx_word' id='word_1_33' title='bbox 1057 532 1183 579; x_wconf 91' lang='lat' dir='ltr'>sicut</span> <span class='ocrx_word' id='word_1_34' title='bbox 1226 531 1461 589; x_wconf 90' lang='lat' dir='ltr'>homines,</span> <span class='ocrx_word' id='word_1_35' title='bbox 1499 532 1568 579; x_wconf 87' lang='lat' dir='ltr'>ita</span> <span class='ocrx_word' id='word_1_36' title='bbox 1608 547 1803 594; x_wconf 85' lang='lat' dir='ltr'>quoque</span> 
     </span>
    </p>
   </div>
   <div class='ocr_carea' id='block_1_5' title="bbox 134 584 400 621">
    <p class='ocr_par' dir='ltr' id='par_1_5' title="bbox 134 584 400 621">
     <span class='ocr_line' id='line_1_6' title="bbox 134 584 400 621; baseline -0.008 -8"><span class='ocrx_word' id='word_1_37' title='bbox 134 585 292 621; x_wconf 81' lang='lat' dir='ltr'>Scripturis</span> <span class='ocrx_word' id='word_1_38' title='bbox 306 584 400 612; x_wconf 76' lang='lat' dir='ltr'>Sacris</span> 
     </span>
    </p>
   </div>
   <div class='ocr_carea' id='block_1_6' title="bbox 131 609 1804 2941">
    <p class='ocr_par' dir='ltr' id='par_1_6' title="bbox 131 609 1804 2941">
     <span class='ocr_line' id='line_1_7' title="bbox 131 609 1804 676; baseline 0.001 -20"><span class='ocrx_word' id='word_1_39' title='bbox 131 627 274 656; x_wconf 52' lang='lat' dir='ltr'>vocabuit</span> <span class='ocrx_word' id='word_1_40' title='bbox 296 628 374 676; x_wconf 55' lang='lat' dir='ltr'>spiris</span> <span class='ocrx_word' id='word_1_41' title='bbox 418 612 577 674; x_wconf 83' lang='lat' dir='ltr'><strong>angeli</strong></span> <span class='ocrx_word' id='word_1_42' title='bbox 608 612 657 658; x_wconf 90' lang='lat' dir='ltr'>in</span> <span class='ocrx_word' id='word_1_43' title='bbox 687 611 1041 658; x_wconf 86' lang='lat' dir='ltr'>resurrectione</span> <span class='ocrx_word' id='word_1_44' title='bbox 1077 618 1221 658; x_wconf 90' lang='lat' dir='ltr'>erunt</span> <span class='ocrx_word' id='word_1_45' title='bbox 1254 627 1353 658; x_wconf 92' lang='lat' dir='ltr'>non</span> <span class='ocrx_word' id='word_1_46' title='bbox 1387 611 1678 674; x_wconf 76' lang='lat' dir='ltr'>incorporei,</span> <span class='ocrx_word' id='word_1_47' title='bbox 1716 609 1804 658; x_wconf 88' lang='lat' dir='ltr'>sed</span> 
     </span>
     <span class='ocr_line' id='line_1_8' title="bbox 132 670 1802 751; baseline -0.001 -17"><span class='ocrx_word' id='word_1_48' title='bbox 132 670 342 751; x_wconf 45' lang='lat' dir='ltr'>{ssssssfflm&#39;</span> <span class='ocrx_word' id='word_1_49' title='bbox 363 679 402 697; x_wconf 74' lang='lat'>¹¹¹‘</span> <span class='ocrx_word' id='word_1_50' title='bbox 417 694 770 751; x_wconf 83' lang='lat' dir='ltr'>permanentes.</span> <span class='ocrx_word' id='word_1_51' title='bbox 819 686 993 749; x_wconf 84' lang='lat' dir='ltr'>Angeli</span> <span class='ocrx_word' id='word_1_52' title='bbox 1016 686 1181 749; x_wconf 90' lang='lat' dir='ltr'>itaque</span> <span class='ocrx_word' id='word_1_53' title='bbox 1205 702 1363 749; x_wconf 91' lang='lat' dir='ltr'>neque</span> <span class='ocrx_word' id='word_1_54' title='bbox 1381 702 1441 734; x_wconf 87' lang='lat' dir='ltr'>ex</span> <span class='ocrx_word' id='word_1_55' title='bbox 1458 686 1625 734; x_wconf 87' lang='lat' dir='ltr'>Veteri</span> <span class='ocrx_word' id='word_1_56' title='bbox 1643 701 1802 748; x_wconf 90' lang='lat' dir='ltr'>neque</span> 
     </span>
     <span class='ocr_line' id='line_1_9' title="bbox 416 762 1711 825; baseline -0.001 -15"><span class='ocrx_word' id='word_1_57' title='bbox 416 780 474 810; x_wconf 85' lang='lat' dir='ltr'>ex</span> <span class='ocrx_word' id='word_1_58' title='bbox 499 764 639 810; x_wconf 90' lang='lat' dir='ltr'>Novo</span> <span class='ocrx_word' id='word_1_59' title='bbox 663 763 975 810; x_wconf 88' lang='lat' dir='ltr'>Testamento</span> <span class='ocrx_word' id='word_1_60' title='bbox 998 763 1270 825; x_wconf 83' lang='lat' dir='ltr'>probantur</span> <span class='ocrx_word' id='word_1_61' title='bbox 1293 778 1397 810; x_wconf 91' lang='lat' dir='ltr'>esse</span> <span class='ocrx_word' id='word_1_62' title='bbox 1420 762 1711 825; x_wconf 87' lang='lat' dir='ltr'>incorporei.</span> 
     </span>
     <span class='ocr_line' id='line_1_10' title="bbox 485 838 1802 903; baseline 0 -17"><span class='ocrx_word' id='word_1_63' title='bbox 485 838 786 901; x_wconf 86' lang='lat' dir='ltr'>Significatio</span> <span class='ocrx_word' id='word_1_64' title='bbox 811 839 945 886; x_wconf 88' lang='lat' dir='ltr'>vocis</span> <span class='ocrx_word' id='word_1_65' title='bbox 965 838 1235 903; x_wconf 73' lang='lat' dir='ltr'>inspiratio</span> <span class='ocrx_word' id='word_1_66' title='bbox 1260 838 1503 902; x_wconf 88' lang='lat' dir='ltr'>dependet</span> <span class='ocrx_word' id='word_1_67' title='bbox 1517 854 1546 886; x_wconf 89' lang='lat' dir='ltr'>a</span> <span class='ocrx_word' id='word_1_68' title='bbox 1560 853 1681 886; x_wconf 89' lang='lat' dir='ltr'>voce</span> <span class='ocrx_word' id='word_1_69' title='bbox 1698 838 1802 902; x_wconf 85' lang='lat' dir='ltr'>spi-</span> 
     </span>
     <span class='ocr_line' id='line_1_11' title="bbox 416 913 1804 976; baseline 0 -16"><span class='ocrx_word' id='word_1_70' title='bbox 416 914 560 961; x_wconf 85' lang='lat' dir='ltr'>ritas.</span> <span class='ocrx_word' id='word_1_71' title='bbox 631 914 886 976; x_wconf 86' lang='lat' dir='ltr'>Significat</span> <span class='ocrx_word' id='word_1_72' title='bbox 909 920 1074 961; x_wconf 88' lang='lat' dir='ltr'>autem</span> <span class='ocrx_word' id='word_1_73' title='bbox 1096 913 1293 976; x_wconf 85' lang='lat' dir='ltr'>proprie</span> <span class='ocrx_word' id='word_1_74' title='bbox 1312 913 1613 961; x_wconf 88' lang='lat' dir='ltr'>inflationem</span> <span class='ocrx_word' id='word_1_75' title='bbox 1632 929 1804 976; x_wconf 87' lang='lat' dir='ltr'>corpo-</span> 
     </span>
     <span class='ocr_line' id='line_1_12' title="bbox 417 988 1803 1052; baseline -0.001 -15"><span class='ocrx_word' id='word_1_76' title='bbox 417 990 483 1037; x_wconf 85' lang='lat' dir='ltr'>ris</span> <span class='ocrx_word' id='word_1_77' title='bbox 507 990 711 1052; x_wconf 86' lang='lat' dir='ltr'>alicujus</span> <span class='ocrx_word' id='word_1_78' title='bbox 737 989 943 1048; x_wconf 92' lang='lat' dir='ltr'>subtilis,</span> <span class='ocrx_word' id='word_1_79' title='bbox 967 997 1024 1036; x_wconf 87' lang='lat' dir='ltr'>ut</span> <span class='ocrx_word' id='word_1_80' title='bbox 1049 989 1191 1047; x_wconf 88' lang='lat' dir='ltr'>aeris,</span> <span class='ocrx_word' id='word_1_81' title='bbox 1217 988 1268 1036; x_wconf 91' lang='lat' dir='ltr'>in</span> <span class='ocrx_word' id='word_1_82' title='bbox 1291 989 1454 1036; x_wconf 85' lang='lat' dir='ltr'>locum</span> <span class='ocrx_word' id='word_1_83' title='bbox 1483 988 1696 1052; x_wconf 85' lang='lat' dir='ltr'><strong>aliquem</strong></span> <span class='ocrx_word' id='word_1_84' title='bbox 1716 988 1803 1036; x_wconf 90' lang='lat' dir='ltr'>ubi</span> 
     </span>
     <span class='ocr_line' id='line_1_13' title="bbox 416 1063 1803 1127; baseline 0 -16"><span class='ocrx_word' id='word_1_85' title='bbox 416 1072 528 1112; x_wconf 91' lang='lat' dir='ltr'>ante</span> <span class='ocrx_word' id='word_1_86' title='bbox 552 1081 649 1112; x_wconf 90' lang='lat' dir='ltr'>non</span> <span class='ocrx_word' id='word_1_87' title='bbox 673 1071 777 1111; x_wconf 89' lang='lat' dir='ltr'>erat</span> <span class='ocrx_word' id='word_1_88' title='bbox 797 1085 808 1119; x_wconf 92' lang='grc'><strong>;</strong></span> <span class='ocrx_word' id='word_1_89' title='bbox 846 1080 904 1111; x_wconf 89' lang='lat' dir='ltr'>eo</span> <span class='ocrx_word' id='word_1_90' title='bbox 928 1064 1075 1112; x_wconf 92' lang='lat' dir='ltr'>modo</span> <span class='ocrx_word' id='word_1_91' title='bbox 1096 1080 1192 1127; x_wconf 90' lang='lat' dir='ltr'>quo</span> <span class='ocrx_word' id='word_1_92' title='bbox 1213 1064 1318 1127; x_wconf 90' lang='lat' dir='ltr'>quis</span> <span class='ocrx_word' id='word_1_93' title='bbox 1343 1063 1572 1127; x_wconf 86' lang='lat' dir='ltr'>spirando</span> <span class='ocrx_word' id='word_1_94' title='bbox 1591 1064 1803 1111; x_wconf 86' lang='lat' dir='ltr'>vesicam</span> 
     </span>
     <span class='ocr_line' id='line_1_14' title="bbox 416 1139 1802 1203; baseline -0.001 -16"><span class='ocrx_word' id='word_1_95' title='bbox 416 1141 580 1194; x_wconf 89' lang='lat' dir='ltr'>inflat;</span> <span class='ocrx_word' id='word_1_96' title='bbox 616 1139 667 1186; x_wconf 91' lang='lat' dir='ltr'>id</span> <span class='ocrx_word' id='word_1_97' title='bbox 704 1140 836 1202; x_wconf 92' lang='lat' dir='ltr'>quod</span> <span class='ocrx_word' id='word_1_98' title='bbox 871 1139 931 1187; x_wconf 92' lang='lat' dir='ltr'>de</span> <span class='ocrx_word' id='word_1_99' title='bbox 968 1140 1114 1188; x_wconf 91' lang='lat' dir='ltr'>rebus</span> <span class='ocrx_word' id='word_1_100' title='bbox 1143 1139 1443 1203; x_wconf 81' lang='lat' dir='ltr'>incorporeis</span> <span class='ocrx_word' id='word_1_101' title='bbox 1468 1139 1678 1202; x_wconf 84' lang='lat' dir='ltr'><strong>intelligi</strong></span> <span class='ocrx_word' id='word_1_102' title='bbox 1701 1155 1802 1187; x_wconf 91' lang='lat' dir='ltr'>non</span> 
     </span>
     <span class='ocr_line' id='line_1_15' title="bbox 415 1214 1802 1280; baseline -0.001 -17"><span class='ocrx_word' id='word_1_103' title='bbox 415 1223 591 1279; x_wconf 88' lang='lat' dir='ltr'>potest.</span> <span class='ocrx_word' id='word_1_104' title='bbox 661 1216 769 1262; x_wconf 85' lang='lat' dir='ltr'>Vox</span> <span class='ocrx_word' id='word_1_105' title='bbox 809 1232 926 1278; x_wconf 87' lang='lat' dir='ltr'>ergo</span> <span class='ocrx_word' id='word_1_106' title='bbox 960 1215 1229 1280; x_wconf 74' lang='lat' dir='ltr'>inspiratio</span> <span class='ocrx_word' id='word_1_107' title='bbox 1262 1215 1312 1262; x_wconf 91' lang='lat' dir='ltr'>in</span> <span class='ocrx_word' id='word_1_108' title='bbox 1349 1214 1614 1277; x_wconf 85' lang='lat' dir='ltr'>Scripturis</span> <span class='ocrx_word' id='word_1_109' title='bbox 1641 1214 1802 1262; x_wconf 86' lang='lat' dir='ltr'>Sacris</span> 
     </span>
     <span class='ocr_line' id='line_1_16' title="bbox 416 1289 1797 1354; baseline -0.001 -15"><span class='ocrx_word' id='word_1_110' title='bbox 416 1291 745 1354; x_wconf 84' lang='lat' dir='ltr'>metaphorice</span> <span class='ocrx_word' id='word_1_111' title='bbox 787 1298 977 1339; x_wconf 87' lang='lat' dir='ltr'>tautum</span> <span class='ocrx_word' id='word_1_112' title='bbox 1020 1298 1310 1354; x_wconf 87' lang='lat' dir='ltr'>usurpatur:</span> <span class='ocrx_word' id='word_1_113' title='bbox 1347 1298 1403 1338; x_wconf 90' lang='lat' dir='ltr'>ut</span> <span class='ocrx_word' id='word_1_114' title='bbox 1444 1290 1637 1351; x_wconf 88' lang='lat' dir='ltr'>(Genes.</span> <span class='ocrx_word' id='word_1_115' title='bbox 1663 1290 1714 1338; x_wconf 91' lang='lat' dir='ltr'>ii.</span> <span class='ocrx_word' id='word_1_116' title='bbox 1745 1289 1797 1351; x_wconf 96' lang='lat'>7)</span> 
     </span>
     <span class='ocr_line' id='line_1_17' title="bbox 416 1365 1802 1430; baseline -0.001 -16"><span class='ocrx_word' id='word_1_117' title='bbox 416 1367 499 1414; x_wconf 91' lang='lat' dir='ltr'>ubi</span> <span class='ocrx_word' id='word_1_118' title='bbox 524 1367 654 1414; x_wconf 90' lang='lat' dir='ltr'>Deus</span> <span class='ocrx_word' id='word_1_119' title='bbox 681 1366 860 1414; x_wconf 88' lang='lat' dir='ltr'>dicitur</span> <span class='ocrx_word' id='word_1_120' title='bbox 883 1367 1145 1430; x_wconf 84' lang='lat' dir='ltr'>inspirasse</span> <span class='ocrx_word' id='word_1_121' title='bbox 1169 1366 1220 1413; x_wconf 92' lang='lat' dir='ltr'>in</span> <span class='ocrx_word' id='word_1_122' title='bbox 1242 1365 1483 1413; x_wconf 89' lang='lat' dir='ltr'>Adamum</span> <span class='ocrx_word' id='word_1_123' title='bbox 1507 1365 1802 1428; x_wconf 84' lang='lat' dir='ltr'>spiraculum</span> 
     </span>
     <span class='ocr_line' id='line_1_18' title="bbox 415 1441 1803 1506; baseline 0 -18"><span class='ocrx_word' id='word_1_124' title='bbox 415 1442 543 1500; x_wconf 87' lang='lat' dir='ltr'>vitae,</span> <span class='ocrx_word' id='word_1_125' title='bbox 569 1459 655 1505; x_wconf 91' lang='lat' dir='ltr'>per</span> <span class='ocrx_word' id='word_1_126' title='bbox 679 1442 1058 1506; x_wconf 74' lang='lat' dir='ltr'>inspirationem</span> <span class='ocrx_word' id='word_1_127' title='bbox 1080 1441 1371 1504; x_wconf 86' lang='lat' dir='ltr'><strong>intelligitur</strong></span> <span class='ocrx_word' id='word_1_128' title='bbox 1393 1441 1680 1503; x_wconf 72' lang='lat' dir='ltr'>vivificatio,</span> <span class='ocrx_word' id='word_1_129' title='bbox 1737 1441 1803 1488; x_wconf 85' lang='lat' dir='ltr'>Et</span> 
     </span>
     <span class='ocr_line' id='line_1_19' title="bbox 417 1516 1802 1580; baseline -0.003 -14"><span class='ocrx_word' id='word_1_130' title='bbox 417 1525 446 1566; x_wconf 84' lang='lat'>2</span> <span class='ocrx_word' id='word_1_131' title='bbox 462 1519 674 1566; x_wconf 85' lang='lat' dir='ltr'>Timoth.</span> <span class='ocrx_word' id='word_1_132' title='bbox 699 1518 766 1565; x_wconf 90' lang='lat' dir='ltr'>iii.</span> <span class='ocrx_word' id='word_1_133' title='bbox 799 1523 854 1565; x_wconf 88' lang='lat'>16</span> <span class='ocrx_word' id='word_1_134' title='bbox 874 1536 884 1564; x_wconf 92' lang='lat'>:</span> <span class='ocrx_word' id='word_1_135' title='bbox 911 1517 1066 1565; x_wconf 87' lang='lat' dir='ltr'>omnis</span> <span class='ocrx_word' id='word_1_136' title='bbox 1086 1517 1358 1580; x_wconf 79' lang='lat' dir='ltr'>Scriptura</span> <span class='ocrx_word' id='word_1_137' title='bbox 1375 1516 1502 1564; x_wconf 85' lang='lat' dir='ltr'>data</span> <span class='ocrx_word' id='word_1_138' title='bbox 1527 1522 1604 1563; x_wconf 86' lang='lat' dir='ltr'>est</span> <span class='ocrx_word' id='word_1_139' title='bbox 1611 1531 1713 1580; x_wconf 87' lang='lat' dir='ltr'>per</span> <span class='ocrx_word' id='word_1_140' title='bbox 1728 1516 1802 1563; x_wconf 89' lang='lat' dir='ltr'>in-</span> 
     </span>
     <span class='ocr_line' id='line_1_20' title="bbox 416 1591 1802 1658; baseline 0 -18"><span class='ocrx_word' id='word_1_141' title='bbox 416 1594 742 1658; x_wconf 71' lang='lat' dir='ltr'>spirationem</span> <span class='ocrx_word' id='word_1_142' title='bbox 766 1594 1016 1641; x_wconf 85' lang='lat' dir='ltr'>divinam:</span> <span class='ocrx_word' id='word_1_143' title='bbox 1041 1593 1171 1641; x_wconf 91' lang='lat' dir='ltr'>idem</span> <span class='ocrx_word' id='word_1_144' title='bbox 1195 1601 1270 1640; x_wconf 89' lang='lat' dir='ltr'>est</span> <span class='ocrx_word' id='word_1_145' title='bbox 1294 1609 1350 1640; x_wconf 88' lang='lat' dir='ltr'>ac</span> <span class='ocrx_word' id='word_1_146' title='bbox 1376 1592 1416 1639; x_wconf 92' lang='lat' dir='ltr'>si</span> <span class='ocrx_word' id='word_1_147' title='bbox 1435 1591 1652 1650; x_wconf 87' lang='lat' dir='ltr'>dixisset,</span> <span class='ocrx_word' id='word_1_148' title='bbox 1670 1592 1802 1640; x_wconf 90' lang='lat' dir='ltr'>Deus</span> 
     </span>
     <span class='ocr_line' id='line_1_21' title="bbox 417 1667 1803 1732; baseline -0.002 -15"><span class='ocrx_word' id='word_1_149' title='bbox 417 1669 612 1732; x_wconf 89' lang='lat' dir='ltr'>spiritus</span> <span class='ocrx_word' id='word_1_150' title='bbox 632 1670 730 1717; x_wconf 90' lang='lat' dir='ltr'>sive</span> <span class='ocrx_word' id='word_1_151' title='bbox 746 1670 934 1717; x_wconf 86' lang='lat' dir='ltr'>animos</span> <span class='ocrx_word' id='word_1_152' title='bbox 950 1669 1301 1732; x_wconf 88' lang='lat' dir='ltr'>prophetarum</span> <span class='ocrx_word' id='word_1_153' title='bbox 1324 1684 1412 1731; x_wconf 92' lang='lat' dir='ltr'>per</span> <span class='ocrx_word' id='word_1_154' title='bbox 1435 1683 1572 1715; x_wconf 87' lang='lat' dir='ltr'>suam</span> <span class='ocrx_word' id='word_1_155' title='bbox 1591 1667 1803 1730; x_wconf 85' lang='lat' dir='ltr'>gratiam</span> 
     </span>
     <span class='ocr_line' id='line_1_22' title="bbox 417 1743 1802 1808; baseline -0.001 -16"><span class='ocrx_word' id='word_1_156' title='bbox 417 1745 656 1808; x_wconf 84' lang='lat' dir='ltr'>disposuit</span> <span class='ocrx_word' id='word_1_157' title='bbox 670 1746 732 1793; x_wconf 90' lang='lat' dir='ltr'>ad</span> <span class='ocrx_word' id='word_1_158' title='bbox 748 1745 1076 1804; x_wconf 84' lang='lat' dir='ltr'>scribendum,</span> <span class='ocrx_word' id='word_1_159' title='bbox 1097 1761 1207 1807; x_wconf 87' lang='lat' dir='ltr'>quae</span> <span class='ocrx_word' id='word_1_160' title='bbox 1223 1745 1363 1793; x_wconf 88' lang='lat' dir='ltr'>utilia</span> <span class='ocrx_word' id='word_1_161' title='bbox 1376 1745 1542 1791; x_wconf 87' lang='lat' dir='ltr'>futura</span> <span class='ocrx_word' id='word_1_162' title='bbox 1556 1752 1718 1791; x_wconf 89' lang='lat' dir='ltr'>essent</span> <span class='ocrx_word' id='word_1_163' title='bbox 1737 1743 1802 1791; x_wconf 87' lang='lat' dir='ltr'>ad</span> 
     </span>
     <span class='ocr_line' id='line_1_23' title="bbox 419 1819 1804 1884; baseline -0.001 -16"><span class='ocrx_word' id='word_1_164' title='bbox 419 1821 707 1880; x_wconf 83' lang='lat' dir='ltr'>doctrinam,</span> <span class='ocrx_word' id='word_1_165' title='bbox 745 1821 1188 1884; x_wconf 89' lang='lat' dir='ltr'>reprehensionem,</span> <span class='ocrx_word' id='word_1_166' title='bbox 1233 1820 1602 1877; x_wconf 88' lang='lat' dir='ltr'>correctionem,</span> <span class='ocrx_word' id='word_1_167' title='bbox 1641 1827 1692 1867; x_wconf 88' lang='lat' dir='ltr'>et</span> <span class='ocrx_word' id='word_1_168' title='bbox 1730 1819 1804 1867; x_wconf 89' lang='lat' dir='ltr'>in-</span> 
     </span>
     <span class='ocr_line' id='line_1_24' title="bbox 419 1895 1801 1945; baseline -0.001 -1"><span class='ocrx_word' id='word_1_169' title='bbox 419 1897 735 1944; x_wconf 86' lang='lat' dir='ltr'>structionem</span> <span class='ocrx_word' id='word_1_170' title='bbox 750 1898 800 1944; x_wconf 92' lang='lat' dir='ltr'>in</span> <span class='ocrx_word' id='word_1_171' title='bbox 816 1897 894 1945; x_wconf 86' lang='lat' dir='ltr'>via</span> <span class='ocrx_word' id='word_1_172' title='bbox 908 1896 971 1944; x_wconf 87' lang='lat' dir='ltr'>ad</span> <span class='ocrx_word' id='word_1_173' title='bbox 989 1897 1208 1944; x_wconf 89' lang='lat' dir='ltr'>salutem.</span> <span class='ocrx_word' id='word_1_174' title='bbox 1270 1895 1366 1943; x_wconf 93' lang='lat' dir='ltr'>Ubi</span> <span class='ocrx_word' id='word_1_175' title='bbox 1382 1903 1546 1943; x_wconf 87' lang='lat' dir='ltr'>autem</span> <span class='ocrx_word' id='word_1_176' title='bbox 1564 1895 1613 1943; x_wconf 84' lang='lat' dir='ltr'>S.</span> <span class='ocrx_word' id='word_1_177' title='bbox 1626 1895 1801 1943; x_wconf 88' lang='lat' dir='ltr'>Petrus</span> 
     </span>
     <span class='ocr_line' id='line_1_25' title="bbox 422 1969 1803 2034; baseline -0.002 -14"><span class='ocrx_word' id='word_1_178' title='bbox 422 1973 471 2033; x_wconf 86' lang='lat'>(2</span> <span class='ocrx_word' id='word_1_179' title='bbox 498 1973 625 2020; x_wconf 91' lang='lat' dir='ltr'>Petr.</span> <span class='ocrx_word' id='word_1_180' title='bbox 650 1973 681 2020; x_wconf 91' lang='lat' dir='ltr'>i.</span> <span class='ocrx_word' id='word_1_181' title='bbox 707 1974 791 2034; x_wconf 84' lang='lat'>21)</span> <span class='ocrx_word' id='word_1_182' title='bbox 832 1973 901 2021; x_wconf 85' lang='lat' dir='ltr'>sic</span> <span class='ocrx_word' id='word_1_183' title='bbox 937 1973 1082 2021; x_wconf 87' lang='lat' dir='ltr'>dicit:</span> <span class='ocrx_word' id='word_1_184' title='bbox 1121 1972 1236 2020; x_wconf 89' lang='lat' dir='ltr'>Non</span> <span class='ocrx_word' id='word_1_185' title='bbox 1270 1972 1396 2019; x_wconf 86' lang='lat' dir='ltr'>enim</span> <span class='ocrx_word' id='word_1_186' title='bbox 1430 1970 1682 2019; x_wconf 83' lang='lat' dir='ltr'>voluntate</span> <span class='ocrx_word' id='word_1_187' title='bbox 1714 1969 1803 2018; x_wconf 79' lang='lat' dir='ltr'>ha-</span> 
     </span>
     <span class='ocr_line' id='line_1_26' title="bbox 419 2045 1801 2114; baseline -0.001 -19"><span class='ocrx_word' id='word_1_188' title='bbox 419 2065 563 2096; x_wconf 87' lang='lat' dir='ltr'>mana</span> <span class='ocrx_word' id='word_1_189' title='bbox 588 2048 752 2095; x_wconf 86' lang='lat' dir='ltr'>allata</span> <span class='ocrx_word' id='word_1_190' title='bbox 775 2056 852 2096; x_wconf 86' lang='lat' dir='ltr'>est</span> <span class='ocrx_word' id='word_1_191' title='bbox 875 2048 1148 2114; x_wconf 82' lang='lat' dir='ltr'>aliquando</span> <span class='ocrx_word' id='word_1_192' title='bbox 1168 2047 1459 2112; x_wconf 75' lang='lat' dir='ltr'>prophetia,</span> <span class='ocrx_word' id='word_1_193' title='bbox 1483 2046 1578 2093; x_wconf 85' lang='lat' dir='ltr'>sed</span> <span class='ocrx_word' id='word_1_194' title='bbox 1600 2045 1801 2109; x_wconf 81' lang='lat' dir='ltr'>Spiritu</span> 
     </span>
     <span class='ocr_line' id='line_1_27' title="bbox 417 2121 1801 2188; baseline -0.001 -20"><span class='ocrx_word' id='word_1_195' title='bbox 417 2131 590 2171; x_wconf 82' lang='lat' dir='ltr'>saneto</span> <span class='ocrx_word' id='word_1_196' title='bbox 615 2124 870 2188; x_wconf 87' lang='lat' dir='ltr'>inspirati,</span> <span class='ocrx_word' id='word_1_197' title='bbox 896 2124 1089 2188; x_wconf 82' lang='lat' dir='ltr'>loquuti</span> <span class='ocrx_word' id='word_1_198' title='bbox 1112 2129 1226 2171; x_wconf 79' lang='lat' dir='ltr'>sant</span> <span class='ocrx_word' id='word_1_199' title='bbox 1248 2122 1413 2170; x_wconf 87' lang='lat' dir='ltr'>saneti</span> <span class='ocrx_word' id='word_1_200' title='bbox 1429 2121 1531 2169; x_wconf 83' lang='lat' dir='ltr'>Dei</span> <span class='ocrx_word' id='word_1_201' title='bbox 1548 2121 1765 2168; x_wconf 79' lang='lat' dir='ltr'>homines</span> <span class='ocrx_word' id='word_1_202' title='bbox 1783 2139 1801 2168; x_wconf 82' lang='grc'>.-</span> 
     </span>
     <span class='ocr_line' id='line_1_28' title="bbox 417 2196 1802 2263; baseline -0.002 -16"><span class='ocrx_word' id='word_1_203' title='bbox 417 2216 505 2262; x_wconf 86' lang='lat' dir='ltr'>per</span> <span class='ocrx_word' id='word_1_204' title='bbox 528 2201 753 2263; x_wconf 83' lang='lat' dir='ltr'>spiritum</span> <span class='ocrx_word' id='word_1_205' title='bbox 786 2207 1010 2248; x_wconf 84' lang='lat' dir='ltr'>sanctum</span> <span class='ocrx_word' id='word_1_206' title='bbox 1033 2199 1264 2262; x_wconf 84' lang='lat' dir='ltr'>intelligit</span> <span class='ocrx_word' id='word_1_207' title='bbox 1281 2214 1451 2246; x_wconf 89' lang='lat' dir='ltr'>vocem</span> <span class='ocrx_word' id='word_1_208' title='bbox 1475 2197 1567 2245; x_wconf 88' lang='lat' dir='ltr'>Dei</span> <span class='ocrx_word' id='word_1_209' title='bbox 1591 2196 1644 2244; x_wconf 90' lang='lat' dir='ltr'>in</span> <span class='ocrx_word' id='word_1_210' title='bbox 1672 2212 1802 2245; x_wconf 89' lang='lat' dir='ltr'>som-</span> 
     </span>
     <span class='ocr_line' id='line_1_29' title="bbox 416 2272 1802 2339; baseline -0.001 -16"><span class='ocrx_word' id='word_1_211' title='bbox 416 2275 499 2323; x_wconf 88' lang='lat' dir='ltr'>nio</span> <span class='ocrx_word' id='word_1_212' title='bbox 522 2276 598 2323; x_wconf 91' lang='lat' dir='ltr'>vel</span> <span class='ocrx_word' id='word_1_213' title='bbox 615 2276 799 2323; x_wconf 90' lang='lat' dir='ltr'>visione</span> <span class='ocrx_word' id='word_1_214' title='bbox 820 2275 1205 2339; x_wconf 81' lang='lat' dir='ltr'>supernaturali3</span> <span class='ocrx_word' id='word_1_215' title='bbox 1232 2275 1302 2322; x_wconf 90' lang='lat' dir='ltr'>sic</span> <span class='ocrx_word' id='word_1_216' title='bbox 1326 2273 1457 2321; x_wconf 90' lang='lat' dir='ltr'>enim</span> <span class='ocrx_word' id='word_1_217' title='bbox 1475 2272 1708 2335; x_wconf 91' lang='lat' dir='ltr'>loquutus</span> <span class='ocrx_word' id='word_1_218' title='bbox 1726 2278 1802 2321; x_wconf 88' lang='lat' dir='ltr'>est</span> 
     </span>
     <span class='ocr_line' id='line_1_30' title="bbox 417 2347 1801 2413; baseline -0.001 -15"><span class='ocrx_word' id='word_1_219' title='bbox 417 2350 550 2398; x_wconf 89' lang='lat' dir='ltr'>Deus</span> <span class='ocrx_word' id='word_1_220' title='bbox 585 2351 647 2398; x_wconf 85' lang='lat' dir='ltr'>ad</span> <span class='ocrx_word' id='word_1_221' title='bbox 679 2351 958 2413; x_wconf 85' lang='lat' dir='ltr'>prophetas,</span> <span class='ocrx_word' id='word_1_222' title='bbox 995 2366 1092 2398; x_wconf 91' lang='lat' dir='ltr'>non</span> <span class='ocrx_word' id='word_1_223' title='bbox 1137 2357 1301 2397; x_wconf 87' lang='lat' dir='ltr'>autem</span> <span class='ocrx_word' id='word_1_224' title='bbox 1337 2347 1581 2412; x_wconf 88' lang='lat' dir='ltr'>spirando.</span> <span class='ocrx_word' id='word_1_225' title='bbox 1674 2347 1801 2396; x_wconf 89' lang='lat' dir='ltr'>Item</span> 
     </span>
     <span class='ocr_line' id='line_1_31' title="bbox 418 2422 1800 2488; baseline -0.001 -16"><span class='ocrx_word' id='word_1_226' title='bbox 418 2425 612 2488; x_wconf 87' lang='lat' dir='ltr'>quando</span> <span class='ocrx_word' id='word_1_227' title='bbox 639 2426 867 2473; x_wconf 86' lang='lat' dir='ltr'>Servator</span> <span class='ocrx_word' id='word_1_228' title='bbox 890 2433 1058 2472; x_wconf 89' lang='lat' dir='ltr'>noster</span> <span class='ocrx_word' id='word_1_229' title='bbox 1081 2425 1284 2488; x_wconf 88' lang='lat' dir='ltr'>spiravit</span> <span class='ocrx_word' id='word_1_230' title='bbox 1307 2425 1357 2471; x_wconf 93' lang='lat' dir='ltr'>in</span> <span class='ocrx_word' id='word_1_231' title='bbox 1386 2422 1650 2486; x_wconf 90' lang='lat' dir='ltr'>discipulos</span> <span class='ocrx_word' id='word_1_232' title='bbox 1669 2438 1800 2482; x_wconf 90' lang='lat' dir='ltr'>suos,</span> 
     </span>
     <span class='ocr_line' id='line_1_32' title="bbox 419 2497 1799 2564; baseline -0.001 -16"><span class='ocrx_word' id='word_1_233' title='bbox 419 2500 584 2548; x_wconf 87' lang='lat' dir='ltr'>dicens</span> <span class='ocrx_word' id='word_1_234' title='bbox 603 2501 649 2562; x_wconf 92' lang='lat' dir='ltr'>(J</span> <span class='ocrx_word' id='word_1_235' title='bbox 654 2500 796 2548; x_wconf 84' lang='lat' dir='ltr'>oahn.</span> <span class='ocrx_word' id='word_1_236' title='bbox 813 2516 892 2547; x_wconf 83' lang='lat' dir='ltr'>xx.</span> <span class='ocrx_word' id='word_1_237' title='bbox 909 2501 994 2561; x_wconf 83' lang='lat'>22)</span> <span class='ocrx_word' id='word_1_238' title='bbox 1010 2519 1019 2546; x_wconf 90' lang='lat'>:</span> <span class='ocrx_word' id='word_1_239' title='bbox 1041 2500 1259 2563; x_wconf 85' lang='lat' dir='ltr'>aecipite</span> <span class='ocrx_word' id='word_1_240' title='bbox 1276 2499 1516 2564; x_wconf 81' lang='lat' dir='ltr'>Spiritum</span> <span class='ocrx_word' id='word_1_241' title='bbox 1535 2497 1799 2554; x_wconf 63' lang='lat' dir='ltr'>Sanctunu</span> 
     </span>
     <span class='ocr_line' id='line_1_33' title="bbox 418 2573 1799 2638; baseline 0 -16"><span class='ocrx_word' id='word_1_242' title='bbox 418 2591 515 2623; x_wconf 91' lang='lat' dir='ltr'>non</span> <span class='ocrx_word' id='word_1_243' title='bbox 538 2575 692 2624; x_wconf 88' lang='lat' dir='ltr'>voluit</span> <span class='ocrx_word' id='word_1_244' title='bbox 725 2575 932 2623; x_wconf 86' lang='lat' dir='ltr'>halitum</span> <span class='ocrx_word' id='word_1_245' title='bbox 967 2591 1122 2634; x_wconf 90' lang='lat' dir='ltr'>suum,</span> <span class='ocrx_word' id='word_1_246' title='bbox 1149 2576 1235 2623; x_wconf 92' lang='lat' dir='ltr'>sed</span> <span class='ocrx_word' id='word_1_247' title='bbox 1258 2575 1471 2623; x_wconf 86' lang='lat' dir='ltr'>divinam</span> <span class='ocrx_word' id='word_1_248' title='bbox 1493 2573 1702 2638; x_wconf 85' lang='lat' dir='ltr'>gratiam</span> <span class='ocrx_word' id='word_1_249' title='bbox 1724 2574 1799 2622; x_wconf 89' lang='lat' dir='ltr'>in-</span> 
     </span>
     <span class='ocr_line' id='line_1_34' title="bbox 418 2649 1801 2714; baseline 0.001 -17"><span class='ocrx_word' id='word_1_250' title='bbox 418 2651 586 2713; x_wconf 88' lang='lat' dir='ltr'>telligi.</span> <span class='ocrx_word' id='word_1_251' title='bbox 658 2652 781 2699; x_wconf 88' lang='lat' dir='ltr'>Item</span> <span class='ocrx_word' id='word_1_252' title='bbox 808 2651 1039 2698; x_wconf 87' lang='lat' dir='ltr'>Servator</span> <span class='ocrx_word' id='word_1_253' title='bbox 1063 2658 1229 2699; x_wconf 88' lang='lat' dir='ltr'>noster</span> <span class='ocrx_word' id='word_1_254' title='bbox 1247 2652 1364 2714; x_wconf 90' lang='lat' dir='ltr'>ipse,</span> <span class='ocrx_word' id='word_1_255' title='bbox 1391 2649 1585 2713; x_wconf 85' lang='lat' dir='ltr'>quando</span> <span class='ocrx_word' id='word_1_256' title='bbox 1621 2649 1801 2698; x_wconf 89' lang='lat' dir='ltr'>dicitur</span> 
     </span>
     <span class='ocr_line' id='line_1_35' title="bbox 417 2725 1799 2790; baseline 0 -17"><span class='ocrx_word' id='word_1_257' title='bbox 417 2726 589 2788; x_wconf 87' lang='lat' dir='ltr'>plenus</span> <span class='ocrx_word' id='word_1_258' title='bbox 619 2727 805 2790; x_wconf 84' lang='lat' dir='ltr'>Spiritu</span> <span class='ocrx_word' id='word_1_259' title='bbox 829 2733 1014 2784; x_wconf 88' lang='lat' dir='ltr'>sancto,</span> <span class='ocrx_word' id='word_1_260' title='bbox 1039 2743 1138 2774; x_wconf 90' lang='lat' dir='ltr'>non</span> <span class='ocrx_word' id='word_1_261' title='bbox 1163 2726 1453 2789; x_wconf 85' lang='lat' dir='ltr'>intelligitur</span> <span class='ocrx_word' id='word_1_262' title='bbox 1477 2725 1799 2774; x_wconf 81' lang='lat' dir='ltr'>substantiam</span> 
     </span>
     <span class='ocr_line' id='line_1_36' title="bbox 419 2801 1800 2865; baseline 0.001 -17"><span class='ocrx_word' id='word_1_263' title='bbox 419 2801 632 2850; x_wconf 87' lang='lat' dir='ltr'>divinam</span> <span class='ocrx_word' id='word_1_264' title='bbox 657 2818 715 2850; x_wconf 91' lang='lat' dir='ltr'>eo</span> <span class='ocrx_word' id='word_1_265' title='bbox 738 2810 958 2865; x_wconf 90' lang='lat' dir='ltr'>tempore</span> <span class='ocrx_word' id='word_1_266' title='bbox 982 2802 1188 2849; x_wconf 86' lang='lat' dir='ltr'>infusam</span> <span class='ocrx_word' id='word_1_267' title='bbox 1214 2818 1318 2850; x_wconf 87' lang='lat' dir='ltr'>esse</span> <span class='ocrx_word' id='word_1_268' title='bbox 1339 2822 1351 2856; x_wconf 90' lang='grc'><strong>;</strong></span> <span class='ocrx_word' id='word_1_269' title='bbox 1388 2817 1502 2849; x_wconf 87' lang='lat' dir='ltr'>nam</span> <span class='ocrx_word' id='word_1_270' title='bbox 1527 2801 1660 2849; x_wconf 85' lang='lat' dir='ltr'>Deus</span> <span class='ocrx_word' id='word_1_271' title='bbox 1694 2808 1800 2849; x_wconf 83' lang='lat' dir='ltr'>erat</span> 
     </span>
     <span class='ocr_line' id='line_1_37' title="bbox 420 2876 1800 2941; baseline 0.001 -18"><span class='ocrx_word' id='word_1_272' title='bbox 420 2876 641 2925; x_wconf 88' lang='lat' dir='ltr'>Christus</span> <span class='ocrx_word' id='word_1_273' title='bbox 676 2878 737 2925; x_wconf 87' lang='lat' dir='ltr'>ab</span> <span class='ocrx_word' id='word_1_274' title='bbox 773 2885 955 2925; x_wconf 82' lang='lat' dir='ltr'>aeterno</span> <span class='ocrx_word' id='word_1_275' title='bbox 977 2898 988 2932; x_wconf 91' lang='lat'>;</span> <span class='ocrx_word' id='word_1_276' title='bbox 1025 2877 1111 2925; x_wconf 91' lang='lat' dir='ltr'>sed</span> <span class='ocrx_word' id='word_1_277' title='bbox 1135 2878 1324 2925; x_wconf 86' lang='lat' dir='ltr'>divinas</span> <span class='ocrx_word' id='word_1_278' title='bbox 1348 2877 1530 2941; x_wconf 83' lang='lat' dir='ltr'>gratias</span> <span class='ocrx_word' id='word_1_279' title='bbox 1552 2877 1604 2924; x_wconf 88' lang='lat' dir='ltr'>in</span> <span class='ocrx_word' id='word_1_280' title='bbox 1627 2876 1800 2924; x_wconf 80' lang='lat' dir='ltr'>huma-</span> 
     </span>
    </p>
   </div>
   <div class='ocr_carea' id='block_1_7' title="bbox 1886 2449 1968 3236">
    <p class='ocr_par' dir='ltr' id='par_1_7' title="bbox 1886 2449 1968 3236">
     <span class='ocr_line' id='line_1_38' title="bbox 1886 2449 1968 3236; baseline 0 0"><span class='ocrx_word' id='word_1_281' title='bbox 1886 2449 1968 3236; x_wconf 95' lang='lat' dir='ltr'> </span> 
     </span>
    </p>
   </div>
  </div>
 </body>
</html>
