1968 3236
498 285 567 319 na
594 284 851 319 civrrATE
880 284 1235 320 cums-rimu.
1450 274 1552 325 ,267

174 395 408 445 visionem
431 413 461 444 a
485 397 588 445 Deo
613 396 789 444 vidisse
813 404 896 443 aut
919 412 1088 444 vocem
1120 395 1314 444 audisse
1346 411 1398 443 se
1421 395 1554 454 dicit,
1572 417 1675 449 cAp.
1684 416 1835 449 xxxn.

175 471 438 520 somniasse
469 472 723 526 credetur;
759 487 888 534 saepe
923 472 1053 519 enim
1088 481 1138 520 et
1171 471 1314 520 facile
1336 472 1472 519 vanis
1504 481 1555 520 et
1613 470 1801 546 m

173 546 410 611 imperitis
441 546 715 594 hominibus
755 547 943 594 somnia
965 547 1190 595 illudunt.
1260 546 1358 596 Qui
1388 563 1556 611 super-
1611 560 1658 588 ch
1662 527 1786 589 Ρ-οᾱιιιω

172 622 462 670 naturaliter
496 622 779 685 inspiratam
819 623 910 669 sibi
952 638 1054 671 esse
1085 640 1116 670 a
1145 623 1250 671 Deo
1282 622 1556 671 doctrinam
1610 613 1701 642 ”¹¹⁰⁰
1703 604 1767 641 Ph*

173 697 386 761 aliquam
421 713 595 744 novam
628 697 762 754 dicit,
786 713 815 744 a
838 698 1171 760 sapientibus
1158 698 1342 761 lngenii
1364 699 1438 746 sui
1469 697 1556 746 ad-

174 773 430 821 miratione
453 772 665 820 insanire
689 772 1003 836 intelligetur.
1074 774 1365 837 Quanquam
1391 784 1556 822 autem

174 848 226 896 in
259 848 462 906 somnio,
497 849 546 896 in
583 849 783 899 visione,
820 865 907 912 per
938 865 1108 897 vocem
1145 858 1196 897 et
1230 865 1318 912 per
1353 850 1559 914 inspira-

173 923 359 972 tionem
393 924 638 972 hominem
673 924 852 987 alloqui
883 933 1045 987 potest
1082 925 1212 972 Deus
1235 925 1557 989 omnipotens,

173 998 357 1048 dicenti
394 1009 558 1048 tamen
599 1000 754 1047 Deum
795 1000 884 1047 sibi
923 1001 993 1048 ita
1022 1001 1279 1085 10111111111111
1313 1016 1417 1048 0550
1453 1017 1558 1048 010-

175 1074 292 1123 dere
315 1075 558 1139 obligatur
589 1092 748 1133 nemo,
774 1075 957 1122 homini
990 1075 1176 1123 scilieet
1199 1076 1283 1139 qui
1306 1085 1356 1124 et
1379 1092 1557 1135 errare,

174 1159 227 1199 et
250 1151 381 1214 quod
403 1153 542 1214 pejus
567 1161 655 1208 est,
681 1151 878 1198 mentiri
900 1159 1076 1222 potest.
1127 1151 1317 1200 Quibus
1340 1168 1458 1215 ergo
1482 1168 1559 1199 ra-

174 1227 390 1274 tionibus
414 1226 516 1274 sine
541 1226 703 1274 divina
718 1212 1011 1274 revelatiod‘,
1036 1226 1306 1291 intelligere
1328 1227 1556 1291 possibile

173 1311 265 1360 aet,
289 1303 398 1365 quis
421 1303 484 1350 sit
507 1303 582 1350 vel
614 1319 711 1350 non
748 1303 812 1350 sit
845 1303 1085 1366 propheta
1107 1304 1288 1351 verus?
1359 1304 1415 1351 In
1440 1319 1560 1366 qua-

174 1378 447 1442 dringentis
469 1378 735 1442 prophetis,
754 1394 877 1441 (11105
899 1380 946 1438 (1
969 1379 1088 1442 Reg.
1104 1379 1219 1426 xxij.
1234 1380 1289 1441 6)
1316 1379 1559 1427 consuluit

175 1469 261 1502 rex
281 1454 470 1501 Israelis
488 1454 548 1502 de
564 1454 691 1501 bello
705 1454 921 1516 gerendo
945 1463 1118 1502 contra
1138 1454 1558 1512 Ramoth-Gilead,

172 1544 317 1577 verus
363 1538 467 1576 erat
513 1529 685 1576 unicus
732 1529 959 1577 Micaiah.
1047 1530 1290 1593 Propheta
1333 1530 1429 1587 ille,
1475 1530 1559 1593 qui

178 1605 221 1665 (Ι
257 1605 375 1668 Reg.
400 1605 525 1664 xiii.)
562 1605 733 1652 missus
773 1621 802 1652 a
831 1606 935 1653 Deo
965 1613 1039 1653 est
1072 1605 1136 1652 ad
1168 1606 1559 1670 prophetandum

173 1686 348 1728 contra
383 1680 535 1727 altare
563 1680 695 1743 quod
721 1690 1004 1728 extruxerat
1024 1681 1053 1728 J
1057 1681 1300 1740 eroboam,
1323 1681 1562 1744 propheta

174 1755 266 1804 Dei
283 1765 404 1813 erat,
423 1764 472 1803 et
492 1755 723 1803 miracula
740 1764 967 1819 operatus
985 1765 1061 1804 est
1080 1772 1244 1804 coram
1262 1772 1378 1820 rege
1394 1778 1406 1812 ;
1430 1757 1560 1805 idem

174 1837 339 1879 tamen
362 1832 423 1879 ab
446 1831 542 1879 alio
567 1832 807 1895 propheta
825 1832 1058 1895 deceptus
1073 1839 1162 1888 est,
1177 1832 1261 1895 qui
1284 1831 1448 1880 divino
1472 1848 1559 1881 no-

173 1906 306 1954 mine
329 1907 506 1955 abusus
529 1916 618 1955 est.
689 1907 740 1955 Si
759 1907 998 1971 propheta
1019 1907 1305 1970 prophetam
1324 1923 1423 1955 non
1446 1924 1560 1971 cog·

174 1989 360 2041 noscat,
375 1983 619 2046 quomodo
639 1983 864 2047 possibile
883 1991 959 2031 est
974 1992 1030 2031 ut
1046 1982 1272 2031 voluntas
1290 1983 1382 2031 Dei
1405 1993 1557 2043 certo,

173 2066 501 2122 praeterquam
536 2059 727 2107 ratione
761 2058 989 2117 naturali,
1023 2059 1379 2122 cognoscatur?
1462 2060 1556 2107 Re-

174 2133 405 2197 spondeo‚
430 2134 527 2181 duo
551 2150 655 2181 aese
691 2134 742 2181 in
766 2134 1031 2198 Scripturis
1053 2134 1265 2183 indicata
1304 2135 1557 2198 prophetae

174 2209 279 2256 veri
314 2209 468 2272 signa,
505 2210 679 2272 quibus
713 2211 1027 2274 conjunctim,
1062 2226 1161 2258 non
1200 2211 1415 2269 seorsim,
1446 2227 1557 2275 pro-

174 2283 323 2347 pheta
351 2300 494 2332 verus
529 2284 860 2348 dignoscatur.
930 2286 1157 2344 Seorsim‚
1191 2286 1405 2349 inquam,
1436 2302 1556 2334 neu-

175 2366 307 2406 trum
329 2359 503 2407 horum
522 2360 772 2423 signorum
797 2361 989 2409 sufficit.
1038 2360 1097 2408 Si
1117 2362 1416 2419 surrexerit,
1435 2362 1557 2410 dicit

176 2433 308 2482 Deus
335 2434 503 2494 (Dent.
528 2435 628 2483 xiii.
656 2437 776 2497 1-5)‚
813 2436 863 2484 in
886 2437 1043 2485 medio
1077 2437 1150 2484 tui
1175 2437 1446 2501 propheta,
1470 2444 1558 2485 aut

175 2509 263 2574 qui
284 2510 515 2557 somnium
545 2510 731 2558 vidisse
762 2527 819 2558 se
849 2512 1005 2570 dicat,
1029 2519 1082 2560 et
1108 2512 1419 2577 praedixerit
1450 2513 1558 2577 sig-

177 2599 287 2631 num
325 2590 475 2648 atque
503 2592 807 2649 portentum,
830 2594 881 2635 et
915 2588 1135 2635 evenerit
1165 2587 1301 2651 quod
1327 2587 1557 2651 loquutus

178 2664 255 2706 eet
269 2676 288 2712 ,·
312 2665 361 2706 et
388 2658 576 2707 dixerit
598 2660 692 2708 tibi
709 2680 727 2709 :
762 2678 927 2710 eamus
948 2670 999 2711 et
1021 2678 1284 2727 sequamur
1306 2662 1441 2710 Deos
1458 2663 1556 2711 ah·-

178 2749 295 2780 enos
317 2750 440 2798 quoe
463 2734 688 2800 ignoras,
701 2743 754 2784 et
775 2738 1045 2786 serviamus
1062 2738 1136 2786 eis
1154 2742 1175 2785 !
1242 2737 1356 2785 Nou
1379 2738 1556 2786 audies

177 2807 330 2855 verba
352 2809 620 2873 prophetae
643 2810 780 2858 illius
802 2819 892 2860 aut
911 2812 1243 2870 somniatoris,
1267 2819 1361 2861 ete.
1435 2814 1556 2861 Pro—

170 2883 331 2946 pheta
353 2890 516 2932 autem
535 2884 624 2933 ille
644 2892 695 2934 et
700 2886 863 2948 fictor
884 2889 1175 2936 somniorum
1198 2887 1523 2950 iuterfice'etur
1539 2909 1557 2944 ‚-
