1968 3236
170 367 272 398 CAP.
289 367 397 399 XLV.

191 423 379 443 b-—fd

155 460 199 488 De
213 459 382 488 doemonolo-

151 503 200 539 gia
212 506 240 530 et
253 502 382 540 reliquiis

155 546 219 574 aliis
232 546 404 582 religionum

153 589 343 618 ethnicarum.

435 229 530 271 488
766 239 836 272 DE
862 238 1049 271 REGNo
1077 235 1478 271 TENEBRARUM.

435 350 498 398 ad
521 350 701 398 cultum
723 351 985 412 imaginum
1012 349 1192 397 Christi
1216 357 1265 396 et
1289 356 1568 396 sanctorum
1585 347 1810 411 perducti

436 432 562 473 sunt.
646 426 857 472 Fuerunt
893 433 1057 472 tamen
1092 431 1203 487 post
1240 423 1614 471 Constantinum
1657 422 1809 486 impe-

436 509 620 548 ratores
640 501 803 564 aliqui,
829 508 878 547 et
903 500 1130 563 episcopi,
1156 507 1203 547 et
1227 500 1431 547 concilia
1450 499 1710 562 generalia,
1726 498 1809 562 qui

435 576 666 638 imagines
684 576 853 623 tollere
877 575 1039 623 conati
1065 584 1192 634 sunt,
1213 575 1298 622 sed
1321 591 1444 622 sero.

500 650 659 697 Etiam
705 650 1015 697 canonizatio
1061 656 1344 697 sanctorum
1383 666 1410 696 ε·-
1445 649 1661 712 reliquiis
1706 655 1812 697 erat

435 725 722 782 ethnicismi,
746 741 842 772 non
876 742 905 772 a
940 725 1202 788 Scripturis
1235 724 1360 772 male
1391 724 1648 772 intellectis
1679 732 1809 784 nata,

434 817 588 863 neque
614 801 847 848 Romanae
871 801 1087 848 ecclesiae
1110 801 1362 848 inventum
1381 817 1577 859 novum,
1595 800 1681 848 sed
1696 817 1812 848 con-

434 876 636 924 suetudo
661 892 759 923 non
783 877 942 923 minus
962 876 1162 939 antiqua
1178 892 1323 938 quam
1342 883 1448 923 erat
1465 876 1571 940 ipsa
1590 876 1812 924 Romana

435 951 618 999 civitas.
690 952 877 998 Primus
902 951 1135 1010 omnium,
1171 951 1253 1013 qui
1291 952 1460 999 Romae
1497 951 1812 999 canonizatus

434 1034 521 1084 est,
562 1034 666 1074 erat
697 1027 964 1082 Romulus3
1002 1043 1144 1090 quem
1180 1027 1338 1074 Julius
1374 1027 1604 1075 Proculus
1646 1043 1811 1075 coram

435 1109 606 1149 senatu
625 1103 808 1165 juravit
841 1103 1020 1150 vidisse
1055 1118 1105 1149 se
1143 1109 1192 1150 et
1233 1103 1514 1150 convenisse
1553 1110 1811 1165 postquam

434 1185 558 1225 esset
581 1186 816 1236 mortuus,
841 1179 1163 1226 affirmantem
1179 1178 1309 1241 quod
1332 1179 1380 1225 in
1407 1178 1528 1226 coelo
1553 1178 1811 1237 habitaret,

434 1261 483 1300 et
507 1261 764 1301 vocaretur
787 1254 855 1301 ibi
881 1254 1131 1312 Quirinus,
1163 1254 1626 1317 promittentemque
1648 1254 1813 1317 propi-

436 1330 558 1376 tium
578 1345 627 1376 se
648 1330 832 1377 civitati
855 1329 1075 1377 futurum
1097 1345 1229 1383 esse;
1255 1337 1304 1376 et
1317 1338 1576 1392 propterea
1594 1346 1623 1377 a
1641 1337 1814 1378 senatu

435 1406 563 1452 Deus
600 1405 873 1453 declaratus
910 1414 1001 1453 est.
1089 1407 1201 1453 Post
1235 1404 1371 1452 illum
1393 1405 1551 1453 Julius
1577 1405 1740 1453 Caesar
1762 1413 1813 1453 et

435 1481 516 1528 alii
541 1480 737 1543 quidam
762 1481 1079 1545 imperatores
1103 1481 1377 1530 canonizati
1401 1488 1555 1539 erant,
1580 1489 1630 1529 et
1649 1481 1814 1545 appel-

436 1556 520 1603 lati
544 1555 670 1603 Divi.

504 1632 541 1678 A
582 1632 813 1679 Romanis
848 1631 1055 1679 ethnicis
1079 1632 1227 1679 etiam
1265 1638 1352 1689 est,
1385 1631 1517 1694 quod
1541 1632 1685 1695 Papae
1720 1631 1813 1679 sibi

438 1714 710 1754 sumserunt
728 1723 906 1754 nomen
942 1707 1188 1755 Pontificis
1224 1706 1440 1754 Maximi.
1511 1706 1623 1754 Non
1648 1714 1813 1754 tamen

436 1797 614 1829 nomen
650 1781 770 1829 illud
806 1790 919 1829 ante
954 1789 1245 1840 sumserunt,
1272 1798 1415 1845 quam
1439 1782 1536 1829 vim
1561 1798 1699 1829 suam
1722 1782 1814 1830 im-

436 1857 624 1920 perium
671 1858 721 1904 in
774 1858 913 1905 Italia
961 1857 1238 1921 perdiderat
1262 1879 1274 1910 ;
1332 1874 1445 1905 nam
1497 1858 1814 1906 Pontificatus

438 1949 614 1996 magna
660 1949 860 1980 summae
904 1933 1162 1997 potestatis
1208 1948 1321 1996 pars
1361 1939 1479 1980 erat.
1564 1933 1814 1996 Augustus

439 2009 615 2067 Caesar,
657 2025 767 2056 cum
813 2016 992 2057 statum
1039 2010 1312 2057 Romanum
1353 2025 1383 2056 a
1422 2009 1719 2057 democratia
1762 2008 1813 2057 in

437 2085 767 2132 monarchiam
805 2093 1127 2144 converteret,
1173 2086 1342 2133 titulos
1389 2086 1510 2134 duos
1556 2086 1683 2134 solos
1722 2086 1814 2134 sibi

439 2160 581 2222 cepit,
605 2160 808 2208 Tribuni
842 2161 996 2224 plebis
1031 2169 1081 2208 et
1112 2161 1358 2209 Pontificis
1394 2161 1613 2220 Maximi,
1639 2161 1814 2225 quibus

438 2235 693 2298 imperium
716 2235 977 2299 integrum,
1012 2245 1116 2285 tum
1151 2252 1314 2284 rerum
1338 2237 1551 2285 civilium
1574 2245 1679 2285 tum
1703 2236 1815 2285 reli·

438 2310 611 2373 gionis,
648 2312 1021 2368 continebatur;
1058 2329 1202 2376 quam
1235 2320 1528 2376 potestatem
1553 2313 1700 2360 etiam
1724 2313 1814 2360 im-

438 2395 702 2448 peratores,
722 2388 805 2451 qui
825 2389 1107 2452 subsequuti
1123 2396 1252 2447 sunt,
1269 2389 1385 2437 dum
1403 2389 1540 2436 stetit
1558 2388 1814 2452 imperium

439 2461 757 2510 retinuerunt.
845 2462 991 2511 Quod
1025 2470 1187 2511 autem
1223 2464 1476 2527 episcopus
1502 2464 1750 2511 Romanus
1784 2478 1815 2511 a

440 2535 758 2585 Constantino
788 2538 972 2600 Magno
995 2538 1233 2601 episcopis
1253 2539 1440 2586 caeteris
1463 2538 1692 2602 praelatus
1708 2537 1813 2586 fue-

439 2611 517 2668 rit,
543 2628 689 2660 causa
711 2628 809 2660 non
833 2620 938 2660 erat
958 2613 1088 2676 quod
1113 2613 1256 2661 Petro
1281 2613 1417 2677 quasi
1441 2612 1650 2677 principi
1673 2628 1814 2676 apos-

440 2686 649 2735 tolorum
673 2688 722 2736 in
758 2688 990 2736 cathedra
1024 2688 1244 2736 Romana
1269 2689 1566 2748 succederet,
1591 2688 1677 2736 sed
1699 2688 1815 2752 quia.

439 2761 626 2824 imperii
651 2762 790 2810 sedes
819 2771 924 2811 erat
953 2763 1069 2811 urbs
1107 2764 1355 2819 Romana3
1390 2772 1447 2812 ut
1469 2780 1529 2811 ex
1565 2780 1623 2812 eo
1658 2764 1813 2812 mani-

437 2834 611 2885 festum
637 2847 726 2896 est,
751 2838 881 2902 quod
904 2855 1014 2887 cum
1038 2839 1152 2887 urbs
1190 2839 1634 2903 Constantinopolis
1665 2839 1813 2888 etiam
