<?xml version="1.0" encoding="UTF-8"?>
<!DOCTYPE html PUBLIC "-//W3C//DTD XHTML 1.0 Transitional//EN"
    "http://www.w3.org/TR/xhtml1/DTD/xhtml1-transitional.dtd">
<html xmlns="http://www.w3.org/1999/xhtml" xml:lang="en" lang="en">
 <head>
  <title>
</title>
<meta http-equiv="Content-Type" content="text/html;charset=utf-8" />
  <meta name='ocr-system' content='tesseract 3.04.00' />
  <meta name='ocr-capabilities' content='ocr_page ocr_carea ocr_par ocr_line ocrx_word'/>
</head>
<body>
  <div class='ocr_page' id='page_1' title='image "./operaphilosophic03hobbuoft_0519.png"; bbox 0 0 1968 3236; ppageno 0'>
   <div class='ocr_carea' id='block_1_1' title="bbox 550 242 1614 288">
    <p class='ocr_par' dir='ltr' id='par_1_1' title="bbox 550 242 1614 288">
     <span class='ocr_line' id='line_1_1' title="bbox 550 242 1614 288; baseline 0 -3"><span class='ocrx_word' id='word_1_1' title='bbox 550 251 838 287; x_wconf 70' lang='lat' dir='ltr'>APPssNnix</span> <span class='ocrx_word' id='word_1_2' title='bbox 862 254 935 287; x_wconf 75' lang='grc' dir='ltr'>Λυ</span> <span class='ocrx_word' id='word_1_3' title='bbox 963 253 1303 288; x_wconf 61' lang='lat' dir='ltr'>avum-iux.</span> <span class='ocrx_word' id='word_1_4' title='bbox 1505 242 1614 286; x_wconf 86' lang='lat'>-519</span> 
     </span>
    </p>
   </div>
   <div class='ocr_carea' id='block_1_2' title="bbox 216 360 1623 2914">
    <p class='ocr_par' dir='ltr' id='par_1_2' title="bbox 219 360 1613 506">
     <span class='ocr_line' id='line_1_2' title="bbox 219 360 1613 429; baseline 0.003 -21"><span class='ocrx_word' id='word_1_5' title='bbox 219 360 445 426; x_wconf 73' lang='lat' dir='ltr'>genitum</span> <span class='ocrx_word' id='word_1_6' title='bbox 467 369 560 421; x_wconf 89' lang='lat' dir='ltr'>est,</span> <span class='ocrx_word' id='word_1_7' title='bbox 584 380 616 411; x_wconf 93' lang='lat' dir='ltr'>a</span> <span class='ocrx_word' id='word_1_8' title='bbox 636 363 835 429; x_wconf 82' lang='lat' dir='ltr'><em>Spiritu</em></span> <span class='ocrx_word' id='word_1_9' title='bbox 859 365 1046 414; x_wconf 84' lang='lat' dir='ltr'>Sancto</span> <span class='ocrx_word' id='word_1_10' title='bbox 1064 373 1157 415; x_wconf 88' lang='lat' dir='ltr'>est.</span> <span class='ocrx_word' id='word_1_11' title='bbox 1194 365 1342 416; x_wconf 81' lang='lat' dir='ltr'>Quod</span> <span class='ocrx_word' id='word_1_12' title='bbox 1363 365 1434 414; x_wconf 86' lang='lat' dir='ltr'>ita</span> <span class='ocrx_word' id='word_1_13' title='bbox 1455 371 1613 424; x_wconf 82' lang='lat' dir='ltr'>sonat,</span> 
     </span>
     <span class='ocr_line' id='line_1_3' title="bbox 224 436 1613 506; baseline 0.002 -22"><span class='ocrx_word' id='word_1_14' title='bbox 224 451 284 485; x_wconf 85' lang='lat' dir='ltr'>ae</span> <span class='ocrx_word' id='word_1_15' title='bbox 297 436 339 485; x_wconf 87' lang='lat' dir='ltr'>si</span> <span class='ocrx_word' id='word_1_16' title='bbox 358 437 567 501; x_wconf 87' lang='lat' dir='ltr'>Spiritus</span> <span class='ocrx_word' id='word_1_17' title='bbox 584 439 792 488; x_wconf 85' lang='lat' dir='ltr'>Sanctus</span> <span class='ocrx_word' id='word_1_18' title='bbox 806 451 934 489; x_wconf 90' lang='lat' dir='ltr'>esset</span> <span class='ocrx_word' id='word_1_19' title='bbox 953 442 1059 490; x_wconf 89' lang='lat' dir='ltr'><strong>Filii</strong></span> <span class='ocrx_word' id='word_1_20' title='bbox 1073 441 1283 506; x_wconf 88' lang='lat' dir='ltr'>genitor,</span> <span class='ocrx_word' id='word_1_21' title='bbox 1291 441 1343 490; x_wconf 93' lang='lat' dir='ltr'>id</span> <span class='ocrx_word' id='word_1_22' title='bbox 1357 450 1447 498; x_wconf 88' lang='lat' dir='ltr'>est,</span> <span class='ocrx_word' id='word_1_23' title='bbox 1455 441 1613 489; x_wconf 89' lang='lat' dir='ltr'>Pater.</span> 
     </span>
    </p>

    <p class='ocr_par' dir='ltr' id='par_1_3' title="bbox 225 512 1615 639">
     <span class='ocr_line' id='line_1_4' title="bbox 290 512 1615 580; baseline 0.002 -20"><span class='ocrx_word' id='word_1_24' title='bbox 290 512 356 560; x_wconf 91' lang='lat' dir='ltr'>B.</span> <span class='ocrx_word' id='word_1_25' title='bbox 393 513 563 562; x_wconf 78' lang='lat' dir='ltr'>Quid?</span> <span class='ocrx_word' id='word_1_26' title='bbox 601 515 776 563; x_wconf 90' lang='lat' dir='ltr'>Nonne</span> <span class='ocrx_word' id='word_1_27' title='bbox 802 516 1011 580; x_wconf 86' lang='lat' dir='ltr'><strong>Spiritus</strong></span> <span class='ocrx_word' id='word_1_28' title='bbox 1031 517 1125 565; x_wconf 90' lang='lat' dir='ltr'>Dei</span> <span class='ocrx_word' id='word_1_29' title='bbox 1148 524 1222 565; x_wconf 88' lang='lat' dir='ltr'>est</span> <span class='ocrx_word' id='word_1_30' title='bbox 1240 517 1388 575; x_wconf 82' lang='lat' dir='ltr'>DeuS‚</span> <span class='ocrx_word' id='word_1_31' title='bbox 1414 524 1464 564; x_wconf 92' lang='lat' dir='ltr'>et</span> <span class='ocrx_word' id='word_1_32' title='bbox 1485 515 1615 563; x_wconf 89' lang='lat' dir='ltr'>idem</span> 
     </span>
     <span class='ocr_line' id='line_1_5' title="bbox 225 587 917 639; baseline 0.003 -4"><span class='ocrx_word' id='word_1_33' title='bbox 225 587 358 636; x_wconf 83' lang='lat' dir='ltr'>Deus</span> <span class='ocrx_word' id='word_1_34' title='bbox 385 604 497 637; x_wconf 89' lang='lat' dir='ltr'>cum</span> <span class='ocrx_word' id='word_1_35' title='bbox 523 589 643 637; x_wconf 84' lang='lat' dir='ltr'>Filio</span> <span class='ocrx_word' id='word_1_36' title='bbox 667 599 717 637; x_wconf 93' lang='lat' dir='ltr'>et</span> <span class='ocrx_word' id='word_1_37' title='bbox 742 590 917 639; x_wconf 80' lang='lat' dir='ltr'>Patre?</span> 
     </span>
    </p>

    <p class='ocr_par' dir='ltr' id='par_1_4' title="bbox 291 663 1539 731">
     <span class='ocr_line' id='line_1_6' title="bbox 291 663 1539 731; baseline 0.002 -20"><span class='ocrx_word' id='word_1_38' title='bbox 291 663 357 711; x_wconf 84' lang='lat' dir='ltr'>A.</span> <span class='ocrx_word' id='word_1_39' title='bbox 395 664 655 713; x_wconf 81' lang='lat' dir='ltr'>Quomodo</span> <span class='ocrx_word' id='word_1_40' title='bbox 679 682 796 730; x_wconf 86' lang='lat' dir='ltr'>ergo</span> <span class='ocrx_word' id='word_1_41' title='bbox 817 666 1188 731; x_wconf 86' lang='lat' dir='ltr'>distinguuntur</span> <span class='ocrx_word' id='word_1_42' title='bbox 1210 665 1539 731; x_wconf 78' lang='lat' dir='ltr'>hypostases?</span> 
     </span>
    </p>

    <p class='ocr_par' dir='ltr' id='par_1_5' title="bbox 228 738 1616 881">
     <span class='ocr_line' id='line_1_7' title="bbox 292 738 1616 806; baseline 0.002 -19"><span class='ocrx_word' id='word_1_43' title='bbox 292 738 359 787; x_wconf 91' lang='lat' dir='ltr'>B.</span> <span class='ocrx_word' id='word_1_44' title='bbox 396 738 568 803; x_wconf 89' lang='lat' dir='ltr'><strong>Neque</strong></span> <span class='ocrx_word' id='word_1_45' title='bbox 589 741 640 788; x_wconf 90' lang='lat' dir='ltr'>in</span> <span class='ocrx_word' id='word_1_46' title='bbox 663 741 901 804; x_wconf 87' lang='lat' dir='ltr'>symbolo,</span> <span class='ocrx_word' id='word_1_47' title='bbox 925 758 1084 806; x_wconf 90' lang='lat' dir='ltr'>neque</span> <span class='ocrx_word' id='word_1_48' title='bbox 1108 743 1160 790; x_wconf 92' lang='lat' dir='ltr'>in</span> <span class='ocrx_word' id='word_1_49' title='bbox 1184 742 1442 806; x_wconf 82' lang='lat' dir='ltr'><strong>Scriptura</strong></span> <span class='ocrx_word' id='word_1_50' title='bbox 1465 741 1616 789; x_wconf 84' lang='lat' dir='ltr'>Sacra</span> 
     </span>
     <span class='ocr_line' id='line_1_8' title="bbox 228 814 1495 881; baseline 0.002 -19"><span class='ocrx_word' id='word_1_51' title='bbox 228 814 599 878; x_wconf 86' lang='lat' dir='ltr'>distinguuntur</span> <span class='ocrx_word' id='word_1_52' title='bbox 621 824 707 864; x_wconf 85' lang='lat' dir='ltr'>aut</span> <span class='ocrx_word' id='word_1_53' title='bbox 730 817 1047 866; x_wconf 86' lang='lat' dir='ltr'>nominantur</span> <span class='ocrx_word' id='word_1_54' title='bbox 1070 825 1171 866; x_wconf 89' lang='lat' dir='ltr'>tres</span> <span class='ocrx_word' id='word_1_55' title='bbox 1193 818 1495 881; x_wconf 81' lang='lat' dir='ltr'>hypostases,</span> 
     </span>
    </p>

    <p class='ocr_par' dir='ltr' id='par_1_6' title="bbox 226 890 1614 1033">
     <span class='ocr_line' id='line_1_9' title="bbox 291 890 1614 957; baseline 0.001 -19"><span class='ocrx_word' id='word_1_56' title='bbox 291 890 358 939; x_wconf 84' lang='lat' dir='ltr'>A.</span> <span class='ocrx_word' id='word_1_57' title='bbox 395 890 493 939; x_wconf 88' lang='lat' dir='ltr'>Sed</span> <span class='ocrx_word' id='word_1_58' title='bbox 533 892 846 940; x_wconf 88' lang='lat' dir='ltr'>inveniuntur</span> <span class='ocrx_word' id='word_1_59' title='bbox 875 900 976 941; x_wconf 89' lang='lat' dir='ltr'>tres</span> <span class='ocrx_word' id='word_1_60' title='bbox 1010 894 1298 957; x_wconf 77' lang='lat' dir='ltr'>hypostases</span> <span class='ocrx_word' id='word_1_61' title='bbox 1322 893 1372 940; x_wconf 91' lang='lat' dir='ltr'>in</span> <span class='ocrx_word' id='word_1_62' title='bbox 1395 891 1614 956; x_wconf 89' lang='lat' dir='ltr'>symbolo</span> 
     </span>
     <span class='ocr_line' id='line_1_10' title="bbox 226 966 1447 1053; baseline 0.002 -39"><span class='ocrx_word' id='word_1_63' title='bbox 226 966 500 1025; x_wconf 81' lang='lat' dir='ltr'>Athanasii,</span> <span class='ocrx_word' id='word_1_64' title='bbox 526 983 635 1030; x_wconf 85' lang='lat' dir='ltr'>quae</span> <span class='ocrx_word' id='word_1_65' title='bbox 657 984 770 1031; x_wconf 86' lang='lat' dir='ltr'>pars</span> <span class='ocrx_word' id='word_1_66' title='bbox 793 977 869 1017; x_wconf 89' lang='lat' dir='ltr'>est</span> <span class='ocrx_word' id='word_1_67' title='bbox 893 969 1127 1033; x_wconf 70' lang='lat' dir='ltr'>nturgiae</span> <span class='ocrx_word' id='word_1_68' title='bbox 1146 969 1447 1053; x_wconf 82' lang='lat' dir='ltr'>Anglieanae.</span> 
     </span>
    </p>

    <p class='ocr_par' dir='ltr' id='par_1_7' title="bbox 227 1042 1616 1183">
     <span class='ocr_line' id='line_1_11' title="bbox 293 1042 1616 1109; baseline 0.001 -19"><span class='ocrx_word' id='word_1_69' title='bbox 293 1042 360 1090; x_wconf 93' lang='lat' dir='ltr'>B.</span> <span class='ocrx_word' id='word_1_70' title='bbox 398 1042 456 1090; x_wconf 92' lang='lat' dir='ltr'>In</span> <span class='ocrx_word' id='word_1_71' title='bbox 470 1042 643 1091; x_wconf 86' lang='lat' dir='ltr'>Graeco</span> <span class='ocrx_word' id='word_1_72' title='bbox 660 1043 855 1107; x_wconf 91' lang='lat' dir='ltr'>quidem</span> <span class='ocrx_word' id='word_1_73' title='bbox 871 1044 1178 1109; x_wconf 73' lang='lat' dir='ltr'>hypostasis,</span> <span class='ocrx_word' id='word_1_74' title='bbox 1196 1044 1247 1092; x_wconf 94' lang='lat' dir='ltr'>in</span> <span class='ocrx_word' id='word_1_75' title='bbox 1264 1044 1439 1092; x_wconf 88' lang='lat' dir='ltr'>Latino</span> <span class='ocrx_word' id='word_1_76' title='bbox 1452 1050 1616 1092; x_wconf 87' lang='lat' dir='ltr'>autem</span> 
     </span>
     <span class='ocr_line' id='line_1_12' title="bbox 227 1118 1098 1183; baseline 0.005 -18"><span class='ocrx_word' id='word_1_77' title='bbox 227 1125 279 1166; x_wconf 90' lang='lat' dir='ltr'>et</span> <span class='ocrx_word' id='word_1_78' title='bbox 300 1118 573 1181; x_wconf 86' lang='lat' dir='ltr'>Anglicano</span> <span class='ocrx_word' id='word_1_79' title='bbox 589 1135 815 1183; x_wconf 82' lang='lat' dir='ltr'>persona</span> <span class='ocrx_word' id='word_1_80' title='bbox 839 1127 928 1168; x_wconf 57' lang='lat' dir='ltr'>est.</span> <span class='ocrx_word' id='word_1_81' title='bbox 1042 1135 1098 1173; x_wconf 45' lang='grc' dir='ltr'><strong>ὅ</strong></span> 
     </span>
    </p>

    <p class='ocr_par' dir='ltr' id='par_1_8' title="bbox 216 1193 1622 2312">
     <span class='ocr_line' id='line_1_13' title="bbox 293 1193 1615 1259; baseline 0.001 -18"><span class='ocrx_word' id='word_1_82' title='bbox 293 1193 359 1241; x_wconf 93' lang='lat' dir='ltr'>A.</span> <span class='ocrx_word' id='word_1_83' title='bbox 396 1193 470 1241; x_wconf 90' lang='lat' dir='ltr'>De</span> <span class='ocrx_word' id='word_1_84' title='bbox 487 1194 687 1242; x_wconf 85' lang='lat' dir='ltr'>vocibus</span> <span class='ocrx_word' id='word_1_85' title='bbox 702 1194 1009 1259; x_wconf 78' lang='lat' dir='ltr'>hypostasis,</span> <span class='ocrx_word' id='word_1_86' title='bbox 1017 1209 1259 1259; x_wconf 82' lang='lat' dir='ltr'>persona,</span> <span class='ocrx_word' id='word_1_87' title='bbox 1273 1193 1615 1252; x_wconf 81' lang='lat' dir='ltr'>subsistentia,</span> 
     </span>
     <span class='ocr_line' id='line_1_14' title="bbox 216 1268 1618 1333; baseline 0.001 -17"><span class='ocrx_word' id='word_1_88' title='bbox 216 1268 430 1332; x_wconf 34' lang='lat' dir='ltr'>,aliisque</span> <span class='ocrx_word' id='word_1_89' title='bbox 471 1269 637 1317; x_wconf 91' lang='lat' dir='ltr'>multis</span> <span class='ocrx_word' id='word_1_90' title='bbox 676 1270 895 1329; x_wconf 88' lang='lat' dir='ltr'>vocibus,</span> <span class='ocrx_word' id='word_1_91' title='bbox 930 1279 1049 1318; x_wconf 88' lang='lat' dir='ltr'>tunc</span> <span class='ocrx_word' id='word_1_92' title='bbox 1084 1270 1398 1333; x_wconf 86' lang='lat' dir='ltr'>interrogabo</span> <span class='ocrx_word' id='word_1_93' title='bbox 1420 1277 1470 1318; x_wconf 89' lang='lat' dir='ltr'>te</span> <span class='ocrx_word' id='word_1_94' title='bbox 1505 1285 1618 1317; x_wconf 90' lang='lat' dir='ltr'>cum</span> 
     </span>
     <span class='ocr_line' id='line_1_15' title="bbox 228 1344 1620 1409; baseline 0.001 -17"><span class='ocrx_word' id='word_1_95' title='bbox 228 1344 503 1409; x_wconf 86' lang='lat' dir='ltr'>symbolum</span> <span class='ocrx_word' id='word_1_96' title='bbox 548 1354 709 1393; x_wconf 90' lang='lat' dir='ltr'>totum</span> <span class='ocrx_word' id='word_1_97' title='bbox 754 1345 1087 1409; x_wconf 84' lang='lat' dir='ltr'>explicaveris.</span> <span class='ocrx_word' id='word_1_98' title='bbox 1173 1349 1201 1370; x_wconf 91' lang='lat'><strong>“</strong></span> <span class='ocrx_word' id='word_1_99' title='bbox 1221 1345 1296 1392; x_wconf 90' lang='lat' dir='ltr'>Et</span> <span class='ocrx_word' id='word_1_100' title='bbox 1334 1345 1620 1393; x_wconf 69' lang='lat' dir='ltr'>resurrexit</span> 
     </span>
     <span class='ocr_line' id='line_1_16' title="bbox 230 1419 1619 1485; baseline 0 -18"><span class='ocrx_word' id='word_1_101' title='bbox 230 1420 388 1468; x_wconf 85' lang='lat' dir='ltr'>tertia</span> <span class='ocrx_word' id='word_1_102' title='bbox 431 1420 530 1479; x_wconf 83' lang='lat' dir='ltr'>die,</span> <span class='ocrx_word' id='word_1_103' title='bbox 571 1421 836 1469; x_wconf 82' lang='lat' dir='ltr'>secundum</span> <span class='ocrx_word' id='word_1_104' title='bbox 872 1421 1188 1485; x_wconf 83' lang='lat' dir='ltr'>Scripturas,</span> <span class='ocrx_word' id='word_1_105' title='bbox 1213 1427 1264 1468; x_wconf 90' lang='lat' dir='ltr'>et</span> <span class='ocrx_word' id='word_1_106' title='bbox 1300 1420 1529 1468; x_wconf 84' lang='lat' dir='ltr'>ascendit</span> <span class='ocrx_word' id='word_1_107' title='bbox 1567 1419 1619 1467; x_wconf 79' lang='lat' dir='ltr'>in</span> 
     </span>
     <span class='ocr_line' id='line_1_17' title="bbox 228 1496 1619 1555; baseline -0.001 -11"><span class='ocrx_word' id='word_1_108' title='bbox 228 1496 415 1555; x_wconf 66' lang='lat' dir='ltr'>eaelum,</span> <span class='ocrx_word' id='word_1_109' title='bbox 435 1496 520 1543; x_wconf 83' lang='lat' dir='ltr'>nbi</span> <span class='ocrx_word' id='word_1_110' title='bbox 541 1497 684 1545; x_wconf 84' lang='lat' dir='ltr'>sedet</span> <span class='ocrx_word' id='word_1_111' title='bbox 703 1497 777 1544; x_wconf 88' lang='lat' dir='ltr'>ad</span> <span class='ocrx_word' id='word_1_112' title='bbox 797 1497 1029 1545; x_wconf 79' lang='lat' dir='ltr'>dextram</span> <span class='ocrx_word' id='word_1_113' title='bbox 1053 1496 1171 1544; x_wconf 85' lang='lat' dir='ltr'>Dei.</span> <span class='ocrx_word' id='word_1_114' title='bbox 1207 1496 1282 1543; x_wconf 89' lang='lat' dir='ltr'>Et</span> <span class='ocrx_word' id='word_1_115' title='bbox 1306 1496 1484 1543; x_wconf 78' lang='lat' dir='ltr'>iter-um</span> <span class='ocrx_word' id='word_1_116' title='bbox 1506 1511 1619 1543; x_wconf 81' lang='lat' dir='ltr'>ven-</span> 
     </span>
     <span class='ocr_line' id='line_1_18' title="bbox 228 1571 1619 1636; baseline -0.001 -17"><span class='ocrx_word' id='word_1_117' title='bbox 228 1578 371 1620; x_wconf 80' lang='lat' dir='ltr'>turus</span> <span class='ocrx_word' id='word_1_118' title='bbox 407 1578 484 1619; x_wconf 89' lang='lat' dir='ltr'>est</span> <span class='ocrx_word' id='word_1_119' title='bbox 521 1588 627 1619; x_wconf 77' lang='lat' dir='ltr'>eum</span> <span class='ocrx_word' id='word_1_120' title='bbox 663 1571 839 1636; x_wconf 84' lang='lat' dir='ltr'>gloria</span> <span class='ocrx_word' id='word_1_121' title='bbox 868 1571 1111 1634; x_wconf 81' lang='lat' dir='ltr'>judicare</span> <span class='ocrx_word' id='word_1_122' title='bbox 1144 1571 1279 1619; x_wconf 67' lang='lat' dir='ltr'>vit-os</span> <span class='ocrx_word' id='word_1_123' title='bbox 1310 1577 1360 1619; x_wconf 85' lang='lat' dir='ltr'>et</span> <span class='ocrx_word' id='word_1_124' title='bbox 1385 1577 1619 1628; x_wconf 78' lang='lat' dir='ltr'>mortuos,</span> 
     </span>
     <span class='ocr_line' id='line_1_19' title="bbox 229 1645 1621 1711; baseline -0.002 -16"><span class='ocrx_word' id='word_1_125' title='bbox 229 1648 370 1711; x_wconf 76' lang='lat' dir='ltr'>cujus</span> <span class='ocrx_word' id='word_1_126' title='bbox 393 1647 546 1711; x_wconf 85' lang='lat' dir='ltr'>regni</span> <span class='ocrx_word' id='word_1_127' title='bbox 572 1663 666 1694; x_wconf 82' lang='lat' dir='ltr'>non</span> <span class='ocrx_word' id='word_1_128' title='bbox 698 1653 776 1694; x_wconf 84' lang='lat' dir='ltr'>est</span> <span class='ocrx_word' id='word_1_129' title='bbox 783 1647 955 1710; x_wconf 83' lang='lat' dir='ltr'>finis.’&#39;</span> <span class='ocrx_word' id='word_1_130' title='bbox 1026 1647 1149 1694; x_wconf 87' lang='lat' dir='ltr'>Haee</span> <span class='ocrx_word' id='word_1_131' title='bbox 1172 1647 1351 1705; x_wconf 87' lang='lat' dir='ltr'>omnia,</span> <span class='ocrx_word' id='word_1_132' title='bbox 1371 1645 1544 1704; x_wconf 85' lang='lat' dir='ltr'>fateor,</span> <span class='ocrx_word' id='word_1_133' title='bbox 1569 1645 1621 1692; x_wconf 90' lang='lat' dir='ltr'>in</span> 
     </span>
     <span class='ocr_line' id='line_1_20' title="bbox 231 1721 1622 1786; baseline -0.002 -15"><span class='ocrx_word' id='word_1_134' title='bbox 231 1722 495 1786; x_wconf 88' lang='lat' dir='ltr'>Scripturis</span> <span class='ocrx_word' id='word_1_135' title='bbox 529 1731 659 1780; x_wconf 90' lang='lat' dir='ltr'>sunt,</span> <span class='ocrx_word' id='word_1_136' title='bbox 684 1730 734 1770; x_wconf 95' lang='lat' dir='ltr'>et</span> <span class='ocrx_word' id='word_1_137' title='bbox 768 1721 967 1786; x_wconf 89' lang='lat' dir='ltr'>quidem</span> <span class='ocrx_word' id='word_1_138' title='bbox 999 1721 1173 1769; x_wconf 91' lang='lat' dir='ltr'>eodem</span> <span class='ocrx_word' id='word_1_139' title='bbox 1210 1737 1358 1770; x_wconf 90' lang='lat' dir='ltr'>sensu</span> <span class='ocrx_word' id='word_1_140' title='bbox 1383 1737 1480 1784; x_wconf 93' lang='lat' dir='ltr'>quo</span> <span class='ocrx_word' id='word_1_141' title='bbox 1506 1730 1622 1768; x_wconf 88' lang='lat' dir='ltr'>sunt</span> 
     </span>
     <span class='ocr_line' id='line_1_21' title="bbox 229 1796 1620 1862; baseline -0.001 -16"><span class='ocrx_word' id='word_1_142' title='bbox 229 1797 283 1846; x_wconf 88' lang='lat' dir='ltr'>in</span> <span class='ocrx_word' id='word_1_143' title='bbox 317 1798 554 1862; x_wconf 84' lang='lat' dir='ltr'>symbolo.</span> <span class='ocrx_word' id='word_1_144' title='bbox 624 1800 655 1822; x_wconf 90' lang='lat'><strong>“</strong></span> <span class='ocrx_word' id='word_1_145' title='bbox 681 1797 779 1845; x_wconf 86' lang='lat' dir='ltr'>Ubi</span> <span class='ocrx_word' id='word_1_146' title='bbox 805 1797 949 1845; x_wconf 84' lang='lat' dir='ltr'>sedet</span> <span class='ocrx_word' id='word_1_147' title='bbox 985 1797 1060 1845; x_wconf 87' lang='lat' dir='ltr'>ad</span> <span class='ocrx_word' id='word_1_148' title='bbox 1091 1797 1324 1846; x_wconf 75' lang='lat' dir='ltr'>dextram</span> <span class='ocrx_word' id='word_1_149' title='bbox 1348 1796 1495 1855; x_wconf 90' lang='lat' dir='ltr'>Dei,&#39;&#39;</span> <span class='ocrx_word' id='word_1_150' title='bbox 1520 1811 1620 1844; x_wconf 91' lang='lat' dir='ltr'>non</span> 
     </span>
     <span class='ocr_line' id='line_1_22' title="bbox 230 1871 1619 1937; baseline -0.001 -16"><span class='ocrx_word' id='word_1_151' title='bbox 230 1873 453 1937; x_wconf 89' lang='lat' dir='ltr'>intelligo</span> <span class='ocrx_word' id='word_1_152' title='bbox 477 1881 535 1921; x_wconf 92' lang='lat' dir='ltr'>ut</span> <span class='ocrx_word' id='word_1_153' title='bbox 558 1872 619 1920; x_wconf 91' lang='lat' dir='ltr'>de</span> <span class='ocrx_word' id='word_1_154' title='bbox 642 1873 1006 1936; x_wconf 83' lang='lat' dir='ltr'>comparatione</span> <span class='ocrx_word' id='word_1_155' title='bbox 1029 1872 1246 1931; x_wconf 89' lang='lat' dir='ltr'>honoris,</span> <span class='ocrx_word' id='word_1_156' title='bbox 1262 1871 1349 1920; x_wconf 91' lang='lat' dir='ltr'>sed</span> <span class='ocrx_word' id='word_1_157' title='bbox 1371 1880 1427 1920; x_wconf 90' lang='lat' dir='ltr'>ut</span> <span class='ocrx_word' id='word_1_158' title='bbox 1447 1871 1508 1920; x_wconf 92' lang='lat' dir='ltr'>de</span> <span class='ocrx_word' id='word_1_159' title='bbox 1530 1871 1619 1919; x_wconf 86' lang='lat' dir='ltr'>ho·-</span> 
     </span>
     <span class='ocr_line' id='line_1_23' title="bbox 230 1947 1621 2014; baseline -0.002 -17"><span class='ocrx_word' id='word_1_160' title='bbox 230 1964 351 1997; x_wconf 87' lang='lat' dir='ltr'>nore</span> <span class='ocrx_word' id='word_1_161' title='bbox 373 1949 603 1997; x_wconf 81' lang='lat' dir='ltr'>maximo.</span> <span class='ocrx_word' id='word_1_162' title='bbox 644 1951 674 1973; x_wconf 89' lang='lat'><strong>“</strong></span> <span class='ocrx_word' id='word_1_163' title='bbox 689 1948 763 1996; x_wconf 86' lang='lat' dir='ltr'>Et</span> <span class='ocrx_word' id='word_1_164' title='bbox 779 1949 829 1996; x_wconf 86' lang='lat' dir='ltr'>in</span> <span class='ocrx_word' id='word_1_165' title='bbox 845 1948 1089 2014; x_wconf 80' lang='lat' dir='ltr'>Spiritum</span> <span class='ocrx_word' id='word_1_166' title='bbox 1108 1949 1343 1996; x_wconf 81' lang='lat' dir='ltr'>Sanctum</span> <span class='ocrx_word' id='word_1_167' title='bbox 1361 1947 1621 1996; x_wconf 84' lang='lat' dir='ltr'>Dominam</span> 
     </span>
     <span class='ocr_line' id='line_1_24' title="bbox 232 2022 1619 2088; baseline -0.001 -17"><span class='ocrx_word' id='word_1_168' title='bbox 232 2029 284 2072; x_wconf 85' lang='lat' dir='ltr'>et</span> <span class='ocrx_word' id='word_1_169' title='bbox 304 2023 672 2086; x_wconf 70' lang='lat' dir='ltr'>vivificatorem,</span> <span class='ocrx_word' id='word_1_170' title='bbox 696 2024 783 2088; x_wconf 84' lang='lat' dir='ltr'>qui</span> <span class='ocrx_word' id='word_1_171' title='bbox 806 2041 870 2072; x_wconf 85' lang='lat' dir='ltr'>ex</span> <span class='ocrx_word' id='word_1_172' title='bbox 892 2025 1055 2072; x_wconf 87' lang='lat' dir='ltr'>Patre</span> <span class='ocrx_word' id='word_1_173' title='bbox 1077 2023 1308 2088; x_wconf 81' lang='lat' dir='ltr'>Filioque</span> <span class='ocrx_word' id='word_1_174' title='bbox 1331 2022 1619 2088; x_wconf 84' lang='lat' dir='ltr'>procedit.”</span> 
     </span>
     <span class='ocr_line' id='line_1_25' title="bbox 234 2098 1620 2163; baseline -0.001 -17"><span class='ocrx_word' id='word_1_175' title='bbox 234 2098 451 2146; x_wconf 88' lang='lat' dir='ltr'>Ostende</span> <span class='ocrx_word' id='word_1_176' title='bbox 485 2114 546 2146; x_wconf 87' lang='lat' dir='ltr'>ex</span> <span class='ocrx_word' id='word_1_177' title='bbox 586 2098 853 2163; x_wconf 88' lang='lat' dir='ltr'>Scripturis</span> <span class='ocrx_word' id='word_1_178' title='bbox 891 2098 1070 2156; x_wconf 86' lang='lat' dir='ltr'>Sacris,</span> <span class='ocrx_word' id='word_1_179' title='bbox 1113 2099 1349 2163; x_wconf 88' lang='lat' dir='ltr'>Spiritum</span> <span class='ocrx_word' id='word_1_180' title='bbox 1386 2098 1620 2146; x_wconf 86' lang='lat' dir='ltr'>Sanctum</span> 
     </span>
     <span class='ocr_line' id='line_1_26' title="bbox 235 2172 1622 2233; baseline -0.001 -12"><span class='ocrx_word' id='word_1_181' title='bbox 235 2188 341 2221; x_wconf 84' lang='lat' dir='ltr'>esse</span> <span class='ocrx_word' id='word_1_182' title='bbox 364 2172 630 2221; x_wconf 90' lang='lat' dir='ltr'>Dominum</span> <span class='ocrx_word' id='word_1_183' title='bbox 667 2181 717 2222; x_wconf 91' lang='lat' dir='ltr'>et</span> <span class='ocrx_word' id='word_1_184' title='bbox 747 2174 1116 2233; x_wconf 83' lang='lat' dir='ltr'>vivificatorem,</span> <span class='ocrx_word' id='word_1_185' title='bbox 1150 2174 1202 2222; x_wconf 93' lang='lat' dir='ltr'>id</span> <span class='ocrx_word' id='word_1_186' title='bbox 1236 2182 1324 2233; x_wconf 89' lang='lat' dir='ltr'>est,</span> <span class='ocrx_word' id='word_1_187' title='bbox 1360 2173 1535 2231; x_wconf 90' lang='lat' dir='ltr'>Deum,</span> <span class='ocrx_word' id='word_1_188' title='bbox 1570 2180 1622 2220; x_wconf 89' lang='lat' dir='ltr'>et</span> 
     </span>
     <span class='ocr_line' id='line_1_27' title="bbox 239 2248 1014 2312; baseline 0.001 -16"><span class='ocrx_word' id='word_1_189' title='bbox 239 2248 372 2312; x_wconf 90' lang='lat' dir='ltr'>quod</span> <span class='ocrx_word' id='word_1_190' title='bbox 393 2249 628 2312; x_wconf 85' lang='lat' dir='ltr'>procedat</span> <span class='ocrx_word' id='word_1_191' title='bbox 651 2250 801 2298; x_wconf 87' lang='lat' dir='ltr'>etiam</span> <span class='ocrx_word' id='word_1_192' title='bbox 823 2266 855 2297; x_wconf 85' lang='lat' dir='ltr'>a</span> <span class='ocrx_word' id='word_1_193' title='bbox 877 2249 1014 2297; x_wconf 89' lang='lat' dir='ltr'>Filio.</span> 
     </span>
    </p>

    <p class='ocr_par' dir='ltr' id='par_1_9' title="bbox 237 2322 1623 2914">
     <span class='ocr_line' id='line_1_28' title="bbox 304 2322 1621 2387; baseline -0.001 -17"><span class='ocrx_word' id='word_1_194' title='bbox 304 2323 369 2371; x_wconf 89' lang='lat' dir='ltr'>B.</span> <span class='ocrx_word' id='word_1_195' title='bbox 406 2322 587 2381; x_wconf 90' lang='lat' dir='ltr'>Primo,</span> <span class='ocrx_word' id='word_1_196' title='bbox 602 2322 733 2371; x_wconf 92' lang='lat' dir='ltr'>idem</span> <span class='ocrx_word' id='word_1_197' title='bbox 756 2324 904 2372; x_wconf 89' lang='lat' dir='ltr'>Filius</span> <span class='ocrx_word' id='word_1_198' title='bbox 923 2324 1015 2372; x_wconf 90' lang='lat' dir='ltr'>Dei</span> <span class='ocrx_word' id='word_1_199' title='bbox 1038 2324 1218 2371; x_wconf 88' lang='lat' dir='ltr'>dicitnr</span> <span class='ocrx_word' id='word_1_200' title='bbox 1239 2323 1435 2387; x_wconf 87' lang='lat' dir='ltr'>genitus</span> <span class='ocrx_word' id='word_1_201' title='bbox 1459 2338 1490 2369; x_wconf 86' lang='lat' dir='ltr'>a</span> <span class='ocrx_word' id='word_1_202' title='bbox 1513 2322 1621 2385; x_wconf 81' lang='lat' dir='ltr'>Spi-</span> 
     </span>
     <span class='ocr_line' id='line_1_29' title="bbox 237 2397 1620 2460; baseline -0.002 -13"><span class='ocrx_word' id='word_1_203' title='bbox 237 2398 336 2447; x_wconf 88' lang='lat' dir='ltr'>ritu</span> <span class='ocrx_word' id='word_1_204' title='bbox 352 2397 443 2447; x_wconf 92' lang='lat' dir='ltr'>Dei</span> <span class='ocrx_word' id='word_1_205' title='bbox 464 2398 667 2458; x_wconf 80' lang='lat' dir='ltr'>(Matth.</span> <span class='ocrx_word' id='word_1_206' title='bbox 683 2399 715 2446; x_wconf 92' lang='lat' dir='ltr'>i.</span> <span class='ocrx_word' id='word_1_207' title='bbox 731 2400 836 2460; x_wconf 92' lang='grc'>20).</span> <span class='ocrx_word' id='word_1_208' title='bbox 871 2399 1061 2447; x_wconf 89' lang='lat' dir='ltr'>Deinde</span> <span class='ocrx_word' id='word_1_209' title='bbox 1080 2399 1199 2447; x_wconf 88' lang='lat' dir='ltr'>dicit</span> <span class='ocrx_word' id='word_1_210' title='bbox 1211 2399 1307 2446; x_wconf 89' lang='lat' dir='ltr'>Job</span> <span class='ocrx_word' id='word_1_211' title='bbox 1330 2397 1517 2459; x_wconf 81' lang='lat' dir='ltr'>(xxxiii.</span> <span class='ocrx_word' id='word_1_212' title='bbox 1534 2398 1586 2458; x_wconf 82' lang='lat'>4)</span> <span class='ocrx_word' id='word_1_213' title='bbox 1607 2414 1620 2444; x_wconf 72' lang='grc' dir='ltr'><strong><em>ε</em></strong></span> 
     </span>
     <span class='ocr_line' id='line_1_30' title="bbox 239 2472 1623 2539; baseline -0.002 -17"><span class='ocrx_word' id='word_1_214' title='bbox 239 2473 465 2539; x_wconf 77' lang='lat' dir='ltr'>Spiritus</span> <span class='ocrx_word' id='word_1_215' title='bbox 489 2473 589 2521; x_wconf 87' lang='lat' dir='ltr'>Dei</span> <span class='ocrx_word' id='word_1_216' title='bbox 592 2473 735 2538; x_wconf 81' lang='lat' dir='ltr'>fecit</span> <span class='ocrx_word' id='word_1_217' title='bbox 759 2491 857 2530; x_wconf 88' lang='lat' dir='ltr'>me;</span> <span class='ocrx_word' id='word_1_218' title='bbox 882 2483 933 2523; x_wconf 88' lang='lat' dir='ltr'>et</span> <span class='ocrx_word' id='word_1_219' title='bbox 960 2474 1112 2535; x_wconf 84' lang='lat' dir='ltr'>(xxvi.</span> <span class='ocrx_word' id='word_1_220' title='bbox 1139 2475 1215 2535; x_wconf 91' lang='grc'>13)</span> <span class='ocrx_word' id='word_1_221' title='bbox 1242 2493 1253 2521; x_wconf 87' lang='lat'>:</span> <span class='ocrx_word' id='word_1_222' title='bbox 1280 2473 1505 2537; x_wconf 83' lang='lat' dir='ltr'>Spiritus</span> <span class='ocrx_word' id='word_1_223' title='bbox 1520 2472 1623 2520; x_wconf 85' lang='lat' dir='ltr'>Dei</span> 
     </span>
     <span class='ocr_line' id='line_1_31' title="bbox 239 2547 1620 2613; baseline -0.001 -16"><span class='ocrx_word' id='word_1_224' title='bbox 239 2548 432 2597; x_wconf 84' lang='lat' dir='ltr'>creavit</span> <span class='ocrx_word' id='word_1_225' title='bbox 455 2547 622 2596; x_wconf 84' lang='lat' dir='ltr'>eoelos.</span> <span class='ocrx_word' id='word_1_226' title='bbox 693 2549 841 2598; x_wconf 82' lang='lat' dir='ltr'>Quod</span> <span class='ocrx_word' id='word_1_227' title='bbox 862 2558 1028 2598; x_wconf 81' lang='lat' dir='ltr'>autem</span> <span class='ocrx_word' id='word_1_228' title='bbox 1052 2548 1287 2613; x_wconf 84' lang='lat' dir='ltr'>procedat</span> <span class='ocrx_word' id='word_1_229' title='bbox 1310 2556 1413 2596; x_wconf 92' lang='lat' dir='ltr'>tam</span> <span class='ocrx_word' id='word_1_230' title='bbox 1430 2564 1461 2595; x_wconf 86' lang='lat' dir='ltr'>a</span> <span class='ocrx_word' id='word_1_231' title='bbox 1484 2547 1620 2606; x_wconf 88' lang='lat' dir='ltr'>Filio,</span> 
     </span>
     <span class='ocr_line' id='line_1_32' title="bbox 240 2622 1621 2687; baseline 0 -16"><span class='ocrx_word' id='word_1_232' title='bbox 240 2639 386 2687; x_wconf 82' lang='lat' dir='ltr'>quam</span> <span class='ocrx_word' id='word_1_233' title='bbox 408 2639 439 2671; x_wconf 90' lang='lat' dir='ltr'>a</span> <span class='ocrx_word' id='word_1_234' title='bbox 460 2623 618 2683; x_wconf 84' lang='lat' dir='ltr'>Patre,</span> <span class='ocrx_word' id='word_1_235' title='bbox 642 2624 951 2674; x_wconf 50' lang='lat' dir='ltr'>manifestum</span> <span class='ocrx_word' id='word_1_236' title='bbox 976 2634 1053 2673; x_wconf 90' lang='lat' dir='ltr'>est</span> <span class='ocrx_word' id='word_1_237' title='bbox 1075 2641 1136 2672; x_wconf 84' lang='lat' dir='ltr'>ex</span> <span class='ocrx_word' id='word_1_238' title='bbox 1159 2641 1233 2682; x_wconf 93' lang='lat' dir='ltr'>eo,</span> <span class='ocrx_word' id='word_1_239' title='bbox 1249 2623 1381 2687; x_wconf 92' lang='lat' dir='ltr'>quod</span> <span class='ocrx_word' id='word_1_240' title='bbox 1399 2622 1621 2672; x_wconf 90' lang='lat' dir='ltr'>Christus</span> 
     </span>
     <span class='ocr_line' id='line_1_33' title="bbox 241 2697 1623 2764; baseline -0.001 -18"><span class='ocrx_word' id='word_1_241' title='bbox 241 2698 361 2747; x_wconf 85' lang='lat' dir='ltr'>dicit</span> <span class='ocrx_word' id='word_1_242' title='bbox 379 2698 511 2759; x_wconf 90' lang='lat' dir='ltr'>(Joh.</span> <span class='ocrx_word' id='word_1_243' title='bbox 531 2714 609 2747; x_wconf 84' lang='lat' dir='ltr'>xv.</span> <span class='ocrx_word' id='word_1_244' title='bbox 630 2700 713 2761; x_wconf 84' lang='lat'>26)</span> <span class='ocrx_word' id='word_1_245' title='bbox 735 2715 831 2764; x_wconf 84' lang='lat' dir='ltr'>ego</span> <span class='ocrx_word' id='word_1_246' title='bbox 846 2699 982 2748; x_wconf 80' lang='lat' dir='ltr'>vobis</span> <span class='ocrx_word' id='word_1_247' title='bbox 1001 2701 1192 2748; x_wconf 89' lang='lat' dir='ltr'>mittam</span> <span class='ocrx_word' id='word_1_248' title='bbox 1218 2697 1556 2756; x_wconf 81' lang='lat' dir='ltr'>Paracletum,</span> <span class='ocrx_word' id='word_1_249' title='bbox 1572 2706 1623 2746; x_wconf 86' lang='lat' dir='ltr'>et</span> 
     </span>
     <span class='ocr_line' id='line_1_34' title="bbox 241 2772 1620 2838; baseline 0 -17"><span class='ocrx_word' id='word_1_250' title='bbox 241 2790 302 2821; x_wconf 80' lang='lat' dir='ltr'>ex</span> <span class='ocrx_word' id='word_1_251' title='bbox 336 2789 394 2822; x_wconf 92' lang='lat' dir='ltr'>eo</span> <span class='ocrx_word' id='word_1_252' title='bbox 419 2772 566 2837; x_wconf 94' lang='lat' dir='ltr'>quod,</span> <span class='ocrx_word' id='word_1_253' title='bbox 590 2789 702 2821; x_wconf 89' lang='lat' dir='ltr'>cum</span> <span class='ocrx_word' id='word_1_254' title='bbox 725 2774 934 2838; x_wconf 83' lang='lat' dir='ltr'>spiraret</span> <span class='ocrx_word' id='word_1_255' title='bbox 965 2775 1018 2823; x_wconf 89' lang='lat' dir='ltr'>in</span> <span class='ocrx_word' id='word_1_256' title='bbox 1057 2773 1320 2838; x_wconf 77' lang='lat' dir='ltr'>apostoloS,</span> <span class='ocrx_word' id='word_1_257' title='bbox 1345 2773 1470 2821; x_wconf 80' lang='lat' dir='ltr'>dixit</span> <span class='ocrx_word' id='word_1_258' title='bbox 1491 2773 1620 2833; x_wconf 89' lang='lat' dir='ltr'>(Joh.</span> 
     </span>
     <span class='ocr_line' id='line_1_35' title="bbox 242 2846 1622 2914; baseline 0 -18"><span class='ocrx_word' id='word_1_259' title='bbox 242 2864 320 2896; x_wconf 83' lang='lat' dir='ltr'>xx.</span> <span class='ocrx_word' id='word_1_260' title='bbox 345 2854 427 2908; x_wconf 82' lang='lat'>22,</span> <span class='ocrx_word' id='word_1_261' title='bbox 446 2850 533 2910; x_wconf 84' lang='lat'>25)</span> <span class='ocrx_word' id='word_1_262' title='bbox 552 2847 772 2914; x_wconf 85' lang='lat' dir='ltr'>accipite</span> <span class='ocrx_word' id='word_1_263' title='bbox 784 2847 1028 2914; x_wconf 81' lang='lat' dir='ltr'>Spiritum</span> <span class='ocrx_word' id='word_1_264' title='bbox 1046 2849 1296 2898; x_wconf 83' lang='lat' dir='ltr'>Sanctum.</span> <span class='ocrx_word' id='word_1_265' title='bbox 1335 2847 1470 2897; x_wconf 89' lang='lat' dir='ltr'>Nota</span> <span class='ocrx_word' id='word_1_266' title='bbox 1485 2846 1622 2904; x_wconf 87' lang='lat' dir='ltr'>illud,</span> 
     </span>
    </p>
   </div>
   <div class='ocr_carea' id='block_1_3' title="bbox 1681 383 1864 417">
    <p class='ocr_par' dir='ltr' id='par_1_10' title="bbox 1681 383 1864 417">
     <span class='ocr_line' id='line_1_36' title="bbox 1681 383 1864 417; baseline 0.005 -1"><span class='ocrx_word' id='word_1_267' title='bbox 1681 383 1784 417; x_wconf 75' lang='lat' dir='ltr'><strong>CAP.</strong></span> <span class='ocrx_word' id='word_1_268' title='bbox 1830 383 1864 417; x_wconf 82' lang='lat'>1.</span> 
     </span>
    </p>
   </div>
   <div class='ocr_carea' id='block_1_4' title="bbox 1666 476 1857 549">
    <p class='ocr_par' dir='ltr' id='par_1_11' title="bbox 1666 476 1857 549">
     <span class='ocr_line' id='line_1_37' title="bbox 1666 476 1857 514; baseline 0.016 -9"><span class='ocrx_word' id='word_1_269' title='bbox 1666 476 1712 505; x_wconf 83' lang='lat' dir='ltr'>De</span> <span class='ocrx_word' id='word_1_270' title='bbox 1724 476 1857 514; x_wconf 70' lang='lat' dir='ltr'>symbolo</span> 
     </span>
     <span class='ocr_line' id='line_1_38' title="bbox 1666 520 1787 549; baseline 0.008 -1"><span class='ocrx_word' id='word_1_271' title='bbox 1666 520 1787 549; x_wconf 67' lang='lat' dir='ltr'>Nica-o.</span> 
     </span>
    </p>
   </div>
  </div>
 </body>
</html>
