1968 3236
434 251 527 292 544
749 261 1034 294 APPENDIX
1061 261 1134 295 AD
1162 262 1501 296 LEVIATHAN.

190 390 290 422 cAP.
312 390 360 423 11.
427 388 537 420 rum
567 381 858 436 temporum,
886 374 969 436 qui
1004 373 1087 420 illa
1119 373 1340 423 Concilia
1366 376 1664 435 indixerunt,
1699 393 1815 425 con-

179 443 368 519 W
426 449 689 495 firmatum.
761 449 918 495 Causa
943 448 1147 496 Concilii
1185 450 1360 498 Niceni
1397 452 1698 500 convocandi
1721 453 1814 500 fuit

426 523 588 580 Arius,
613 524 867 587 presbyter
903 524 1232 583 Alexandriae,
1259 527 1337 574 cui
1376 544 1487 575 cum
1518 528 1811 586 Alexander,

428 598 645 661 ejusdem
669 599 801 646 urbis
839 600 1111 662 episcopus,
1138 601 1339 650 dixisset
1371 604 1545 651 Filium
1577 604 1669 651 Dei
1707 620 1812 651 esse

426 674 558 720 Patri
573 672 786 733 ὁμοῦσιον,
804 675 853 722 id
874 683 961 734 est,
983 677 1202 738 ejusdem
1217 678 1510 726 substantice
1527 696 1636 727 cum
1653 680 1810 738 Patre,

425 749 570 796 Arius
585 750 904 806 contradixit3
931 767 1154 815 cumque,
1172 754 1337 802 multis
1352 755 1658 817 presentibus
1676 771 1812 818 pres-

423 824 622 886 byteris,
646 825 941 873 fervesceret
965 827 1247 889 disputatiO,
1266 830 1464 892 negavit
1483 846 1675 892 quoque
1693 830 1722 877 J
1726 846 1811 877 esu

425 899 605 947 Christi
630 900 963 949 divinitatem:
999 903 1130 950 unde
1166 911 1282 952 nata
1321 913 1395 952 est
1432 906 1576 969 paulo
1610 913 1724 968 post
1759 906 1810 953 in

423 976 542 1022 urbe
567 976 901 1025 Alexandrina
934 978 1109 1027 seditio
1149 987 1198 1026 et
1224 980 1397 1028 caedes.
1449 981 1809 1029 Conservandae

424 1059 588 1099 autem
623 1052 756 1115 pacis
789 1069 950 1112 causa,
976 1054 1244 1117 imperator
1269 1056 1624 1103 Constantinus
1666 1056 1808 1120 Mag-

422 1143 514 1175 nus
551 1128 821 1176 Concilium
854 1129 974 1176 illud
1006 1130 1249 1178 Nicenum
1288 1132 1588 1190 convocavit,
1624 1132 1675 1179 in
1711 1148 1807 1195 quo

423 1204 697 1267 symbolum
721 1221 875 1267 usque
900 1205 963 1252 ad
985 1206 1092 1254 haec
1116 1208 1280 1266 verba,
1308 1208 1459 1255 credo
1484 1208 1534 1255 in
1561 1208 1806 1272 Spiritum

423 1279 671 1338 Sanctum,
698 1281 865 1328 Patres
890 1282 1339 1341 constabiliverunt,
1364 1291 1413 1331 et
1443 1283 1675 1331 damnata
1697 1299 1806 1331 sen-

421 1355 576 1402 tentia
593 1355 902 1414 Arianorum,
919 1357 1077 1419 ipsum
1098 1373 1209 1404 cum
1229 1358 1371 1405 sociis
1393 1359 1496 1421 ejus
1517 1358 1805 1421 quibusdam

423 1430 664 1492 episcopis
690 1440 739 1478 et
762 1432 1058 1495 presbyteris
1085 1434 1646 1492 excommunicaverunt,
1671 1441 1719 1482 et
1743 1435 1804 1482 ab
1861 1433 1864 1434 ⁷

420 1506 635 1553 ecclesiis
661 1506 1021 1569 deposuerunt;
1059 1525 1353 1572 quanquam,
1372 1518 1576 1573 propter
1599 1526 1806 1571 sequen-

420 1588 491 1628 tes
532 1582 849 1645 imperatores
889 1584 1076 1647 aliquot
1112 1586 1335 1641 Arianos,
1370 1586 1568 1634 haeresis
1604 1586 1688 1634 illa
1721 1602 1803 1634 ex-

417 1656 575 1720 tingui
608 1674 706 1705 non
730 1659 904 1721 potuit.
977 1659 1249 1708 Concilium
1286 1661 1418 1708 aliud
1441 1662 1668 1724 generale
1690 1670 1803 1726 post

418 1748 570 1780 annos
606 1735 962 1799 quinquaginta
997 1736 1218 1784 habitum
1254 1746 1328 1784 est
1361 1737 1799 1801 Constantinopoli,

416 1808 499 1855 ubi
525 1808 753 1857 damnata
776 1818 850 1858 est
873 1811 1072 1858 haeresis
1109 1811 1403 1870 Macedonii,
1429 1812 1654 1875 negantis
1679 1813 1801 1860 divi-

415 1883 618 1931 nitatem
645 1886 852 1949 Spiritus
878 1887 1062 1935 Sancti.
1133 1887 1338 1946 Deinde,
1362 1896 1475 1951 post
1503 1904 1657 1936 annos
1680 1889 1799 1937 alios

415 1960 768 2024 quinquaginta
785 1962 834 2010 in
845 1963 1062 2011 Concilio
1077 1964 1293 2026 generali
1307 1964 1412 2027 Eph
1419 1964 1552 2011 esino
1569 1963 1800 2012 damnata

415 2042 486 2081 est
511 2035 734 2085 doctrina
757 2039 977 2086 Nestorii
1005 2040 1249 2103 negantis,
1275 2040 1402 2088 sicut
1434 2040 1596 2099 Arius,
1623 2040 1799 2089 divini-

413 2116 563 2158 tatem
588 2113 782 2161 Christi.
820 2115 1086 2174 Postremo,
1105 2116 1156 2163 in
1174 2115 1391 2164 Concilio
1409 2116 1626 2179 generali
1650 2115 1798 2164 Chal-

413 2186 673 2236 cedonensi
698 2189 928 2238 damnata
952 2200 1026 2238 est
1049 2191 1246 2240 haeresis
1270 2192 1557 2255 Eutychetis
1581 2198 1630 2239 et
1653 2191 1796 2239 Dios-

412 2263 529 2320 cori,
547 2264 630 2326 qui
646 2274 949 2327 negaverunt
974 2266 1180 2315 duarum
1211 2275 1495 2315 naturarum
1511 2267 1563 2314 in
1580 2266 1794 2326 Christo,

412 2337 588 2386 divinae
627 2347 677 2387 et
708 2340 950 2399 humanae,
986 2342 1231 2391 unionem.
1302 2343 1365 2390 Et
1402 2342 1471 2390 ita
1505 2342 1792 2406 symbolum,

409 2414 541 2475 quod
563 2422 767 2462 vocatur
791 2415 1049 2476 Nicenum,
1075 2418 1274 2465 tandem
1311 2418 1583 2481 perfectum
1612 2417 1720 2476 fuit,
1745 2426 1795 2466 et

410 2504 520 2535 cum
557 2489 698 2538 dictis
740 2491 1008 2539 haeresibus
1045 2493 1195 2540 etiam
1231 2493 1338 2541 aliae
1376 2494 1450 2541 his
1485 2493 1653 2541 affines
1677 2509 1793 2542 con·

410 2563 647 2611 demnatae
667 2575 794 2614 sunt.

475 2640 540 2686 A.
579 2641 693 2688 Post
716 2642 925 2690 haereses
958 2642 1065 2690 illas
1090 2642 1360 2703 damnatas,
1385 2644 1596 2693 nullaene
1619 2651 1792 2708 postea

410 2715 624 2762 subortae
650 2725 763 2764 sunt
781 2733 922 2766 novae
942 2717 958 2764 Ρ

476 2790 538 2835 Β.
586 2791 745 2839 Etiam
770 2793 952 2850 multae,
976 2793 1141 2840 nescio
1167 2803 1300 2856 quot.
1372 2797 1636 2859 Postquam
1661 2795 1790 2843 enim

410 2863 613 2912 ccclesia
638 2866 859 2915 Romana
885 2868 1092 2915 decretis
1111 2869 1209 2916 suis
1233 2879 1506 2933 arrogasset
1531 2871 1638 2928 sibi,
1659 2871 1791 2925 circa
