1968 3236
527 233 596 267 nn
622 233 874 267 civer'ra
901 231 1251 267 cniusnANA.
1457 221 1567 272 ,279

202 341 280 391 vel
302 358 390 407 per
411 344 720 392 ambitionem
757 346 875 393 salso
910 345 1253 408 jactitantium,
1276 343 1568 407 impossibile
1586 363 1853 398 mnxxxnr

204 430 331 467 esset
351 427 407 467 ut
429 419 560 483 leges
583 421 692 468 ullae
715 437 802 484 pro
827 421 1000 468 divinis
1023 427 1414 484 agnoscerentur.
1483 419 1568 466 Sin
1622 418 1811 441 ”““*““”

1586 457 1630 485 De
1642 466 1770 491 numero,
1782 466 1833 486 un·

205 493 468 557 Scripturae
493 495 622 559 leges
652 497 755 544 fieri
790 513 885 544 non
919 503 1121 560 possunt
1151 495 1252 543 sine
1278 493 1570 542 authoritate
1586 501 1835 572 ‘iamm-

202 569 409 632 publica,
448 571 715 619 authoritas
745 572 826 619 illa
855 571 1072 619 cititate‘s
1103 570 1210 625 erit,
1234 570 1309 618 vel
1333 569 1567 618 ecclesiae.
1585 553 1851 625 Ξμωιωὶίιπῒ

202 644 269 693 At
292 645 499 693 ecclesia
524 647 563 694 si
587 663 682 694 una
706 663 910 710 persona
941 647 1018 704 sit,
1043 645 1208 693 eadem
1244 661 1319 693 res
1342 651 1419 693 est
1457 639 1814 693 cu111“¹'¹²'⁸‘³¹⁷¹’'¹²¹²

203 719 405 768 civitate
423 739 442 775 ;
478 737 583 784 quae
616 722 824 785 quidem,
850 722 963 784 quia
985 729 1175 769 constat
1197 737 1256 768 ex
1278 720 1568 778 hominibus,

204 794 380 843 civitas
389 814 407 851 ;
454 797 566 859 quia
611 807 801 845 constat
846 814 905 844 ex
950 797 1223 844 hominibus
1269 795 1568 855 Christianis,

203 869 415 918 ecclesia
442 872 727 935 appellatur.
795 872 947 920 Totus
972 880 1134 919 autem
1156 887 1384 919 numerus
1407 871 1569 919 Chris-

202 944 444 994 tianorum
480 948 742 1006 hominum,
778 948 868 996 nisi
903 964 997 995 una
1033 947 1224 995 civitate
1256 947 1570 1010 comprehen-
1643 956 1648 960 ’

204 1019 395 1079 dantur,
436 1038 533 1069 non
569 1032 639 1070 est
673 1039 877 1086 persona
909 1039 1038 1077 una;
1090 1037 1244 1086 neque
1277 1021 1375 1069 ulla
1406 1022 1571 1070 existit

204 1096 405 1144 ecelesia
427 1098 723 1155 universalis,
747 1099 882 1161 cujus
904 1107 989 1146 aut
1018 1098 1196 1175 'oritate
1225 1098 1422 1161 regendi
1442 1106 1568 1146 sunt.

206 1172 468 1235 Scripturae
503 1189 618 1233 ergo
652 1190 749 1221 non
783 1175 907 1221 fiunt
941 1174 956 1221 l
1018 1177 1070 1221 es
1103 1189 1190 1236 per
1222 1173 1568 1222 authoritatem

204 1247 431 1296 Ecclesiae
457 1248 749 1297 universalis.
819 1248 964 1298 Quod
985 1250 1025 1296 si
1043 1248 1209 1296 civitas
1227 1265 1320 1296 una
1336 1258 1461 1297 esset
1482 1265 1570 1313 per

206 1330 364 1370 totum
387 1324 551 1371 orbem
575 1324 776 1372 ecclesia
798 1324 1091 1382 universalis,
1115 1331 1397 1386 sequeretur
1431 1340 1568 1388 reges

205 1404 456 1462 coetusque
487 1415 697 1447 summos
726 1416 814 1463 pro
843 1400 1042 1463 privatis
1075 1398 1289 1462 personis
1322 1399 1568 1448 habendos

204 1488 323 1531 ωδε,
347 1484 396 1522 et
411 1475 472 1522 ab
487 1491 583 1522 una
598 1475 854 1523 universali
870 1483 1112 1538 potestate
1129 1490 1216 1538 per
1230 1483 1386 1522 totum
1400 1475 1567 1522 orbem

205 1547 529 1596 Christianum
547 1550 848 1612 judicandos,
881 1549 1205 1614 deponendos,
1230 1559 1279 1597 et
1301 1549 1568 1613 puniendos

203 1638 324 1672 esse.
393 1624 607 1673 Quaestio
641 1625 791 1688 igitur
813 1625 872 1673 de
896 1626 1188 1674 authoritate
1212 1625 1567 1688 Scripturarum

204 1697 451 1747 reducitur
478 1700 540 1747 ad
567 1700 720 1748 hanc:
758 1707 915 1749 utrum
945 1717 1093 1766 reges
1120 1700 1410 1760 Christiani,
1435 1701 1568 1765 iique

202 1781 357 1822 coetuae
394 1776 479 1839 qui
509 1775 559 1822 in
583 1775 866 1823 civitatibus
905 1775 1205 1824 Christiani-s·
1227 1791 1455 1823 summam
1477 1776 1566 1824 ha-

205 1847 319 1897 bent
342 1857 658 1914 potestatem,
683 1850 831 1898 liberi
853 1851 954 1899 sint
976 1851 1025 1899 in
1047 1851 1151 1898 suis
1175 1851 1391 1916 ipsorum
1415 1851 1565 1899 domi-

203 1923 302 1971 niis
319 1942 338 1979 ;
377 1941 441 1972 an
475 1925 559 1972 uni
591 1926 779 1973 vicario
818 1926 1006 1974 Christi
1037 1926 1225 1974 subditi
1268 1926 1369 1974 sint
1401 1926 1465 1974 ab
1510 1943 1566 1974 eo

191 1998 476 2061 judicandi,
500 2000 864 2060 condemnandi,
899 2001 1187 2066 deponendi,
1216 2002 1566 2064 interficiendi—

204 2090 314 2138 qnoe,
350 2082 506 2139 prout
540 2075 726 2123 vicario
762 2076 841 2124 illi
884 2076 1124 2142 expedire
1169 2076 1289 2124 bono
1335 2078 1568 2125 communi

202 2148 462 2213 spirituali
482 2150 633 2198 visum
656 2151 769 2199 erit.

269 2224 343 2272 De
366 2241 461 2288 qua
483 2226 748 2288 quaestione
772 2226 1186 2274 determinandum
1203 2242 1301 2275 non
1324 2238 1413 2285 est,
1431 2235 1566 2275 ante-

204 2315 348 2363 quam
370 2300 567 2363 propius
591 2301 940 2364 inspexerimus
961 2302 1013 2349 in
1042 2302 1154 2364 jura
1186 2303 1323 2365 regni
1354 2302 1476 2357 Dei;
1510 2310 1566 2350 ut

204 2375 410 2423 sciamus
433 2375 561 2433 inde,
586 2377 724 2439 cujus
748 2377 810 2424 sit
834 2377 1105 2439 Scripturas
1130 2377 1300 2425 Sacras
1330 2377 1564 2440 interpre-

202 2450 339 2498 tandi
356 2450 638 2499 authoritas.
675 2450 962 2514 Quicunque
979 2451 1106 2499 enim
1118 2460 1407 2514 potestatem
1420 2452 1565 2500 habet

204 2524 469 2588 legitimam
491 2525 699 2574 faciendi
721 2535 777 2574 ut
799 2527 1036 2590 scriptura
1057 2527 1216 2590 aliqua
1237 2543 1325 2590 pro
1347 2527 1451 2589 lege
1478 2526 1563 2575 hae

203 2599 390 2657 beatur,
412 2608 703 2662 potestatem
728 2602 874 2650 etiam
895 2602 1042 2650 habet
1064 2602 1276 2665 ejusdem
1313 2602 1563 2666 scripturae

205 2673 650 2737 interpretationem
671 2676 970 2739 approbandi
992 2685 1042 2725 et
1063 2676 1379 2740 improbandi.
