1968 3236
369 200 461 251 170
864 215 935 246 DE
965 215 1242 249 cwrrA'rE.

101 346 200 378 CAp,
220 348 283 380 xx
290 349 319 381 1,
360 323 523 383 faciat,
542 326 703 388 priore
719 325 1018 388 obligatione
1034 326 1163 374 cives
1178 326 1463 387 liberantur,
1474 328 1750 391 debentque

116 402 307 473 Μ
361 400 537 448 victori
566 401 908 449 obedientiam.
966 402 1150 449 Verum
1172 402 1213 450 si
1247 411 1418 466 captus
1457 404 1750 462 detineatur,

116 489 231 517 civium.
360 483 654 539 potestatem
680 493 825 540 quam
849 477 1061 524 habebat
1089 477 1140 525 in
1159 478 1357 526 civitate
1383 495 1470 527 sua
1494 495 1749 538 summam,

360 552 630 614 perdidisse
646 568 746 600 non
761 553 1068 616 intelligitur.
1107 554 1271 602 Quare
1297 554 1479 602 subditi
1503 557 1607 618 ejus
1633 554 1752 602 obli-

359 635 539 690 gantur
571 627 898 676 obedientiam
938 628 1305 692 magistratibus
1325 630 1387 677 ab
1412 646 1470 678 eo
1494 638 1609 678 ante
1633 646 1751 678 con-

360 703 542 751 stitutis
583 710 633 751 et
666 704 865 752 nomine
902 705 1023 767 ejus,
1063 720 1340 767 quanquam
1376 705 1428 752 in
1465 705 1750 768 captivitate

359 779 626 838 existentis,
663 780 856 827 solitam
879 787 1129 843 praestare.
1201 780 1437 828 Manente
1471 781 1603 828 enim
1639 782 1750 844 jure

358 856 476 917 ejus,
504 855 711 918 quaestio
737 855 798 903 de
816 856 920 903 sola
943 855 1366 903 administratione
1390 863 1478 915 est,
1503 856 1555 903 id
1578 864 1668 915 est,
1689 856 1750 904 de

357 931 725 994 magistratibus
750 939 800 979 et
822 931 1088 986 ministris;
1126 947 1246 993 quos
1282 931 1398 994 quia
1431 930 1533 994 ipse
1568 931 1750 980 consti-

357 1013 495 1054 tuere
520 1023 606 1054 suo
631 1007 834 1055 arbitrio
857 1023 957 1055 non
980 1014 1162 1070 potest,
1187 1006 1312 1065 illos,
1339 1022 1461 1070 quos
1495 1007 1599 1070 ipse
1634 1014 1749 1056 ante

358 1082 698 1142 constituerat,
715 1083 924 1146 probare
948 1082 1255 1146 intelligitur.

853 1295 1069 1344 CAPUT
1105 1295 1275 1342 XXII.

722 1396 784 1428 1>ss
810 1395 1161 1427 SYSTEMATxssus
1194 1394 1379 1426 clva.

355 1465 435 1512 DE
461 1465 792 1527 generatione,
809 1464 1050 1526 forma‚het
1067 1470 1313 1527 potestate
1329 1462 1541 1510 civitatis
1561 1462 1748 1510 dictum

355 1547 442 1588 est.
513 1539 788 1587 Dicendum
829 1555 961 1587 nunc
999 1546 1073 1586 est
1113 1538 1174 1586 de
1214 1538 1435 1600 paitibus
1465 1538 1586 1601 ejus.
1656 1537 1748 1585 Per

354 1621 574 1678 systema
609 1615 828 1678 intelligo
863 1630 1112 1662 numerum
1144 1630 1476 1678 quemcunque
1506 1613 1748 1661 hominum

355 1707 406 1738 m
429 1706 532 1738 rem
557 1691 778 1755 ipsorum
802 1706 1092 1738 communem
1115 1688 1556 1753 congredientium.
1610 1688 1747 1737 Quo-

354 1782 463 1813 rum
487 1766 582 1813 alia
605 1765 888 1830 regularia,
915 1765 1010 1812 alia
1031 1763 1348 1829 irregularia
1380 1772 1509 1811 sunt.
1578 1763 1747 1828 Regu-

354 1840 491 1889 laria
517 1841 716 1905 quidem
757 1857 815 1888 ea
840 1848 972 1898 sunt,
997 1840 1049 1887 in
1087 1840 1263 1903 quibus
1298 1839 1446 1887 homo
1470 1839 1549 1887 vel
1586 1847 1744 1888 coetus

353 1933 478 1965 unus
501 1933 759 1980 personam
784 1916 912 1979 gerit
937 1915 1168 1963 omnium.
1240 1915 1432 1963 Caetera
1454 1922 1620 1963 autem
1643 1931 1745 1963 om·

353 1994 436 2041 nia
459 2001 573 2040 sunt
597 1992 932 2057 irregularia.

421 2069 736 2132 Regularium
756 2068 852 2116 alia
875 2066 1110 2115 absoluta
1136 2074 1265 2123 sunt,
1282 2065 1382 2113 sive
1407 2065 1743 2130 independen-

354 2146 444 2204 tia,
469 2145 520 2193 id
542 2153 633 2204 est,
650 2144 834 2192 nemini
858 2143 1054 2191 subdita
1068 2149 1396 2206 praeterquam
1415 2158 1515 2190 suae
1529 2142 1743 2206 propriae

351 2238 572 2286 personae
594 2219 1040 2284 repraesentativae3
1078 2219 1244 2282 quales
1280 2226 1394 2266 sunt
1429 2218 1667 2275 civitates,
1691 2224 1743 2266 et

352 2297 549 2361 quidem
573 2297 703 2345 solae.
774 2297 847 2344 De
883 2296 1058 2360 quibus
1083 2295 1269 2343 dictum
1299 2295 1402 2357 jam
1426 2301 1499 2342 est
1522 2294 1574 2341 in
1601 2293 1742 2357 qnin-

352 2389 446 2436 que
469 2373 691 2437 proxime
715 2371 1046 2435 superioribus
1070 2370 1327 2434 capitibus.
1364 2369 1477 2417 Alia
1495 2377 1612 2417 sunt
1628 2368 1741 2417 sub-

351 2449 606 2507 ordinata‚
622 2464 812 2511 nempe,
829 2462 1029 2495 summae
1046 2446 1278 2510 potestati
1297 2445 1522 2504 civitatiS,
1537 2444 1617 2493 cui
1634 2451 1741 2493 tum

349 2525 544 2590 singuli,
579 2533 687 2573 tum
720 2524 867 2572 etiam
905 2523 990 2587 qui
1024 2523 1241 2587 ipsorum
1279 2538 1541 2585 personam
1589 2520 1736 2585 gerit,

351 2602 690 2666 subjiciuntur.

417 2679 491 2726 De
515 2676 858 2742 systematibus
889 2672 1215 2723 subordinatis
1239 2672 1334 2720 alia
1362 2671 1584 2737 politica
1609 2676 1741 2730 sunt,

349 2754 445 2801 alia
470 2753 701 2819 privata.
793 2749 1027 2808 Politica,
1063 2764 1172 2812 quae
1208 2748 1373 2795 vocari
1401 2747 1549 2795 etiam
1582 2745 1743 2795 solent

350 2844 567 2894 corpora
583 2827 819 2893 politica,
844 2842 902 2874 ea
923 2831 1052 2884 sunt,
1074 2840 1183 2888 quae
1197 2823 1260 2871 ab
1284 2822 1584 2872 authoritate
1608 2836 1740 2870 sum-
