1968 3236
520 245 591 278 DE
619 244 805 278 REGNO
831 244 1234 279 TENEBRARUM.
1469 234 1565 276 453

189 357 297 416 Dei,
312 356 527 405 nascitur
550 356 681 420 quod
700 364 918 419 pastores
941 364 991 404 et
1013 356 1226 404 ministri
1249 354 1568 403 ecclesiarum
1586 375 1691 408 eff,
1710 374 1836 408 κων.

188 448 367 482 nomen
390 432 482 480 sibi
505 440 755 479 assumant
779 430 920 489 cleri,
940 439 1144 479 caeteros
1163 430 1465 479 Christianos
1488 446 1571 493 ap-

189 508 428 574 pellantes
448 506 622 564 laicos,
644 507 693 554 id
708 515 795 564 est,
813 506 1097 569 simpliciter
1111 505 1364 571 populum.
1400 505 1570 553 Clerus

189 583 320 632 enim
335 583 494 647 primo
517 591 566 630 et
588 584 784 646 proprie
810 581 1053 645 significat
1067 588 1265 640 sortem,
1281 580 1458 629 deinde
1477 580 1572 629 hae·

190 658 471 713 reda’tatem,
487 665 535 705 et
560 665 806 720 postremo
829 672 911 703 eos
934 656 1034 719 qui,
1054 664 1291 719 regnante
1308 655 1443 704 Deo
1430 672 1481 703 m
1500 655 1568 703 Is-

190 733 337 791 raele,
377 732 633 781 alebantur
668 748 727 779 ex
766 731 1001 779 reditibus
1037 731 1243 794 publicis
1283 746 1404 794 quos
1440 730 1573 779 Deus

192 808 285 857 sibi
307 816 656 866 reservaverat,
675 823 865 870 nempe,
889 822 949 854 ex
973 806 1221 854 sacrificiis
1238 815 1290 854 et
1312 806 1570 854 oblationi·

191 885 284 933 bus
306 901 426 948 quas
449 885 580 932 Deus
603 883 654 931 in
686 883 969 931 alimentum
1004 882 1337 930 ministrorum
1373 897 1572 930 suorum

191 960 515 1045 publicorum,
542 959 624 1022 qui
654 966 794 1006 erant
827 957 1025 1015 Levitae,
1048 965 1372 1020 separaverat.
1443 957 1574 1041 Papa

193 1051 328 1100 ergo,
352 1035 435 1098 qui
472 1036 522 1082 in
557 1034 761 1083 ecclesia
796 1033 926 1081 idem
958 1048 1062 1080 esse
1084 1032 1189 1080 vult
1221 1032 1351 1095 quod
1385 1042 1491 1080 erat
1521 1032 1572 1079 in

193 1126 346 1174 regno
371 1110 479 1168 Dei,
504 1110 554 1158 id
577 1118 650 1158 est
683 1110 733 1157 in
758 1109 953 1168 Israele,
977 1124 1194 1175 summus
1218 1107 1461 1166 sacerdos,
1496 1124 1573 1155 re-

195 1186 326 1235 ditus
350 1186 529 1235 similes
552 1203 582 1234 a
605 1185 895 1233 Christianis
914 1175 1128 1248 postulat
1151 1183 1243 1231 sibi
1262 1193 1313 1232 et
1346 1182 1573 1231 sacerdo-

194 1262 325 1311 tibus
358 1262 457 1309 suis
480 1278 511 1308 a
534 1260 856 1315 Christianis;
892 1259 955 1308 ad
989 1276 1135 1323 quam
1158 1275 1263 1307 rem
1286 1259 1575 1323 expediebat

195 1346 254 1386 ut
270 1337 547 1386 sacerdotes
569 1336 931 1399 appellarentur
945 1334 1124 1382 clerus.
1160 1335 1374 1382 Decimae
1393 1335 1575 1397 itaque,

198 1429 307 1478 quae
341 1412 524 1461 Levitis
546 1413 670 1475 jure
705 1411 869 1459 divino
894 1410 1198 1458 debebantur
1215 1410 1266 1457 in
1290 1425 1442 1472 regno
1467 1409 1575 1466 Dei,

197 1489 514 1552 requiruntur
536 1496 586 1535 et
608 1496 867 1535 sumuntur
885 1487 987 1549 jam
1023 1485 1107 1533 diu
1138 1485 1200 1532 ab
1225 1484 1576 1542 ecclesiasticis,

199 1580 300 1613 non
309 1564 435 1627 jure
456 1562 610 1620 cirili,
635 1562 721 1610 sed
745 1562 909 1609 divino
930 1580 948 1616 ;
984 1569 1034 1608 et
1056 1560 1264 1624 populus
1287 1559 1467 1623 ubique
1490 1575 1579 1623 per

199 1639 454 1689 eeclesiam
472 1638 742 1686 Romanam
767 1637 1024 1700 pensiones
1045 1635 1265 1699 publicas
1288 1635 1460 1698 duplas
1484 1635 1579 1683 sol-

198 1722 336 1773 vunt,
359 1713 536 1762 alteras
559 1712 748 1760 civitati
771 1728 886 1768 suae,
910 1711 1088 1759 alteras
1112 1711 1243 1759 clero
1275 1711 1510 1759 Romano.

265 1790 345 1838 Ab
362 1789 533 1838 eodem
557 1804 736 1846 errore,
761 1787 893 1851 quod
916 1787 1122 1835 ecclesia
1137 1803 1351 1850 praesens
1374 1795 1449 1835 est
1471 1803 1580 1850 reg-

200 1882 319 1915 num
341 1865 449 1923 Dei,
473 1863 756 1912 introducta
778 1872 852 1911 aet
875 1862 1122 1911 distinctio
1157 1863 1285 1911 inter
1307 1863 1439 1926 legoe
1463 1862 1582 1910 civi-

202 1940 278 1989 les
299 1948 352 1988 et
373 1939 655 1988 canonicas.
726 1939 851 1986 Sunt
884 1947 1049 1987 autem
1089 1938 1221 2002 leges
1257 1938 1438 1996 civiles,
1473 1945 1584 1985 acta

202 2014 547 2079 imperantium
571 2014 621 2062 in
656 2014 881 2061 dominiis
914 2013 1155 2077 propriis;
1193 2022 1242 2061 et
1276 2013 1407 2076 leges
1438 2029 1583 2060 cano-

203 2091 345 2150 nicae,
368 2098 479 2139 acta
501 2089 752 2138 Pontificis
775 2089 827 2138 in
850 2089 1078 2137 dominiis
1111 2088 1299 2137 iisdem.
1370 2087 1469 2135 Sed
1490 2087 1582 2143 hae,

205 2175 323 2215 ante
357 2165 549 2229 imperii
582 2165 954 2213 translationem
997 2165 1047 2213 in
1086 2164 1313 2212 Carolum
1349 2163 1584 2226 Magnum

204 2243 339 2306 leges
371 2257 471 2289 non
494 2248 663 2294 erant;
699 2256 975 2303 quanquam
998 2246 1184 2303 postea,
1207 2237 1585 2302 procedentibus

207 2317 364 2365 indies
397 2314 627 2373 tenebriS,
662 2315 979 2378 imperatores
1016 2314 1108 2378 ipsi
1144 2330 1225 2362 eas
1258 2329 1347 2377 pro
1381 2312 1584 2375 legibus,

207 2399 345 2440 metu
382 2389 581 2452 majoris
626 2389 741 2437 mali
778 2405 807 2437 a
847 2389 1067 2438 caecitate
1103 2388 1286 2452 populi,
1327 2386 1586 2435 admittere

209 2465 366 2516 coacti
388 2474 518 2513 sunt.

278 2540 410 2589 Hinc
449 2538 596 2587 etiam
618 2546 708 2597 est,
733 2538 866 2603 quod
900 2539 951 2587 in
984 2538 1203 2602 pluribus
1237 2537 1480 2593 dominiis,
1502 2536 1588 2584 ubi

212 2618 356 2680 Papae
377 2621 593 2678 potestas
611 2613 940 2662 ecclesiastica
957 2613 1148 2677 integra
1166 2612 1415 2675 recipitur,
1428 2611 1457 2659 J
1461 2611 1589 2660 udaei

211 2698 261 2739 et
282 2689 429 2738 Turci
462 2703 550 2736 suo
573 2687 718 2736 modo
751 2688 907 2736 Deum
945 2687 1120 2746 colere,
1146 2695 1382 2750 quatenus
1419 2694 1590 2734 contra

211 2773 505 2830 potoetatem
545 2762 736 2811 civilem
773 2779 873 2811 nou
910 2763 1178 2819 offendunt,
1210 2761 1589 2825 permittantur;

213 2837 479 2889 Christiani
501 2846 685 2896 autem,
704 2837 955 2886 civitatum
972 2838 1177 2886 aliarum
1204 2837 1350 2893 cives,
1368 2836 1418 2885 in
1435 2836 1591 2885 Roma

1623 430 1813 451 b—-rd

1609 471 1655 499 De
1667 470 1793 499 tenebri-

1607 513 1808 552 spiritualibus·

1607 558 1823 594 abimum-eta-

1608 601 1839 629 tionenonroeu

1608 644 1833 682 scripurarum.
