1968 3236
425 263 520 306 216
937 271 1006 304 DE
1036 270 1312 304 CIVITATE.

143 403 404 436 minxxvn,
493 382 549 429 Id
574 382 703 445 quod
726 381 908 429 factum
932 381 1131 444 aliquod
1153 382 1297 444 plane
1319 385 1536 436 excusat,
1561 383 1811 424 naturam-

164 460 369 524 „Jr‘iffi
426 475 519 522 que
540 458 751 505 criminis
777 458 930 520 ipsam
949 458 1093 515 tollit,
1114 458 1235 504 nihil
1260 472 1365 504 esse
1382 463 1544 519 potest
1562 460 1742 516 praeter
1760 449 1812 496 id

160 539 354 610 :tusvffvuw
427 533 557 597 quod
581 533 699 594 legis
724 532 1072 594 obligationem
1101 532 1244 579 simul
1276 531 1422 579 tollit.
1494 528 1641 578 Quod
1681 526 1810 574 enim

161 586 398 654 ιζζῖἶῖαἷξῖἰὲιῖιῖ
425 616 596 655 contra
624 608 780 670 legem
816 607 963 654 semel
999 607 1310 654 commissum
1345 614 1435 663 est,
1459 605 1509 652 in
1541 620 1616 660 eo,
1642 602 1726 666 qui
1749 601 1812 649 ad

423 684 580 746 legem
612 683 899 730 servandam
929 683 1188 746 obligatur,
1213 682 1486 730 necessario
1511 680 1695 728 crimen
1720 686 1809 725 est.

490 759 667 821 Legem
701 773 995 820 cognoscere
1014 774 1114 805 non
1129 758 1345 820 potuisse
1364 756 1582 804 totaliter
1595 760 1810 802 excusat.

423 834 497 881 Illi
523 833 651 880 enim
674 833 751 880 lex
776 833 993 880 nondum
1013 840 1102 880 est.

491 909 588 957 Qui
625 909 751 956 bello
791 917 978 972 captus,
1019 910 1096 956 vel
1137 909 1187 955 in
1229 908 1451 956 manibus
1484 906 1699 954 hostium
1732 912 1811 952 ut—

423 1000 613 1046 cunque
638 984 866 1042 existens,
898 984 967 1045 (in
1007 983 1231 1031 manibus
1264 990 1427 1031 autem
1462 981 1676 1029 hostium
1705 995 1811 1027 esse

422 1059 546 1117 dico,
573 1059 655 1122 qui
679 1059 755 1106 vel
779 1059 896 1122 ipse,
921 1059 998 1106 vel
1014 1059 1145 1106 bona
1169 1075 1256 1106 sua
1280 1058 1343 1106 ad
1359 1057 1622 1105 vivendum
1641 1071 1811 1104 neces«-

422 1134 561 1189 saria,
587 1135 647 1182 ab
671 1135 811 1182 hoste
836 1143 1154 1198 occupantur,
1179 1151 1271 1182 nec
1303 1150 1391 1181 sua
1425 1132 1574 1196 ipsius
1593 1132 1738 1195 culpa
1759 1131 1811 1179 in

420 1226 592 1257 manus
626 1210 838 1257 hostium
861 1211 1091 1269 venerit),
1117 1226 1215 1257 non
1236 1209 1444 1272 amplius
1467 1208 1575 1270 lege
1599 1206 1812 1254 civitatis

421 1285 677 1348 obligatur.
749 1286 895 1334 Hosti
919 1286 1048 1333 enim
1073 1284 1399 1333 obediendum
1425 1292 1498 1331 est
1523 1283 1812 1340 necessario,

422 1368 506 1408 aut
551 1360 857 1408 moriendum
880 1382 891 1416 ;
937 1361 1088 1408 vitam
1130 1368 1295 1408 autem
1342 1373 1631 1407 conservare
1678 1357 1812 1405 omni

422 1435 567 1483 modo
591 1436 780 1482 licitum
805 1443 892 1483 est.

491 1511 542 1558 Si
567 1511 674 1574 quis
693 1511 755 1558 ad
778 1511 1054 1559 faciendum
1073 1511 1256 1575 aliquid
1275 1517 1446 1559 contra
1462 1510 1620 1573 legem
1638 1508 1813 1556 mortis

423 1587 720 1634 imminentis
759 1597 892 1634 metu
927 1588 1203 1650 compulsus
1238 1587 1317 1646 sit,
1335 1586 1484 1650 'plene
1519 1591 1811 1639 excusatur;

425 1662 538 1724 quia
559 1662 671 1710 vitae
696 1679 796 1710 suae
824 1663 1240 1711 conservationem
1277 1662 1525 1725 negligere
1556 1676 1700 1708 nemo
1724 1660 1811 1708 ob-

422 1737 617 1800 ligatur.
672 1738 931 1801 Supposito
952 1739 1079 1785 enim
1100 1738 1233 1802 quod
1251 1737 1494 1800 obligatus
1518 1744 1661 1795 esset,
1677 1735 1811 1799 cogi-

424 1819 552 1860 taret
566 1821 746 1870 tamen,
763 1813 1086 1877 nisisaciam‚
1105 1813 1277 1861 statim
1296 1812 1480 1860 morior
1496 1830 1513 1866 ;
1537 1812 1584 1858 si
1587 1811 1811 1875 faciam,

414 1895 538 1952 post
561 1889 749 1935 moriar
758 1908 775 1943 ;
781 1889 1031 1952 faciendo
1051 1906 1174 1954 ergo
1190 1889 1342 1937 vitam
1366 1887 1812 1952 aliquanzdiupro-
1870 1905 1873 1909 ⁴

424 1963 563 2010 clueo,
635 1964 902 2026 Compellet
930 1980 1045 2027 ergo
1071 1965 1133 2012 ad
1155 1964 1434 2012 faciendum
1458 1972 1634 2011 natura
1655 1962 1775 2025 ipsa.

492 2038 590 2087 Qui
623 2038 865 2087 alimentis
900 2040 1065 2087 aliisve
1096 2041 1240 2088 rebus
1265 2040 1328 2088 ad
1349 2040 1501 2087 vitam
1524 2037 1812 2086 necessariis

425 2113 686 2162 destitutus
723 2122 812 2173 est,
836 2131 992 2178 neque
1028 2116 1131 2164 sine
1166 2116 1328 2179 legum
1365 2115 1628 2163 violatione
1656 2114 1808 2162 vitam

424 2189 661 2237 sustinere
693 2197 885 2253 potest;
922 2191 1053 2253 quod
1088 2192 1139 2239 in
1171 2208 1351 2255 magna
1384 2192 1512 2239 fame
1546 2190 1811 2255 aliquando

423 2264 617 2322 accidit,
647 2265 730 2311 ubi
767 2281 924 2328 neque
959 2267 1147 2314 venalia
1182 2276 1310 2325 sunt,
1335 2283 1495 2330 neque
1530 2267 1626 2315 alio
1661 2265 1810 2315 modo

422 2339 634 2387 obtineri
668 2340 900 2387 alimenta
937 2350 1167 2403 possunt;
1210 2343 1420 2390 alienum
1451 2342 1513 2390 ad
1543 2343 1616 2390 sui
1641 2341 1810 2390 defen-

422 2415 609 2462 sionem
645 2423 731 2462 aut
766 2417 1183 2465 conservationem
1220 2419 1259 2466 si
1284 2419 1416 2466 furto
1441 2419 1517 2466 vel
1540 2419 1588 2467 vi
1618 2418 1807 2482 eripiat,

420 2490 638 2538 totaliter
661 2497 934 2538 excusatur.

489 2566 636 2613 Facta
659 2574 832 2613 contra
849 2566 1005 2629 legem
1022 2567 1318 2616 authoritate
1343 2570 1503 2618 aliena
1516 2577 1810 2618 excusantur

421 2648 593 2689 contra
609 2641 863 2689 authorem
884 2641 1041 2704 ipsum
1062 2663 1073 2697 ;
1110 2643 1223 2705 quia
1241 2652 1456 2692 actorem
1475 2661 1614 2693 suum
1631 2645 1810 2694 author

421 2732 650 2765 accusare
684 2733 781 2765 non
821 2716 999 2764 debet:
1037 2718 1122 2765 sed
1153 2728 1326 2767 contra
1348 2721 1547 2768 tertium
1570 2721 1702 2770 facto
1724 2721 1809 2770 lae-

422 2809 528 2839 sum
553 2808 651 2840 non
677 2800 987 2846 excusantur,
1011 2808 1170 2855 neque
1196 2810 1312 2856 ergo
1345 2804 1515 2844 contra
1539 2797 1806 2856 civitatem,

421 2867 559 2930 cujus
573 2867 704 2931 leges
720 2867 914 2915 violatae
929 2866 1126 2917 fuerint.
1187 2870 1357 2932 Itaque
1378 2872 1414 2919 si
1441 2871 1587 2920 homo
1611 2872 1689 2920 vel
1712 2888 1809 2921 οω-
