1910 3236
104 414 206 446 CAP.
224 414 268 446 V.

106 508 150 535 Da
164 508 273 535 ratione

106 555 134 578 et
147 550 275 579 scientia.

333 271 394 314 38
852 280 922 312 DE
951 278 1193 311 HOMINE.

332 390 444 453 gica
477 390 767 438 habuerunt.
838 389 984 438 Quod
1012 396 1177 436 autem
1199 389 1379 438 attinet
1400 390 1465 438 ad
1488 391 1714 439 scientias

333 466 466 525 alias,
509 466 579 513 illi
620 466 702 528 qui
741 481 839 513 non
880 463 1157 512 didicenmt
1192 465 1430 529 principia
1470 467 1589 529 ejus,
1622 482 1714 514 nec

333 549 526 589 tantum
559 541 610 587 in
650 540 743 587 illis
782 555 1096 602 progressum
1135 539 1373 600 fecerunt,
1411 549 1468 589 ut
1502 541 1716 590 viderint

334 616 577 680 quomodo
606 622 850 679 generatae
879 622 930 662 et
953 615 1205 679 acquisitae
1234 616 1433 675 fuerint,
1456 617 1526 665 ita
1547 618 1612 665 ad
1635 632 1716 665 eas

333 709 385 741 se
415 693 596 740 habent
631 699 688 739 ut
723 691 862 754 pueri
896 691 960 739 ad
994 691 1323 755 cognitionem
1357 693 1713 756 generationis3

334 768 417 831 qui
448 769 621 816 fratres
650 783 760 815 suos
789 775 839 815 et
866 783 1056 815 sorores
1083 783 1184 815 non
1206 775 1363 828 natos,
1387 768 1474 816 sed
1496 769 1548 816 in
1569 769 1715 816 horto

332 850 550 907 repertos
573 858 693 901 esse,
718 842 926 890 credunt
946 842 1244 891 mulieribus.

399 919 746 976 Veruntamen,
781 917 865 980 qui
905 917 1008 965 sine
1040 918 1173 966 omni
1210 925 1326 966 sunt
1360 919 1578 979 scientia,
1614 919 1717 967 sola

333 993 594 1058 prudentia
618 993 827 1041 naturali
849 992 1089 1042 nobiliore
1112 994 1392 1042 conditione
1415 1003 1544 1054 sunt,
1568 1011 1716 1058 quam

333 1069 401 1116 illi
425 1069 509 1133 qui
532 1069 868 1117 ratiocinando
891 1069 1035 1126 male,
1057 1070 1135 1117 vel
1166 1070 1291 1118 male
1313 1070 1716 1119 ratiocinantibus

335 1145 595 1205 credendo,
635 1146 857 1193 incidunt
895 1146 947 1192 in
977 1146 1172 1208 regulas
1205 1146 1456 1209 generales
1485 1145 1632 1194 falsas
1666 1153 1719 1194 et

334 1221 582 1270 absurdas.
652 1221 919 1269 Causarum
947 1222 1076 1269 enim
1101 1228 1151 1269 et
1172 1222 1453 1285 regularum
1475 1221 1717 1285 ignoratio

333 1314 434 1345 non
479 1304 642 1345 tantos
688 1313 876 1345 errores
921 1303 1140 1361 generat,
1187 1305 1396 1361 quantos
1440 1297 1624 1360 regulae
1668 1303 1719 1345 et

335 1389 493 1420 causae
515 1373 663 1420 falsae.

400 1448 567 1496 Animi
607 1449 806 1496 humani
844 1449 928 1496 lux
969 1454 1043 1496 est
1082 1447 1238 1496 oratio
1274 1448 1546 1511 perspicua,
1572 1448 1717 1512 justis

336 1524 698 1571 definitionibus
757 1532 870 1572 ante
930 1530 1174 1583 emuncta,
1220 1524 1716 1587 ambiguitatibusque

334 1606 556 1662 purgata.
626 1599 770 1647 Ratio
803 1607 876 1647 est
902 1616 1112 1665 gressus
1128 1619 1146 1656 ,·
1186 1600 1446 1648 methodus
1470 1599 1535 1648 ad
1556 1600 1715 1647 scien-

336 1674 457 1722 tiam
491 1674 572 1721 via
604 1682 707 1729 est3
745 1675 960 1723 scientiae
995 1683 1159 1723 autem
1188 1675 1315 1735 finis,
1348 1675 1518 1723 bonum
1548 1676 1716 1724 Imma-

331 1766 456 1797 num.
504 1750 806 1812 Metaphorae
824 1759 987 1799 autem
1007 1759 1058 1799 et
1077 1752 1226 1799 verba
1243 1751 1365 1799 nihil
1389 1751 1717 1814 significantia

332 1832 418 1872 aut
441 1825 680 1887 ambigua,
706 1833 819 1873 sunt
842 1827 986 1891 ignes
1003 1827 1156 1891 fatui
1170 1846 1190 1882 ;
1226 1827 1278 1874 in
1301 1827 1478 1890 quibus
1502 1827 1584 1890 qui
1606 1843 1716 1875 ver-

333 1908 482 1958 satur,
497 1901 625 1947 inter
639 1901 960 1950 absurditates
975 1903 1351 1951 innumerabiles
1365 1910 1588 1966 vagatur,
1607 1919 1716 1966 quae

333 1977 658 2024 terminantur
688 1977 886 2025 tandem
916 1979 966 2026 in
999 1979 1327 2037 contentione,
1352 1978 1429 2026 vel
1460 1978 1714 2036 seditione,

333 2052 411 2099 vel
434 2059 732 2115 contemptu.

402 2128 539 2175 Sicut
558 2127 858 2190 experientia
874 2129 1028 2176 multa
1049 2130 1106 2177 fit
1120 2129 1400 2195 prudentia
1415 2147 1435 2184 ;
1466 2129 1538 2177 ita
1559 2129 1715 2177 scien-

333 2202 404 2251 tia
425 2202 579 2250 multa
600 2203 854 2266 sapientia
877 2211 963 2251 est.
1027 2206 1209 2252 Verum
1232 2213 1290 2252 ut
1313 2204 1588 2252 differentia
1607 2221 1716 2268 quae

335 2278 463 2326 inter
500 2278 607 2325 illas
644 2285 732 2335 est,
770 2279 1071 2327 manifestius
1108 2288 1355 2344 appareat,
1388 2296 1715 2344 supponamus

333 2354 581 2402 hominem
617 2353 827 2415 aliquem
867 2355 949 2416 qui
988 2355 1165 2403 habeat
1205 2356 1546 2404 dexteritatem
1579 2371 1717 2404 arma

334 2445 421 2477 sua
464 2429 709 2476 tractandi
763 2430 1049 2478 naturaliter
1101 2432 1448 2488 excellentem;
1506 2432 1714 2480 alterum

334 2510 498 2551 autem
533 2504 616 2567 qui
650 2503 990 2551 dexteritatem
1014 2505 1210 2568 quidem
1242 2507 1494 2570 aequalem,
1519 2507 1606 2555 sed
1627 2507 1715 2555 ha-

333 2581 447 2627 beat
469 2587 708 2643 praeterea
738 2595 982 2627 armorum
1014 2581 1267 2628 scientiam
1290 2582 1594 2646 acquisitam,
1618 2599 1715 2646 qua

334 2672 430 2719 quo
471 2655 615 2703 modo
656 2663 705 2703 et
741 2670 836 2717 qua
874 2662 1013 2718 parte
1053 2656 1285 2718 corporiS,
1328 2658 1379 2704 in
1426 2674 1714 2722 quacunque

333 2730 589 2793 positione,
613 2731 804 2778 hostem
839 2730 1087 2778 offendere
1110 2731 1186 2778 vel
1214 2733 1274 2779 ab
1307 2748 1365 2780 eo
1397 2733 1579 2781 offendi
1601 2749 1714 2796 pos-

334 2805 413 2862 sit,
437 2806 653 2869 perfecte
677 2805 861 2854 didicit.
923 2807 1112 2854 Horum
1136 2807 1343 2854 duorum
1367 2807 1623 2857 facultates
1646 2809 1715 2856 ita

333 2881 395 2929 ad
420 2897 470 2929 se
494 2882 701 2930 invicem
726 2882 922 2941 habent,
947 2883 1071 2931 sicut
1093 2882 1352 2945 prudentia
1375 2892 1424 2932 et
1448 2883 1712 2947 sapientia;
