1968 3236
503 237 573 270 ιη·
601 236 861 270 civrrA‘rE
888 235 1245 270 cuiusnam».
1471 222 1568 274 317

179 350 288 399 ibus
311 357 362 398 et
384 349 571 397 artibus
600 349 802 411 magicis
824 368 835 396 z
872 357 927 396 ut
955 347 1131 408 (Exod.
1156 347 1237 395 vii.
1271 346 1368 407 11),
1393 346 1476 393 ubi
1500 346 1566 393 le-
1627 367 1810 400 xxxva,

177 425 338 489 gimus
374 424 505 488 quod
541 432 801 487 postquam
843 424 1006 471 Moses
1037 423 1224 486 virgam
1253 437 1387 469 suam
1420 421 1569 484 proji-
1610 423 1823 493 Dm·

178 500 354 549 ciendo
377 500 428 547 in
452 508 632 547 terram
667 500 990 547 convertisset
1019 499 1069 546 in
1101 504 1391 561 serpentem,
1415 495 1571 559 Magi
1608 510 1827 534 amr-unm...

179 575 427 641 AEgyptii
448 575 610 623 simile
625 576 871 639 fecerunt
906 571 1325 621 incantationibus
1347 571 1485 618 suis.-
1521 579 1572 618 et

181 651 330 711 (vers.
371 652 458 711 22)
504 650 636 714 quod
682 659 939 713 postquam
988 649 1152 705 Moses
1198 663 1349 710 aquas
1388 647 1572 710 AEgyp-

0 785 7 793 ,
179 727 360 775 tiorum
386 727 709 774 convertisset
741 726 790 773 in
824 725 1126 788 sanguinem,
1161 724 1290 772 idem
1311 723 1573 788 secernmt

0 800 10 867 ξ
179 801 338 867 Magi
363 802 784 850 incantationibus
807 801 912 848 sui-5·
929 819 946 847 .·
970 808 1020 847 et
1042 799 1216 860 (Exod.
1234 799 1331 847 viii.
1354 800 1424 858 7),
1439 806 1574 861 post-

180 893 328 941 quam
366 878 530 925 Moses
566 894 653 941 per
687 877 958 940 potentiam
995 876 1087 923 Dei
1123 876 1171 922 in
1204 884 1360 923 terras
1392 875 1574 937 AEgyp-

177 952 361 1001 tiorum
408 952 681 1000 induxisset
723 968 882 1008 ranas,
924 950 1087 998 simile
1115 950 1361 1014 fecerunt
1405 950 1574 1014 Magi.

180 1028 359 1077 Nonne
395 1028 638 1075 miracula
676 1028 940 1075 efficaciam
975 1026 1154 1074 habere
1190 1043 1218 1074 a
1253 1042 1374 1074 sono
1403 1026 1574 1073 verbo-

179 1120 306 1162 rum,
331 1111 380 1151 et
411 1104 473 1151 ab
508 1103 583 1150 his
618 1103 736 1151 locis
772 1103 890 1152 satis
925 1102 1122 1190 prqbari
1157 1100 1574 1149 existimabimus?

180 1180 413 1229 Attamen
448 1179 609 1226 nullus
642 1179 908 1242 Scripturae
932 1178 1067 1225 locus
1091 1177 1249 1236 docet,
1275 1177 1393 1241 quid
1416 1178 1479 1224 sit
1502 1177 1575 1224 in-

181 1255 412 1304 cantatio.
450 1254 622 1317 Itaque
646 1254 686 1301 si
709 1254 978 1301 incantatio
1002 1269 1100 1300 non
1125 1253 1204 1310 sit,
1227 1261 1285 1301 ut
1306 1253 1447 1300 multi
1471 1268 1575 1300 esse

180 1337 373 1394 putant,
398 1329 590 1376 effectio
627 1329 919 1376 mirabilium
948 1344 1037 1391 per
1062 1329 1209 1376 verba
1231 1338 1281 1375 et
1306 1344 1466 1387 sonos,
1491 1328 1576 1375 sed

180 1405 468 1469 impostura,
491 1412 541 1452 et
563 1404 718 1452 modis
742 1404 1043 1452 naturalibus
1066 1403 1197 1452 facta
1230 1404 1406 1462 illusio,
1431 1403 1576 1452 adeo-

181 1496 278 1544 que
300 1480 470 1544 procul
495 1480 556 1527 ab
591 1480 874 1543 operatione
909 1479 1284 1543 supernaturali,
1308 1488 1364 1527 ut
1395 1480 1576 1542 impos-

179 1563 312 1604 tores
335 1555 428 1619 ipsi
452 1555 657 1603 scientia
679 1555 815 1603 nulla
839 1570 1094 1603 causarum
1119 1555 1415 1602 naturalium
1438 1564 1497 1602 ut
1520 1571 1579 1603 ea

179 1631 378 1690 faciant,
396 1647 488 1679 nec
512 1631 608 1679 alia
630 1647 682 1678 re
706 1631 976 1694 indigeant,
998 1646 1140 1694 quam
1163 1631 1454 1694 ignorantia,
1475 1639 1576 1679 stu-

180 1722 315 1772 pore,
350 1714 400 1754 et
436 1707 784 1770 superstitione
818 1706 1069 1755 communi
1103 1706 1295 1769 generis
1341 1707 1575 1762 humani3

182 1782 292 1831 loca
330 1782 429 1841 illa,
454 1798 563 1846 quae
595 1782 814 1846 opinioni
853 1782 914 1829 de
946 1781 1136 1845 magica
1159 1788 1208 1829 et
1231 1781 1576 1830 incantationi-

181 1857 274 1906 bus
306 1857 470 1906 favere
503 1858 659 1905 videri
696 1866 915 1921 possunt,
962 1857 1111 1904 alium
1157 1873 1351 1905 sensum
1395 1858 1576 1906 habere

183 1932 382 1992 debent,
407 1950 551 1997 quam
576 1934 734 1997 primo
757 1934 940 1981 intuitu
963 1933 1144 1981 habere
1168 1933 1442 1981 videantur.

251 2008 382 2056 Satis
415 2009 545 2056 enim
579 2009 892 2056 manifestum
926 2017 1001 2056 est
1035 2009 1184 2056 verba
1214 2009 1459 2067 effectum,
1484 2009 1578 2056 nisi

184 2083 236 2131 in
259 2099 343 2131 eos
366 2084 448 2147 qui
472 2084 767 2148 intelligunt,
791 2084 971 2132 habere
994 2083 1182 2131 nullum
1203 2102 1215 2130 ι
1250 2099 1410 2147 neque
1433 2085 1578 2131 effec-

186 2166 293 2206 tum
325 2158 377 2206 in
411 2159 542 2222 ipsos
575 2159 904 2223 intelligentes
938 2159 1109 2217 ullum,
1144 2166 1324 2222 praeter
1359 2159 1578 2207 declara-

186 2233 373 2281 tionem
419 2233 537 2296 quid
571 2234 791 2297 cogitant
826 2234 896 2282 illi
931 2234 1014 2297 qui
1049 2234 1332 2297 loquuntur.
1405 2234 1577 2296 Itaque

186 2307 385 2372 quando
406 2307 546 2371 virga
561 2308 755 2356 videtur
774 2325 990 2373 serpens,
1009 2317 1094 2357 aut
1112 2325 1240 2372 aqua
1258 2309 1470 2372 sanguis,
1491 2318 1578 2357 aut

186 2382 321 2431 aliud
339 2382 624 2430 miraculum
641 2383 826 2432 factum
845 2385 1040 2432 videtur
1057 2401 1145 2448 per
1162 2384 1546 2432 incantationem
1562 2405 1575 2439 ;

187 2458 281 2506 nisi
303 2458 391 2505 fiat
425 2457 489 2505 ad
514 2458 681 2521 populi
715 2459 807 2507 Dei
830 2460 1218 2517 aedificationem,
1242 2475 1399 2523 neque
1422 2459 1576 2522 virga,

187 2548 349 2596 neque
381 2548 526 2595 aqua,
549 2548 707 2597 neque
730 2534 862 2583 aliud
888 2535 1169 2583 incantatur
1191 2543 1369 2599 praeter
1392 2542 1579 2598 specta-

186 2614 346 2655 torem
364 2627 376 2662 ;
400 2613 656 2670 totumque
674 2609 962 2658 miraculum
982 2611 1299 2659 incantatoris
1313 2611 1361 2657 in
1378 2625 1437 2657 eo
1461 2626 1578 2658 con-

190 2681 321 2729 sistit
341 2689 398 2729 ut
421 2681 659 2745 impostor
674 2682 920 2733 hominem
940 2686 1188 2749 deceperit
1208 2707 1221 2740 ;
1269 2685 1400 2748 quod
1429 2685 1579 2732 mira-

190 2755 349 2804 culum
374 2772 472 2804 non
498 2764 584 2805 est.

255 2831 414 2879 Tanta
436 2832 567 2880 enim
589 2842 665 2881 est
697 2833 896 2883 humani
918 2836 1111 2900 generis
1134 2837 1411 2900 ignorantia
1433 2844 1484 2883 et
1515 2836 1579 2884 ad

188 2906 451 2955 errandum
491 2907 786 2971 proclivitas,
809 2910 895 2958 sed
928 2911 1136 2959 maxime
1164 2926 1333 2959 eorum
1357 2911 1441 2974 qui
1464 2927 1577 2960 oau-
