1910 3236
689 265 757 297 nr.
786 266 1027 300 nomme.
1482 264 1547 305 83

163 372 334 421 dubito
358 374 474 436 quin
499 374 595 433 illa,
622 376 661 422 si
686 391 784 424 non
812 377 1073 441 disputata,
1093 395 1352 443 suppressa
1382 390 1545 430 tamen
1597 408 1700 440 eff,
1716 408 1782 441 XI.

162 448 348 496 fuisset.
1565 463 1791 532 nem

230 524 308 572 Ab
331 524 638 587 ignoratione
657 543 914 576 causarum
933 538 1245 588 remotarum,
1259 531 1318 578 fit
1331 538 1386 579 ut
1401 547 1544 579 even·
1563 556 1683 574 morum.

162 606 243 647 tus
266 615 435 648 omnes
459 601 701 665 imputent
733 603 956 653 homines
989 605 1145 653 causis
1180 605 1472 654 immediatis
1495 615 1545 655 et

159 673 641 732 instrumentalibus3
679 694 847 726 causas
875 680 1004 727 enim
1035 680 1156 728 alias
1179 681 1336 729 nullas
1359 682 1542 730 vident.

160 749 330 813 Itaque
353 751 743 816 quandocunque
778 765 1045 803 onerantur
1080 772 1177 804 aere
1207 757 1421 819 publico,
1447 758 1543 806 iras

158 835 425 875 exonerant
449 828 499 875 in
523 829 822 892 publicanos,
848 831 898 878 id
929 839 1003 879 est
1035 832 1377 891 conductores,
1401 849 1544 881 exac-

158 911 306 959 toroe,
352 903 567 967 aliosque
614 906 859 954 redituum
901 907 1209 970 publicorum
1262 909 1512 957 ministros
1530 930 1542 964 ;

153 975 398 1041 iidemque
415 980 846 1042 reprehensoribus
860 982 1041 1045 publici
1065 983 1312 1046 regiminis
1336 1000 1441 1032 sese
1458 1001 1543 1048 ag·

154 1062 364 1117 gregant
384 1076 396 1108 ;
433 1071 641 1119 cumque
666 1057 857 1104 crimini
881 1074 931 1105 se
951 1058 1294 1116 immerserint,
1314 1076 1413 1108 una
1430 1076 1543 1108 cum

156 1127 251 1176 illis
273 1129 623 1178 authoritatem
653 1132 806 1194 ipsam
835 1149 1110 1196 supremam
1139 1143 1441 1197 oppugnant,
1465 1137 1542 1184 vel

156 1211 290 1252 metu
314 1205 553 1268 supplicii,
578 1206 654 1254 vel
678 1206 791 1269 quia
810 1208 996 1271 ignosci
1019 1209 1184 1272 pudet.

212 1279 462 1343 Ignoratio
478 1298 735 1330 causarum
751 1284 1063 1346 physicarum
1081 1284 1419 1333 credulitatem
1432 1287 1540 1350 gig-

154 1354 245 1413 nit,
268 1370 327 1403 eo
361 1371 515 1419 usque
545 1357 820 1420 aliquando,
845 1368 902 1406 ut
925 1375 984 1406 ea
1007 1360 1271 1408 credantur
1294 1377 1403 1424 quae
1427 1371 1542 1411 sunt

153 1429 483 1494 impossibilia.
553 1432 682 1480 Nam
705 1449 815 1496 quae
835 1442 963 1492 sunt,
982 1443 1031 1482 et
1055 1451 1165 1498 quae
1188 1452 1287 1484 non
1313 1445 1437 1493 sunt*
1450 1439 1541 1486 im-

152 1505 415 1568 possibilia,
440 1523 539 1555 non
571 1524 740 1556 omnes
774 1518 972 1558 norunt.
1044 1510 1318 1559 Credulitas
1357 1520 1539 1572 autem,

152 1581 268 1644 quia
282 1582 495 1630 maxima
509 1600 622 1647 pars
640 1585 895 1633 hominum
918 1586 971 1633 in
994 1587 1334 1650 congressibus
1349 1590 1540 1637 auscul-

150 1658 246 1706 tari
260 1658 352 1707 sibi
369 1668 517 1716 amat,
532 1660 785 1709 credulum
804 1661 1089 1710 mendacem
1103 1662 1391 1727 plerumque
1404 1665 1537 1712 facit.

150 1733 325 1798 Itaque
348 1733 626 1798 ignorantia
653 1737 759 1800 ipsa
782 1737 886 1785 sine
909 1738 1005 1786 alia
1025 1738 1267 1801 pravitate
1290 1739 1538 1788 hominem

148 1825 249 1858 non
287 1810 442 1859 solum
481 1812 545 1859 ad
580 1813 837 1861 mendacia
872 1813 1133 1872 credenda,
1170 1814 1256 1862 sed
1290 1816 1439 1863 etiam
1473 1815 1536 1863 ad

146 1886 407 1945 narranda,
431 1896 483 1935 et
512 1887 805 1952 quandoque
841 1890 991 1938 etiam
1014 1889 1079 1938 ad
1100 1891 1428 1954 excogitanda
1449 1907 1535 1954 ap-

146 1966 254 2008 tum
275 1961 454 2010 reddit.

213 2036 382 2084 Futuri
416 2038 651 2101 temporis
683 2038 944 2087 solicitudo
967 2039 1032 2087 ad
1054 2055 1311 2088 causarum
1335 2042 1532 2090 investi-

144 2110 394 2174 gationem
423 2111 644 2161 homines
668 2113 855 2177 adigit3
892 2115 1012 2177 quia
1032 2131 1291 2163 causarum
1314 2117 1532 2179 cognitio

145 2200 310 2234 rerum
330 2188 692 2250 praeteritarum
715 2190 860 2238 rebus
883 2192 1207 2254 praesentibus
1230 2193 1389 2240 lucem
1406 2209 1533 2256 prae-

143 2259 272 2309 ferre
295 2262 433 2311 solet.

199 2335 382 2385 Causas
412 2340 741 2402 cognoscendi
777 2357 916 2389 amor
943 2341 1191 2390 hominem
1229 2343 1291 2391 ab
1322 2343 1528 2391 effectus

142 2411 530 2461 consideratione
551 2414 615 2462 ad
637 2416 951 2478 quaerendam
974 2433 1171 2465 causam
1188 2418 1336 2476 acuit,
1352 2426 1402 2465 et
1419 2434 1527 2466 rur-

142 2502 226 2535 sus
248 2503 445 2536 causam
458 2505 632 2548 causae,
642 2499 694 2538 et
708 2490 778 2539 sic
794 2491 1204 2555 deincepS,donec
1223 2492 1287 2540 ad
1301 2493 1526 2556 cogitati-

142 2577 287 2611 onem
299 2563 428 2612 hanc
443 2564 684 2624 veniatur,
692 2582 893 2614 camum
908 2566 1131 2631 aliquam
1151 2583 1261 2615 esse
1275 2574 1524 2626 ceternam,

142 2637 246 2686 sive
269 2653 366 2701 qua
385 2640 520 2703 prior
538 2640 673 2689 nulla
689 2656 795 2689 esse
817 2642 995 2704 potuit.
1063 2642 1201 2690 Adeo
1225 2650 1295 2699 ut,
1313 2641 1396 2704 qui
1413 2658 1524 2705 pro-

141 2712 292 2760 funde
336 2713 387 2761 in
423 2729 587 2762 rerum
634 2716 932 2763 naturalium
971 2716 1434 2779 contemplationem
1471 2732 1523 2764 se

142 2788 447 2847 immerserit,
469 2790 764 2854 impossibile
789 2791 853 2839 sit
876 2791 994 2855 quin
1014 2791 1127 2839 inde
1152 2791 1440 2854 disponatur
1458 2791 1523 2839 ad

142 2863 439 2912 credendum
452 2881 605 2914 unum
619 2882 724 2915 esse
739 2866 898 2914 Deum
911 2874 961 2914 et
974 2874 1229 2923 aeternum,
1244 2882 1522 2930 quanquam

1313 2956 1345 2989 G
1367 2955 1387 2985 2
