1968 3236
130 381 232 414 CAP.
254 381 367 414 XXX.

153 435 341 458 κ--Υ-κ

138 474 182 502 De
191 474 286 503 officio
295 485 359 503 sum

135 518 173 546 mi
187 518 362 556 imperantis.

402 240 497 283 254
901 250 972 284 DE
1001 250 1278 285 clvl'rA'rE.

399 361 529 408 enim
558 362 760 424 justitiae
796 362 1030 410 naturalis
1065 371 1243 425 praeter
1274 363 1620 412 conscientiam
1650 364 1785 412 nulla

399 444 487 495 est,
514 453 657 500 quam
682 437 808 501 regit
823 437 953 484 solus
972 437 1119 495 Deus,
1141 439 1277 500 cujus
1293 438 1572 498 dictamina,
1592 455 1784 503 respec-

398 517 452 558 tu
487 512 578 559 Dei
612 520 799 560 naturae
834 512 1052 560 authoris
1086 514 1432 576 regnantisque
1467 514 1518 562 in
1554 516 1782 563 cordibus

396 587 661 646 hominum,
686 588 816 650 leges
852 596 967 635 sunt
1000 587 1260 635 naturales.
1329 588 1404 636 De
1435 605 1588 653 regno
1618 599 1782 639 autem

397 663 487 710 Dei
513 663 727 711 dicemus
751 665 802 710 in
827 663 1155 726 sequentibus.

873 919 1086 967 CAPUT
1121 919 1310 967 XXXI.

771 1036 832 1067 DE
858 1036 1017 1068 REGNO
1041 1036 1121 1068 DEI
1146 1036 1401 1068 NATURALI.

395 1122 799 1170 CONDITIONEM
815 1122 1069 1170 hominum
1086 1138 1207 1185 pure
1225 1122 1512 1181 naturalem,
1527 1122 1579 1170 id
1597 1130 1669 1171 est
1687 1122 1778 1170 lib-

393 1205 598 1246 ertatem
621 1198 877 1261 integram,
903 1198 1056 1260 qualis
1082 1205 1157 1245 est
1179 1214 1350 1246 eorum
1374 1198 1457 1261 qui
1480 1213 1639 1261 neque
1668 1213 1778 1261 reg-

392 1280 513 1321 nant
543 1289 702 1336 neque
734 1282 1015 1336 regnantur,
1045 1273 1327 1320 anarchiam
1361 1289 1464 1321 esse
1492 1281 1542 1320 et
1573 1273 1776 1328 bellum;

390 1357 649 1412 praecepta,
675 1365 783 1412 quae
807 1348 1050 1411 quomodo
1074 1349 1288 1397 conditio
1313 1349 1423 1396 talis
1447 1348 1682 1412 fugienda
1711 1348 1776 1396 sit

393 1425 585 1483 docent,
603 1425 733 1488 leges
753 1440 855 1471 esse
873 1424 1118 1471 naturales
1139 1441 1149 1479 ;
1176 1425 1440 1483 civitatem,
1464 1425 1567 1472 sine
1587 1439 1777 1472 summa

390 1507 632 1562 potestate
656 1499 798 1547 unius
815 1499 1023 1547 hominis
1042 1499 1117 1546 vel
1132 1507 1303 1558 coetus,
1322 1499 1613 1547 vocabulum
1629 1499 1774 1548 inane

392 1591 523 1628 esse;
561 1575 688 1623 cives
712 1575 910 1622 habenti
933 1582 1225 1637 potestatem
1249 1590 1487 1622 summam
1506 1574 1775 1637 simplicem

392 1650 567 1698 debere
591 1650 934 1707 obedientiam,
957 1657 1283 1713 praeterquam
1311 1650 1363 1698 in
1397 1650 1455 1697 iis
1487 1650 1632 1698 rebus
1665 1666 1774 1714 quae

390 1733 612 1789 pugnant
631 1742 742 1773 cum
764 1726 951 1789 legibus
970 1725 1144 1773 divinis
1164 1747 1175 1780 ς
1213 1726 1328 1773 satis
1352 1734 1603 1773 ostensum
1627 1732 1702 1773 est
1723 1725 1775 1773 in

391 1801 734 1864 superioribus.
804 1801 883 1848 Ad
927 1791 1195 1849 officiorum
1241 1801 1455 1848 civilium
1502 1800 1772 1849 doctrinam

389 1877 644 1940 integram,
663 1885 813 1931 restat
829 1884 884 1924 ut
908 1893 1131 1940 quaenam
1155 1876 1250 1924 sint
1269 1876 1445 1924 divinae
1465 1876 1596 1940 leges
1615 1876 1774 1940 inqui-

388 1968 550 2000 ramus
570 1974 582 2009 ;
619 1953 794 2016 quibus
825 1952 1076 2016 ignoratis,
1110 1960 1276 2000 utrum
1313 1952 1369 2010 is,
1412 1952 1495 2015 qui
1536 1967 1771 2000 summam

386 2027 535 2076 habet
553 2035 859 2092 potestatem,
880 2044 1096 2092 congrua
1115 2045 1177 2076 an
1196 2028 1466 2091 incongrua
1479 2028 1576 2091 legi
1595 2027 1772 2077 divinae

386 2102 591 2167 imperet
613 2104 895 2168 ignoratur;
932 2110 980 2151 et
998 2103 1202 2167 proinde
1221 2103 1347 2151 cives
1376 2111 1462 2151 aut
1484 2104 1636 2152 nimia
1657 2104 1772 2152 obe-

386 2179 571 2227 dientia
593 2179 721 2227 civili
744 2179 795 2226 in
814 2179 972 2227 Deum
995 2179 1259 2242 peccaturi,
1284 2187 1368 2227 aut
1385 2186 1518 2227 metu
1535 2179 1771 2243 peccandi

385 2261 557 2303 contra
580 2254 736 2302 Deum
759 2254 989 2302 mandata
1012 2254 1221 2302 civitatis
1257 2255 1608 2317 transgressuri
1638 2262 1769 2304 sunt.

384 2330 464 2378 Ad
486 2331 740 2393 scopulum
753 2338 1012 2392 utrumque
1031 2329 1333 2393 fugiendum,
1349 2331 1677 2379 necessarium
1691 2338 1770 2380 est

385 2414 440 2454 ut
459 2406 590 2470 leges
615 2405 792 2454 divinae
829 2421 938 2469 quae
963 2405 1061 2453 sint
1085 2421 1450 2469 cognoscamus.
1522 2406 1767 2456 Quoniam

385 2489 548 2530 autem
572 2481 786 2549 cognitio
810 2481 931 2544 legis
955 2497 985 2528 a
1007 2481 1285 2544 cognitione
1304 2481 1547 2544 dependet
1566 2498 1768 2531 summae

384 2557 655 2621 potestatis,
685 2555 946 2605 dicendum
980 2564 1054 2603 est
1088 2556 1137 2603 in
1172 2556 1485 2619 sequentibus
1519 2556 1581 2604 de
1614 2572 1768 2621 regno

384 2633 490 2681 Dei.

450 2708 572 2756 Psal.
593 2707 716 2755 xcvi.
743 2712 760 2755 l
784 2725 795 2754 ε
846 2705 1085 2753 Dominus
1108 2706 1355 2771 regnavit,
1389 2705 1577 2753 exultet
1601 2712 1759 2755 terra.

386 2783 717 2843 RursuS,Psal.
727 2781 885 2831 xcviii.
909 2788 948 2829 l:
966 2781 1202 2845 Dominus
1218 2781 1467 2845 regnavit,
1478 2781 1767 2830 irascantur

374 2859 557 2925 populi
565 2878 583 2914 ;
608 2858 694 2923 qui
706 2858 847 2906 sedet
869 2872 1020 2921 snper
1043 2855 1315 2914 Cherubim,
1335 2862 1583 2904 moveatur
1607 2862 1764 2904 terra.
