1968 3236
437 271 522 312 194
925 279 993 311 DE
1022 279 1284 312 CIVITATE.

163 414 264 445 ρΛΡ,
281 413 394 446 xxv,
431 408 519 439 cue
554 392 686 455 loqui
722 400 771 439 et
803 392 941 438 firme
973 392 1266 439 ratiocinari.
1354 392 1523 455 Itaque
1563 393 1801 440 illationes

188 468 376 490 *Ὗ*
432 468 716 526 temerariae,
742 467 905 530 quales
929 475 1043 514 sunt
1066 468 1311 515 illationes
1337 468 1396 514 ab
1421 468 1717 516 authoritate
1744 468 1802 515 li-

191 510 235 538 De
248 509 375 539 consilio.

432 544 645 601 brorum,
665 543 881 590 obscurae
897 550 946 590 et
965 542 1204 606 ambiguae
1222 560 1232 597 ;
1258 543 1374 590 item
1398 543 1635 592 dictiones
1654 551 1803 592 meta-

431 619 656 682 phoricae,
690 626 739 666 et
774 634 882 681 quae
915 619 1161 681 passiones
1195 618 1441 665 hominum
1480 620 1691 667 excitare
1726 635 1803 667 so-

432 695 562 748 lent3
600 710 710 741 cum
749 693 905 741 officio
948 693 1207 741 consiliarii
1246 693 1361 740 boni
1401 694 1665 743 consistere
1704 710 1804 743 non

433 777 652 832 possunt.

499 844 680 899 Tertio,
705 843 1011 905 quoniam,ut
1027 843 1133 906 quis
1150 844 1402 891 consilium
1420 844 1603 892 civitati
1618 853 1805 893 rectum

436 921 550 968 dare
570 919 735 983 possit,
761 935 858 967 non
882 919 1027 967 modo
1053 919 1349 981 experientia
1371 920 1538 979 multa,
1559 920 1644 968 sed
1658 921 1806 968 etiam

435 995 751 1044 meditatione
785 995 933 1058 longa
956 1010 1076 1057 opus
1100 1002 1175 1042 est
1196 1015 1207 1049 3
1244 1011 1334 1042 nec
1359 1011 1467 1058 quae
1491 995 1554 1043 ad
1576 996 1806 1044 adminis-

436 1072 696 1121 trationem
734 1070 978 1134 publicam
1017 1070 1288 1118 necessaria
1323 1078 1452 1127 sunt,
1487 1071 1650 1118 omnia
1683 1072 1807 1119 scire

438 1148 692 1211 quisquam
706 1146 932 1210 praesumi
951 1145 1118 1201 debet;
1143 1146 1470 1194 consiliarium
1492 1147 1690 1206 bonum,
1714 1148 1808 1195 nisi

438 1224 566 1271 circa
588 1238 666 1270 res
690 1222 740 1270 in
765 1223 937 1285 quibus
961 1222 1043 1269 diu
1067 1229 1283 1269 versatus
1305 1222 1452 1270 fuerit
1476 1229 1524 1271 et
1547 1222 1608 1270 de
1635 1223 1809 1286 quibus

439 1299 522 1346 diu
558 1298 857 1362 cogitaverit,
889 1298 1132 1346 neminem
1162 1313 1268 1345 esse
1298 1298 1689 1361 praesumendum
1719 1306 1809 1347 est.

439 1374 518 1422 Ad
540 1374 1006 1422 administrationem
1031 1381 1194 1421 autem
1221 1374 1465 1436 publicam
1500 1375 1624 1422 scitu
1645 1391 1812 1423 neces-

441 1450 567 1497 saria
583 1456 711 1506 sunt,
730 1449 995 1507 hominum,
1020 1448 1071 1495 id
1094 1455 1180 1507 est,
1205 1450 1421 1497 materiae
1440 1465 1500 1497 ex
1525 1466 1618 1513 qua
1642 1450 1812 1499 civitas

435 1525 770 1583 constituitur,
824 1524 1088 1587 ingenium,
1140 1525 1252 1587 jura
1297 1540 1497 1573 summae
1541 1525 1812 1588 potestatis,

442 1616 650 1664 aequum,
662 1602 862 1663 justum,
880 1599 1154 1655 honestum,
1173 1607 1223 1646 et
1238 1615 1405 1647 eorum
1425 1601 1682 1660 contraria,
1699 1601 1816 1664 quid

445 1676 539 1723 sint
556 1697 567 1730 ;
594 1691 702 1738 quae
725 1675 927 1722 multam
941 1674 1206 1737 postulant,
1226 1682 1280 1722 ut
1295 1682 1425 1722 recte
1442 1685 1815 1738 cognoscantur,

446 1750 812 1814 experientiam:
849 1750 983 1805 item,
1012 1765 1119 1811 quae
1149 1749 1246 1796 sint
1269 1758 1370 1797 tam
1394 1766 1509 1807 suae,
1535 1767 1681 1814 quam
1699 1752 1816 1800 vici-

445 1842 615 1874 narum
649 1825 898 1873 civitatum
921 1825 1064 1880 vireS‚
1097 1840 1226 1887 opes,
1263 1825 1503 1888 praesidia,
1542 1826 1732 1887 classes,
1768 1835 1818 1876 et

446 1901 867 1966 opportunitates;
915 1901 1076 1958 etiam,
1102 1901 1184 1963 qui
1224 1901 1358 1958 socii,
1396 1901 1478 1964 qui
1514 1902 1691 1962 aditus,
1733 1905 1817 1967 qui

446 1980 664 2036 affectus,
702 1993 810 2039 quae
845 1976 1097 2035 factioneS,
1135 1984 1184 2023 et
1225 1992 1334 2038 quae
1374 1977 1562 2038 agitent
1600 1979 1816 2027 consilia.

449 2055 667 2103 Quarum
690 2068 851 2100 rerum
876 2052 978 2099 sine
1002 2051 1263 2099 multorum
1291 2051 1431 2099 simul
1455 2052 1706 2101 hominum
1731 2055 1818 2102 ob-

449 2128 800 2178 servationibus
824 2127 1036 2191 cognitio
1060 2126 1226 2174 haberi
1251 2143 1348 2174 non
1370 2135 1546 2189 potest.
1597 2129 1818 2192 Denique

449 2204 645 2268 cognita
661 2204 767 2252 haec
787 2204 963 2262 omnia,
983 2203 1076 2251 nisi
1099 2211 1234 2250 recta
1251 2203 1538 2251 adhibeatur
1559 2205 1818 2254 ratiocina-

448 2281 533 2338 tio,
558 2279 748 2327 inutilia
782 2286 909 2327 sunt.
979 2278 1110 2326 Utile
1151 2278 1279 2325 enim
1310 2279 1546 2327 nescienti
1575 2289 1708 2328 recte
1730 2281 1817 2340 uti,

448 2355 567 2403 nihil
590 2362 677 2403 est.

517 2431 720 2488 Quarto,
741 2438 797 2476 ut
815 2429 921 2492 quis
940 2429 990 2476 in
1007 2429 1149 2477 rebus
1167 2428 1365 2476 maximi
1383 2430 1618 2478 momenti
1632 2430 1821 2479 civitati

450 2507 685 2565 consulat,
708 2505 884 2554 vidisse
909 2505 1055 2552 debet
1089 2504 1295 2552 civitatis
1336 2505 1547 2564 archiva,
1581 2505 1822 2554 foederum

449 2583 716 2632 vicinarum
750 2580 1001 2629 civitatum
1045 2579 1350 2642 exemplaria,
1395 2580 1822 2646 ministrorumque

451 2658 514 2707 ad
550 2657 772 2706 civitates
816 2655 999 2704 vicinas
1033 2654 1097 2702 ad
1124 2670 1290 2702 earum
1331 2656 1532 2704 consilia
1567 2657 1822 2720 exploran-

453 2733 516 2781 da
551 2733 834 2780 emissorum
866 2730 1048 2778 literaS.
1141 2729 1263 2777 Quae
1292 2731 1474 2778 nemini
1506 2739 1685 2795 praeter
1723 2748 1821 2790 eos,

455 2825 575 2872 quos
610 2807 716 2856 vult
751 2807 791 2855 is
828 2806 911 2869 qui
947 2815 1183 2853 summam
1213 2805 1360 2854 habet
1397 2814 1706 2869 potestatem,
1750 2809 1823 2857 vi-

457 2884 570 2933 dere
603 2883 890 2947 permissum
926 2890 1031 2937 est;
1077 2880 1147 2929 ita
1168 2889 1239 2940 ut,
1263 2881 1355 2930 nisi
1379 2883 1462 2945 qui
1484 2882 1548 2932 ad
1570 2883 1823 2933 consilium
