1968 3236
425 239 519 282 562
738 250 1026 283 APPENDIX
1053 251 1126 283 AD
1155 251 1495 286 LEVIATHAN.

181 381 284 414 CAP.
302 381 370 414 111.
425 370 547 418 vidis
570 377 619 417 et
653 371 875 418 Jesseum
909 370 1059 418 fuisse
1096 371 1464 436 incorporeos?
1548 374 1809 433 Praeterea,

174 435 369 513 m
426 447 647 494 Patribus
689 447 894 493 Concilii
937 446 1112 494 Niceni
1148 447 1198 494 in
1233 448 1395 495 animo
1441 457 1547 497 erat
1577 449 1812 498 condem-

173 519 385 591 ζ’ἰξζζζξξζζῃ,
427 538 543 570 nare
583 537 670 584 per
706 521 827 568 illud
869 522 1142 584 symbolum
1170 539 1270 569 non
1293 523 1438 571 modo
1463 525 1810 583 Arianismum,

172 609 217 634 tra
235 606 398 634 Leviathan
431 598 517 645 sed
536 598 681 644 etiam
704 596 911 644 haereses
936 613 1104 644 omnes
1129 614 1237 660 quae
1260 606 1373 661 post
1391 608 1599 648 mortem
1614 600 1812 649 Domini

428 674 479 721 in
503 672 753 720 ecclesiam
778 673 1102 736 irrepserant3
1129 690 1334 737 quarum
1362 691 1461 722 una
1479 684 1586 724 erat
1611 676 1812 724 anthro-

425 748 861 811 pomorphitarum,
883 750 965 812 qui
992 751 1096 797 Deo
1130 751 1346 814 corporis
1370 751 1570 800 humani
1593 753 1812 800 membra

422 824 774 880 att1·ibuerant;
812 841 910 872 non
947 835 1112 873 autem
1148 827 1474 875 condemnare
1507 843 1590 876 eos
1622 829 1705 891 qui
1726 844 1810 876 ve-

420 916 543 958 rum,
577 899 772 957 realem,
806 909 855 947 et
894 917 1072 963 purum
1110 902 1350 964 spiritum,
1385 918 1674 966 corporeum
1705 919 1810 952 esse

421 991 530 1022 cum
554 975 854 1022 Tertulliano
879 976 1189 1040 scripserant.
1255 978 1332 1025 Illi
1357 978 1571 1041 quidem,
1597 980 1680 1043 qui
1704 979 1810 1028 Deo

419 1051 684 1114 puritatem
708 1051 947 1111 tribuunt,
965 1061 1098 1101 recte
1117 1054 1307 1101 faciunt
1327 1075 1338 1109 ;
1365 1062 1439 1102 est
1462 1055 1591 1103 enim
1614 1055 1811 1104 honori-

419 1127 579 1173 ficum.
635 1126 731 1174 Sed
754 1127 1046 1176 tenuitatem
1060 1129 1344 1188 attribuere,
1367 1146 1476 1193 quae
1494 1130 1676 1193 gradus
1701 1132 1809 1195 qui-

421 1202 531 1249 dam
557 1209 630 1249 est
657 1201 721 1249 ad
754 1202 1063 1263 nihilitatem,
1099 1204 1430 1268 periculosum
1465 1215 1555 1253 est.
1623 1207 1810 1255 Johan—

419 1293 504 1325 nes
539 1277 884 1337 DamascenuS,
921 1295 1169 1343 exponens
1210 1280 1359 1328 fidem
1399 1281 1656 1341 Nicenam,
1698 1284 1808 1332 libri

419 1353 562 1417 primi
586 1353 744 1415 capite
774 1353 964 1402 decimo
1000 1356 1181 1403 tertio:
1218 1355 1514 1404 Divinorum
1551 1358 1807 1419 nominum,

419 1430 592 1493 inquit,
610 1429 716 1476 alia
735 1431 973 1494 negativa
992 1438 1121 1490 sunt,
1137 1431 1485 1496 significantia
1507 1432 1566 1480 id
1581 1433 1717 1497 quod
1732 1442 1810 1482 est

417 1521 575 1570 supra
592 1504 938 1565 substantiam,
955 1513 1009 1554 ut
1033 1516 1219 1566 ἀνόυσιος,
1238 1507 1296 1554 id
1315 1514 1409 1565 est,
1428 1508 1537 1555 sine
1560 1510 1780 1558 essentia
1788 1529 1808 1565 ;

421 1587 593 1638 ἄχρονος,
617 1579 726 1627 sine
754 1586 977 1645 tempore
993 1600 1011 1637 ;
1047 1589 1230 1641 ἄναρχος,
1256 1582 1365 1630 Sine
1384 1583 1644 1648 principio
1659 1603 1678 1640 ;
1714 1601 1808 1634 non

419 1654 555 1718 quod
574 1655 651 1702 his
676 1655 890 1719 inferior
908 1658 992 1716 sit,
1017 1657 1113 1704 sed
1144 1658 1282 1721 qnod
1309 1674 1470 1722 supra
1505 1658 1612 1707 hoec
1645 1660 1808 1708 omnia

418 1729 581 1777 elatu-5
603 1731 687 1778 sit.
755 1731 896 1780 Deus
919 1733 1046 1781 enim
1068 1733 1119 1781 in
1142 1750 1340 1782 numero
1369 1735 1551 1783 entium
1584 1751 1679 1784 non
1713 1743 1806 1796 eet,

419 1805 513 1852 sed
548 1821 706 1870 supra
746 1824 808 1854 ea
843 1809 1020 1857 omnia.
1105 1808 1255 1856 Vides
1290 1809 1567 1858 Johannem
1605 1810 1809 1860 Damas-

420 1897 608 1939 cenum,
643 1882 986 1947 philosophum
1021 1884 1403 1943 Aristotelicum,
1434 1885 1509 1946 (ut
1543 1886 1710 1935 videre
1731 1895 1808 1936 est

420 1971 479 2003 ex
504 1973 649 2020 opere
674 1959 777 2021 ejus
801 1960 1098 2022 dialectico),
1116 1960 1420 2023 eundemque
1438 1969 1628 2025 patrem
1651 1963 1804 2012 eccle·
1960 1963 1968 2090 1

419 2031 501 2078 siae
539 2040 590 2080 et
630 2033 883 2083 doctorem
922 2036 1074 2099 pium,
1121 2035 1238 2084 dum
1282 2037 1458 2085 metuit
1495 2037 1657 2086 dicere
1693 2055 1806 2088 cum

417 2107 715 2157 Tertulliano
740 2111 900 2159 Deum
923 2127 1027 2159 esse
1047 2127 1239 2175 corpuS,
1265 2120 1315 2160 et
1338 2112 1503 2161 studet
1526 2114 1806 2163 crassitudi·
1958 2105 1968 2200 ᾗ

416 2198 527 2231 nem
569 2200 859 2248 corpoream
899 2195 1172 2246 attenuare,
1210 2204 1356 2251 quam
1399 2189 1585 2251 (nescio
1626 2191 1798 2253 quare)
1960 2202 1968 2259 q

417 2257 521 2306 Deo
562 2259 814 2324 indignam
853 2270 1010 2328 putat,
1046 2264 1097 2311 in
1131 2264 1282 2311 verba
1304 2264 1451 2312 athea
1473 2264 1704 2324 incidere,
1730 2266 1804 2314 di-
1957 2265 1968 2327 i

418 2342 609 2382 centem
625 2336 782 2386 Deum
806 2345 977 2384 ἀμούσων
995 2355 1113 2398 esse,
1138 2346 1188 2387 et
1209 2340 1331 2387 nihil
1355 2356 1523 2388 eorum
1542 2355 1651 2404 quae
1673 2348 1803 2390 sunt.
1957 2331 1968 2419 ξ

483 2410 546 2457 A.
584 2412 674 2459 Per
691 2420 861 2458 ἀνούσιον
877 2414 1000 2463 nihil
1022 2415 1103 2463 ille
1125 2415 1315 2477 (credo)
1342 2416 1617 2479 significare
1631 2416 1801 2476 voluit,

416 2497 592 2546 praeter
615 2487 903 2537 increatum.

484 2561 548 2607 B.
585 2562 824 2612 Fortasse.
895 2565 1029 2614 Quid
1052 2570 1215 2614 autem
1250 2583 1373 2630 opus
1397 2575 1518 2626 erat,
1541 2575 1802 2632 postquam

415 2636 583 2697 paucis
619 2646 732 2685 ante
755 2640 973 2689 versibus
1009 2641 1070 2689 de
1105 2643 1343 2690 attributo
1380 2643 1478 2701 illo,
1510 2642 1800 2703 increatum,

418 2711 533 2758 satis
557 2711 746 2760 locutus
787 2724 931 2774 esset,
955 2733 1122 2765 rursus
1147 2718 1274 2766 idem
1300 2719 1461 2766 dicere
1494 2734 1584 2782 per
1618 2734 1800 2768 nomen

418 2784 537 2834 illud
570 2803 670 2835 non
705 2789 975 2849 ferendum,
1000 2793 1205 2840 ἀνούσιος.)
1273 2794 1396 2841 Cum
1421 2794 1631 2857 denique
1653 2794 1801 2843 sciret

418 2862 639 2923 spiritum
677 2879 886 2925 omnem,
928 2874 1176 2931 utcunque
1225 2876 1436 2928 tenuem,
1482 2885 1585 2917 esse
1628 2876 1797 2918 tamen
