1968 3236
171 393 274 425 CAP.
298 393 425 426 XLIV.

209 448 393 469 *q--ae

194 485 238 512 De
251 486 378 513 tem-bris

191 528 392 565 spiritualibus

191 572 228 599 ab
242 572 407 608 interpreta-

195 615 271 642 tione
281 624 339 642 non
349 619 427 643 reeta

193 658 416 694 scripturarum.

454 251 551 294 450
789 260 859 292 DE
888 259 1074 293 REGNo
1102 257 1509 292 TENEBRARUM.

459 379 509 426 in
533 378 662 426 alios
688 379 737 426 in
753 378 1004 442 prce-§enti
1028 377 1205 424 mundo
1222 376 1545 434 dominentur,
1566 375 1723 424 lumen
1742 382 1838 424 tum

458 454 675 501 rationis
693 452 945 501 naturalis
966 459 1065 499 tum
1090 451 1342 516 evangelii
1359 468 1459 515 per
1485 451 1744 499 doctrinas
1763 468 1842 499 er-

458 546 637 577 roneas
661 537 711 577 et
734 529 972 575 obseura-s·
996 527 1310 592 extinguere,
1338 534 1388 575 et
1423 527 1473 574 in
1497 527 1626 575 viam
1660 527 1844 575 salutis

458 612 654 653 ceternoe
681 603 913 652 tenebras
933 603 1169 651 inducere
1194 610 1438 651 conantur
1460 602 1776 668 spirituales.

525 679 949 729 Quemadmodum
966 679 1204 737 homines,
1214 679 1298 742 qui
1313 695 1343 726 a
1359 678 1618 727 nativitate
1633 695 1721 727 sua
1733 678 1842 726 luce

455 757 707 804 oculorum
755 755 949 819 penitus
999 755 1351 813 destituuntur,
1398 754 1595 802 luminis
1642 754 1842 802 omnino

455 833 612 879 ideam
626 831 810 879 nullam
825 831 1010 878 habent
1023 851 1034 885 ;
1054 846 1212 893 neque
1227 830 1484 892 imaginari
1499 830 1755 893 quisquam
1768 829 1843 877 lu-

453 925 565 955 men
583 909 739 970 majus
754 914 932 969 potest,
951 923 1095 969 quam
1116 905 1378 969 aliquando
1397 914 1510 953 ante
1533 905 1738 953 viderit:
1774 905 1844 952 ita

453 985 599 1031 etiam
623 983 821 1031 luminis
844 982 1099 1045 evangelii,
1117 989 1166 1029 et
1188 981 1386 1029 luminis
1409 981 1613 1029 rationis
1635 980 1844 1044 gradum

452 1058 685 1122 majorem
704 1059 915 1106 existere
938 1074 1036 1105 non
1061 1065 1240 1121 putant
1262 1056 1501 1116 homines,
1528 1073 1674 1120 quam
1699 1071 1844 1119 quem

452 1135 543 1198 ipsi
563 1136 665 1198 jam
689 1134 937 1197 assequuti
961 1141 1090 1181 sunt.
1161 1134 1326 1197 Atque
1349 1133 1465 1180 hinc
1491 1141 1580 1191 est,
1602 1132 1735 1195 quod
1755 1132 1843 1179 ho·-

452 1211 606 1259 mines
629 1211 872 1267 tenebras,
889 1210 941 1256 in
966 1210 1143 1271 quibus
1166 1216 1441 1266 versantur,
1461 1208 1557 1257 alia
1573 1208 1654 1255 via
1667 1224 1843 1271 agnos-

452 1303 560 1334 cere
575 1303 675 1334 non
691 1293 911 1350 possunt,
921 1293 1250 1348 praeterquam
1267 1301 1325 1333 ex
1342 1285 1440 1333 suis
1457 1285 1675 1348 ipsorum
1694 1284 1844 1331 offen·

452 1362 668 1409 sionibus
686 1370 733 1408 et
750 1361 1045 1408 infortuniis.
1116 1360 1277 1423 Regni
1294 1360 1486 1408 Satanae
1501 1359 1844 1407 obscurissima

453 1436 650 1500 quidem
665 1452 779 1499 pars
795 1444 870 1483 est
888 1452 960 1494 ea,
987 1451 1098 1499 quae
1122 1443 1263 1483 extra
1280 1435 1537 1483 ecclesiam
1560 1435 1653 1483 Dei
1677 1443 1767 1493 est,
1791 1434 1843 1482 id

451 1519 538 1570 est,
564 1512 614 1559 in
640 1528 736 1575 qua
771 1511 1025 1564 ambulant
1059 1511 1280 1559 infideles
1307 1533 1318 1567 ;
1356 1511 1519 1559 dicere
1554 1520 1718 1559 tamen
1743 1526 1843 1558 non

449 1604 721 1651 possumus,
748 1588 880 1651 quod
905 1588 1124 1648 ecclesia,
1150 1588 1288 1652 quasi
1326 1587 1539 1646 Goshen,
1577 1594 1718 1635 tanta
1741 1602 1845 1634 om-

450 1664 567 1711 nino
609 1664 716 1711 luce
755 1664 964 1722 fruatur,
1001 1671 1186 1727 quanta
1220 1679 1342 1727 opus
1367 1672 1443 1711 est
1467 1662 1530 1710 ad
1553 1677 1698 1710 omne
1722 1677 1844 1725 opus

452 1740 735 1787 faciendum
761 1741 892 1803 quod
916 1741 1175 1804 imperavit
1197 1740 1305 1787 fieri
1333 1740 1482 1787 DeuS.
1543 1737 1688 1786 Unde
1713 1737 1844 1785 enim

452 1816 568 1863 oriri
587 1816 765 1879 potuit,
792 1816 923 1878 quod
949 1816 1230 1874 Christiani,
1255 1832 1286 1863 a
1309 1823 1531 1878 tempore
1549 1829 1674 1878 pene
1698 1829 1841 1877 apos-

452 1891 679 1948 tolorum,
699 1908 748 1939 se
767 1899 938 1939 mutuo
960 1893 1086 1940 alter
1101 1893 1308 1940 alterum
1330 1907 1389 1939 ex
1408 1898 1539 1939 statu
1557 1889 1841 1953 dejecerint,

452 1966 579 2013 bello
614 1974 699 2014 aut
723 1974 924 2015 externo
950 1976 1035 2016 aut
1058 1967 1188 2016 civili
1210 1989 1221 2023 ;
1260 1966 1391 2031 quod
1414 1965 1478 2014 ad
1506 1981 1702 2014 omnem
1731 1980 1843 2027 pro-

453 2041 673 2104 priarum
697 2059 862 2090 rerum
886 2044 1216 2106 asperitatem,
1233 2052 1281 2091 et
1299 2042 1362 2091 ad
1381 2058 1575 2090 omnem
1597 2040 1842 2104 prosperi-

454 2116 571 2164 tatis
597 2117 769 2165 alienae
793 2118 1126 2174 eminentiam,
1146 2118 1292 2165 toties
1317 2117 1567 2165 offendant
1587 2136 1599 2169 ς
1636 2123 1686 2163 et
1709 2115 1842 2179 quod

453 2191 516 2239 ad
534 2192 738 2240 eandem
753 2201 950 2251 metam,
966 2194 1267 2251 felicitatem,
1286 2202 1386 2242 tam
1407 2191 1610 2240 diversis
1625 2191 1716 2239 viis
1731 2206 1842 2239 cur-

453 2275 618 2323 ratur3
654 2269 747 2316 nisi
784 2269 878 2317 illis
911 2286 1008 2317 nox
1040 2270 1186 2318 etiam
1221 2286 1353 2317 nunc
1385 2277 1526 2327 esset,
1550 2274 1635 2315 aut
1669 2266 1842 2315 saltem

456 2342 609 2405 spissa
631 2344 841 2391 nebula?
880 2345 1056 2392 Sumus
1081 2361 1199 2409 ergo
1217 2345 1366 2392 etiam
1384 2360 1516 2391 nunc
1539 2343 1590 2391 in
1607 2341 1836 2391 tenebris.

524 2419 579 2466 In
620 2419 910 2482 ignorantiae
951 2428 1130 2469 nostrae
1168 2420 1405 2469 naturalis
1439 2419 1646 2468 obscura
1679 2423 1840 2474 nocte,

458 2508 677 2541 errorum
714 2495 1038 2558 spiritualium
1072 2497 1260 2544 zizania
1300 2495 1557 2544 seminavit
1597 2493 1839 2542 inimicus.

460 2568 636 2625 Primo,
661 2570 827 2618 lumen
853 2571 1216 2634 Scripturarum
1234 2570 1595 2635 extinguendo:
1622 2584 1841 2617 erramus

458 2644 586 2691 enim
622 2645 884 2693 nesciendo
908 2662 1102 2694 sensum
1136 2648 1513 2711 Scripturarum.
1598 2643 1840 2704 Secundo,

458 2718 766 2767 ethnicorum
788 2728 1042 2783 poetarum
1069 2721 1490 2786 daemonologiam,
1525 2722 1578 2770 id
1611 2729 1702 2779 est,
1726 2719 1842 2768 doc·

459 2792 635 2840 trinam
661 2794 722 2842 de
759 2794 1028 2854 daemoniis,
1065 2813 1239 2861 nempe
1275 2798 1548 2846 doctrinam
1585 2797 1646 2845 de
1682 2795 1840 2854 idolis,

458 2866 890 2928 phantasmatibuS,
933 2879 1237 2920 mortuorum
1274 2873 1474 2930 umbris,
1510 2871 1842 2935 similibusque
