1968 3236
521 245 592 279 nr.
619 243 876 278 clvrrATE
904 242 1259 278 cnms‘nANA.
1472 231 1580 284 327

198 356 410 413 Dathan,
433 363 484 405 et
506 356 707 404 Abiram
737 356 872 404 vivos
906 371 936 403 a
965 363 1099 403 terra
1130 354 1400 418 absorptos,
1468 354 1585 403 Non
1628 372 1831 408 xxxvm.

201 432 332 482 enim
353 432 550 480 voluere
575 432 847 495 Scriptores
885 430 1021 478 Sacri
1043 438 1101 478 ut
1143 429 1451 478 crederemus
1480 430 1587 494 glo-
1606 426 1870 512 nomm

201 508 320 557 bum
350 508 553 565 telluriS‚
576 508 659 571 qui
695 524 794 555 non
830 506 976 554 modo
1007 506 1174 554 finitus
1197 513 1287 565 est,
1310 505 1398 554 sed
1423 505 1588 565 etiam,
1605 528 1694 568 «ιιι-,ω
1712 517 1822 567 bqbent
1838 516 1872 565 ξι

203 582 315 632 coeli
351 583 599 631 stellarum
638 583 844 629 fixarum
881 580 1125 629 altitudini
1162 587 1487 644 comparatus,
1518 581 1592 629 in·
1606 560 1872 638 mx?

203 658 444 707 sensibilis
467 658 832 722 magnitudinis,
854 665 1057 720 puteum
1079 657 1259 704 habere
1281 656 1333 704 in
1356 672 1409 705 se
1430 657 1592 705 infini-

206 741 273 782 tae
294 734 657 797 profunditatis,
684 733 875 797 qualem
897 733 1147 780 finxerunt
1176 732 1375 780 nomine
1400 731 1593 779 Tartari

205 819 396 874 poetae3
431 810 517 857 sed
556 818 612 857 ut
645 825 729 857 eos
764 809 831 856 ibi
862 824 966 856 esse
998 808 1324 866 crederemus,
1347 807 1432 855 ubi
1454 813 1595 855 erant

206 885 278 934 illi
301 886 386 949 qui
408 902 438 933 a
459 893 591 933 terra
614 885 830 948 absorpti
851 900 955 932 aese
979 884 1225 932 dicuntur.
1262 884 1462 940 Rursus,
1482 881 1599 944 quia

208 961 430 1010 homines
452 961 538 1018 illi,
562 960 646 1023 qui
669 968 888 1023 tempore
907 959 1031 1007 Noae
1049 959 1291 1018 vixerunt,
1312 958 1459 1022 paulo
1482 964 1597 1005 ante

211 1035 461 1093 diluvium,
499 1036 549 1083 in
588 1035 851 1099 Scripturis
883 1035 1128 1099 gigantes
1164 1033 1298 1089 dicti,
1339 1050 1371 1082 a
1415 1032 1598 1081 Graecis

210 1110 419 1159 fortasse
443 1112 631 1167 heroes,
654 1111 823 1174 geniti,
847 1119 903 1158 ut
928 1110 1098 1191 diqpnt
1120 1119 1295 1173 poetae,
1318 1125 1379 1157 ex
1401 1108 1599 1172 copula-

212 1187 348 1234 tione
371 1187 574 1234 deorum
598 1195 647 1234 et
683 1187 951 1245 hominum,
974 1186 1026 1233 in
1058 1185 1240 1233 diluvio
1270 1183 1487 1248 generali
1517 1183 1602 1231 de-

213 1262 300 1310 leti
322 1271 461 1310 erant
482 1283 494 1316 ;
530 1263 667 1310 loeus
691 1262 1011 1324 reproborum
1035 1276 1065 1308 a
1085 1259 1271 1308 Judaeis
1295 1258 1603 1322 significaba-

216 1346 299 1385 tur
319 1353 408 1401 per
430 1338 592 1385 locum
608 1337 902 1401 gigantium
926 1344 982 1383 ut
1006 1336 1145 1383 Prov.
1164 1336 1262 1383 xxi.
1289 1340 1375 1383 16:
1411 1334 1501 1382 Vir
1518 1334 1605 1398 qui

216 1412 466 1460 erraverit
490 1429 522 1459 a
557 1412 637 1458 via
667 1411 925 1468 doctrinoe,
949 1411 1000 1457 in
1028 1417 1156 1458 coetu
1184 1410 1452 1475 gigantum
1479 1425 1606 1456 eom-

216 1487 529 1536 morabitur:
576 1487 640 1534 Et
674 1486 784 1534 Job.
809 1486 939 1533 xxvi.
966 1492 1027 1533 5:
1063 1484 1202 1532 Ecce
1233 1485 1480 1549 gigantes
1515 1500 1610 1548 ge-

218 1569 350 1612 munt
371 1561 462 1609 sub
484 1562 647 1626 aquis,
671 1567 722 1609 et
744 1561 832 1624 qui
866 1560 1097 1608 habitant
1131 1576 1238 1608 eum
1270 1559 1343 1607 eis
1360 1563 1382 1606 Ι
1449 1559 1610 1607 Locus

218 1638 537 1702 reproborum
574 1637 655 1685 hie
697 1637 787 1684 sub
827 1636 965 1699 aquis
1005 1652 1110 1684 esse
1148 1635 1468 1699 significatur.
1547 1634 1613 1682 Et

220 1713 381 1762 Isaiah
413 1713 510 1760 xiv,
536 1719 600 1761 9:
637 1712 875 1776 Irffernus
911 1710 1234 1760 conturbatus
1265 1717 1343 1758 est
1366 1711 1419 1758 in
1441 1725 1613 1758 occur-

220 1804 327 1836 sum
364 1788 604 1836 adventus
643 1788 732 1845 tui,
771 1787 1035 1835 suscitavit
1070 1786 1164 1834 tibi
1197 1786 1442 1851 gigantes
1458 1804 1475 1833 .·
1511 1785 1613 1833 dic-

221 1872 331 1913 tum
363 1864 459 1912 hoc
497 1864 559 1911 ab
597 1864 758 1912 Isaiah
799 1872 875 1911 est
914 1871 1090 1911 contra
1123 1878 1291 1926 regem
1331 1861 1612 1925 Babylonis,

222 1939 385 1989 locum
407 1939 726 2003 reproborum
749 1954 916 1987 rursus
940 1939 1147 1986 innuens
1170 1938 1259 1985 snb
1283 1937 1422 2000 aquis
1445 1940 1566 1985 esse.

290 2015 477 2074 Tertio,
513 2015 629 2078 quia
650 2015 796 2063 urbes
829 2013 1043 2063 Sodoma
1065 2020 1116 2062 et
1151 2013 1390 2061 Gomorra
1415 2020 1618 2076 propter

226 2089 530 2153 impietatem
552 2089 823 2138 incolarum
845 2089 959 2153 igne
978 2098 1028 2137 et
1050 2088 1282 2152 sulphure
1306 2104 1333 2135 e
1353 2088 1478 2135 coelo
1502 2103 1619 2135 con-

227 2172 435 2228 sumptae
471 2172 627 2222 erant,
659 2172 710 2212 et
739 2165 875 2228 regio
908 2165 1069 2212 vicina
1103 2164 1155 2212 in
1183 2163 1346 2211 laeum
1367 2162 1620 2211 bituminis

229 2239 447 2288 foetentis
465 2254 720 2294 conversa;
744 2239 881 2288 locus
898 2240 1219 2303 reproborum
1238 2254 1367 2302 saepe
1386 2238 1434 2285 in
1458 2238 1621 2301 Scrip-

230 2314 355 2364 turis
378 2314 539 2363 Sacris
561 2315 865 2378 significatur
886 2331 975 2379 per
998 2315 1163 2381 ignem
1185 2321 1236 2362 et
1259 2314 1420 2362 lacum
1449 2313 1586 2378 ignis
1603 2330 1621 2359 .·

231 2398 289 2438 ut
310 2390 464 2452 Apoe.
488 2389 586 2437 xxi.
619 2395 684 2438 8:
726 2390 937 2439 Timidis
967 2398 1147 2450 autem,
1170 2397 1221 2438 et
1256 2388 1549 2447 incredulis,
1572 2394 1624 2436 et

233 2464 504 2520 execratis,
521 2470 572 2511 et
595 2463 874 2525 homicidis,
897 2472 948 2514 et
951 2464 1385 2530 fornicatoribus,
1409 2470 1460 2511 et
1482 2478 1624 2510 vene-

218 2538 363 2601 ficis,
385 2544 435 2585 et
459 2537 766 2598 idololatris,
789 2546 840 2587 et
875 2540 1094 2588 omnibus
1128 2538 1462 2597 mendacibus,
1490 2553 1626 2603 pars

237 2612 437 2662 illorum
462 2613 564 2660 erit
590 2613 643 2661 in
671 2620 860 2679 stagno
896 2615 1100 2663 ardenti
1127 2616 1246 2679 igne
1277 2620 1329 2661 et
1351 2612 1625 2677 sulphure,-

238 2686 375 2751 quod
384 2694 462 2735 est
484 2704 616 2735 mors
638 2689 871 2738 secunda.
939 2691 1256 2739 Manifestum
1275 2704 1393 2752 ergo
1414 2687 1626 2748 videtur,

238 2761 401 2810 locum
423 2763 740 2826 reproborum
760 2780 861 2813 non
890 2781 996 2814 oese
1018 2774 1207 2815 certum
1230 2765 1442 2828 aliquem
1464 2764 1627 2813 locum

240 2836 293 2885 in
329 2853 427 2900 quo
453 2845 746 2901 torquentur
777 2838 931 2903 impii,
955 2841 1043 2890 sed
1078 2857 1257 2890 nomen
1291 2841 1625 2904 cujuscunque
