1968 3236
484 270 769 306 APPENDIX
795 272 867 306 An
895 273 1235 308 navum-mm.
1457 262 1551 305 565

169 380 385 430 fructum
407 382 596 430 arboris
619 384 749 441 vitae,
773 383 890 431 dum
909 400 1009 432 non
1032 389 1288 446 gustarent
1307 382 1368 431 de
1389 382 1556 430 fructu

170 457 358 506 arboris
379 457 598 506 scientiae
621 459 736 506 boni
760 467 810 507 et
831 459 961 507 mali.
1011 458 1224 508 Quando
1247 466 1413 506 autem
1433 473 1557 521 prae-

172 540 372 596 ceptum
395 532 501 591 Dei,
526 533 587 580 de
611 550 696 581 esu
718 533 907 582 fructus
926 535 1113 582 arboris
1136 534 1355 582 scientiae
1372 534 1557 581 boniet

171 607 304 666 mali,
327 609 596 670 trangressi
621 617 778 665 erant,
803 617 921 656 tunc
945 609 1127 657 exclusi
1151 609 1289 656 aditu
1323 608 1387 656 ad
1416 608 1558 656 arbo-

171 698 278 732 rem
294 683 426 740 vitae,
450 683 569 731 facti
592 692 705 732 sunt
729 685 973 741 mortales,
998 693 1047 732 et
1069 685 1160 748 ipsi
1184 692 1233 732 et
1256 700 1424 732 eorum
1447 699 1558 747 pos·

174 758 345 808 teritas
364 779 377 814 ς
402 759 762 823 morientesque
779 761 959 807 mortui
977 768 1277 817 manserunt,
1297 759 1453 807 donec
1470 773 1559 822 per

174 842 383 883 mortem
405 834 586 883 Christi
610 835 823 883 remissis
841 835 1071 898 peccatis,
1091 835 1384 883 reviviscant
1406 834 1470 882 ad
1487 833 1560 880 vi-

174 917 279 958 tam
302 917 539 958 aeternam
563 910 614 957 in
631 910 989 958 resurrectione
1005 919 1308 958 mortuorum
1327 909 1559 973 generali.

177 985 277 1034 Sed
293 986 436 1049 juxta
457 985 585 1033 hanc
609 985 901 1043 doctrinam,
926 987 1100 1033 animae
1123 987 1427 1034 mortuorum
1451 985 1559 1032 nul-

175 1061 238 1110 lae
261 1061 459 1109 omnino
483 1061 692 1109 existent
726 1061 1038 1119 immortales,
1064 1061 1322 1124 impiorum
1345 1076 1436 1108 nec
1458 1061 1562 1123 pio-

178 1153 304 1195 rum,
323 1144 439 1184 ante
463 1136 592 1184 diem
610 1136 799 1199 judicii.
1045 1121 1106 1173 ἶ

245 1211 311 1260 B.
347 1211 422 1259 De
444 1211 536 1259 hac
573 1227 625 1258 re
663 1211 954 1259 sententiam
992 1226 1151 1258 meam
1188 1211 1304 1258 satis
1337 1209 1563 1274 ampliter

180 1287 327 1336 modo
346 1287 596 1350 explicavi.
666 1287 809 1335 Addo
839 1296 1019 1344 autem,
1052 1286 1185 1350 quod
1218 1302 1316 1334 non
1345 1285 1563 1349 intelligo

181 1361 428 1427 quomodo
443 1371 617 1410 contra
637 1362 786 1410 fidem
805 1362 1133 1410 Christianam
1151 1377 1354 1424 peccare
1373 1361 1566 1409 dicatur

182 1440 241 1497 is,
257 1439 342 1503 qui
357 1439 511 1487 vitam
524 1446 759 1487 aeternam
778 1439 1055 1494 confitetur,
1074 1438 1174 1485 sive
1192 1454 1299 1485 eam
1314 1436 1566 1494 creationi,

183 1515 285 1564 sive
307 1513 632 1577 redemptioni
650 1522 903 1577 acceptam
925 1513 1067 1561 ferat.
1138 1512 1309 1575 Neque
1325 1510 1567 1575 quomodo

184 1597 361 1639 contra
381 1589 658 1638 doctrinam
680 1590 758 1638 vel
781 1589 967 1637 cultum
983 1588 1313 1637 Christianum
1336 1604 1441 1635 esse
1457 1603 1569 1650 pos-

185 1665 266 1724 sit,
284 1680 397 1713 cum
420 1680 580 1728 neque
602 1665 654 1712 in
679 1664 934 1728 Scriptura
957 1663 1123 1721 Sacra,
1149 1679 1258 1726 quae
1282 1662 1570 1720 doctrinam,

185 1755 348 1803 neque
370 1741 422 1787 in
444 1739 661 1803 liturgia,
699 1755 809 1802 quae
844 1739 1031 1787 cultum
1057 1738 1391 1787 Christianum
1414 1737 1572 1785 eonti-

186 1823 290 1872 net,
304 1815 580 1864 inveniatur
598 1831 803 1879 usquam
821 1831 916 1862 vox
939 1814 1037 1872 illa,
1056 1813 1352 1861 immortalis
1376 1813 1542 1860 anima
1553 1829 1571 1865 ‚·

187 1890 276 1940 sed
295 1891 402 1940 vita
426 1897 617 1939 aeterna
631 1905 734 1954 per
763 1889 1032 1946 Christum,
1055 1888 1459 1952 frequentissime.

256 1966 323 2015 A.
358 1965 548 2014 Eodem
572 1965 747 2029 capite,
766 1981 972 2028 regnum
996 1964 1087 2012 Dei
1117 1972 1230 2027 post
1263 1962 1572 2011 resurrectio-

190 2057 305 2091 nem
324 2041 547 2090 futurum
565 2057 670 2089 esse
694 2041 814 2089 dicit
837 2041 888 2088 in
912 2049 1059 2088 terra.

257 2117 326 2169 B.
359 2117 434 2165 Ex
456 2133 606 2165 suane
624 2116 931 2180 philosophia
947 2117 1043 2164 hoc
1067 2115 1203 2173 dicit,
1227 2130 1291 2161 an
1324 2129 1385 2160 ex
1409 2112 1572 2175 Scrip-

192 2201 307 2242 tura
329 2193 480 2241 Sacra
498 2192 516 2240 ἒ

259 2269 308 2317 Α
313 2307 326 2317 .
361 2269 495 2317 Loca
516 2267 702 2330 aliquot
724 2266 924 2315 adducit
946 2282 1006 2314 ex
1019 2263 1270 2329 prophetis
1289 2262 1428 2320 Isaia‚
1445 2262 1554 2310 Oba

195 2343 292 2403 dia,
328 2343 483 2401 Joele,
524 2342 644 2389 mihi
682 2341 879 2404 quidem
920 2357 1021 2390 non
1058 2340 1176 2388 satis
1212 2338 1491 2392 intellecta;
1525 2345 1576 2385 et

149 2483 153 2486 η
193 2427 448 2484 praeterea,
485 2417 536 2465 id
566 2415 700 2479 quod
722 2432 754 2464 a
777 2417 827 2465 S.
851 2416 997 2465 Petro
1021 2415 1201 2463 dicitur
1224 2413 1285 2461 de
1308 2413 1576 2476 conflagra-

195 2495 332 2544 tione
356 2502 407 2541 et
429 2491 750 2540 renovatione
771 2491 916 2554 hujus
939 2489 1125 2538 mundi.

264 2570 332 2617 B.
368 2567 509 2616 Adde
523 2582 642 2630 ergo
655 2566 766 2625 inis,
780 2566 942 2615 locum
957 2582 1018 2614 ex
1033 2563 1325 2628 Apocalypsi
1344 2563 1410 2623 (v.
1431 2567 1509 2611 8-1
1527 2563 1573 2624 1)

197 2643 580 2692 manifestiorem
600 2660 612 2687 ε
649 2640 908 2689 Animalia
934 2646 1151 2705 quatuor
1173 2644 1223 2685 et
1248 2638 1432 2701 viginti
1454 2654 1578 2702 qua-

200 2726 316 2767 tuor
324 2714 622 2782 presbyteri
638 2714 965 2780 eoramAgno
976 2711 1326 2778 prociderunt,
1342 2711 1579 2759 habentes

199 2791 396 2858 singuli
429 2789 659 2839 citharae
680 2794 732 2836 et
744 2789 958 2854 phialas
981 2803 1165 2836 aureas
1192 2785 1375 2851 plenas
1398 2786 1577 2846 thuris,

201 2884 309 2933 quae
330 2872 446 2915 sunt
468 2871 753 2913 sanctorum
781 2880 998 2929 preces,-
1033 2869 1083 2911 et
1113 2868 1436 2911 cantaverunt
1460 2878 1580 2911 can-

1608 400 1712 433 cAP.
1732 398 1802 432 111.

1609 452 1800 477 ῆ-Ρό

1607 496 1651 525 ne
1664 495 1782 533 quihus-

1607 540 1673 567 am
1686 538 1778 576 obite·

1605 581 1732 610 tionibus
1744 589 1811 609 cot»-

1606 630 1652 654 tra
1672 623 1840 653 lavini-n.
