1968 3236
503 235 573 269 mv:
602 237 790 271 REGNo
815 236 1222 271 TENBBRARUM.
1451 226 1547 276 467

167 343 430 394 Videamus
450 362 582 410 ergo,
607 364 695 411 per
719 349 880 411 ignem
905 356 1146 396 aeternum
1163 346 1280 411 quid
1298 346 1431 395 aliud
1455 347 1550 410 sig·
1567 372 1670 403 CM»,
1691 372 1818 406 xmv,

167 419 356 469 nificari
378 422 548 484 possit.
619 424 914 487 Quanquam
937 424 1067 471 enim
1082 423 1287 487 legimus
1305 438 1550 470 resurrec-
1589 427 1792 495 m

169 504 305 543 turos
340 512 445 544 esse
479 498 646 546 fideles
684 516 793 546 cum
830 499 1114 562 corporibus
1148 498 1477 561 spiritualibus
1501 505 1551 545 et
1587 510 1786 560 spiritualim·

166 569 409 634 gloriosis,
435 581 486 620 et
509 573 723 621 victuros
748 575 797 622 in
821 583 1076 631 aeternum,
1107 589 1198 622 nec
1222 573 1549 630 comedentes,
1587 554 1825 625 2225„ssssss

168 661 327 710 neque
360 647 600 703 bibentes,
640 660 690 697 et
727 650 830 697 sine
868 649 1209 703 matrimonio;
1245 665 1345 697 non
1385 656 1551 697 tamen
1588 657 1604 668 “
1643 641 1649 646 ’

167 720 298 769 idem
334 722 540 786 legimus
578 725 638 772 de
676 725 912 789 reprobis,
949 724 1034 772 sed
1062 724 1267 787 legimus
1292 723 1424 788 quod
1447 741 1551 772 mo-

168 797 359 845 rientur
377 798 553 846 iterum
579 810 629 847 et
654 807 808 847 morte
823 800 1057 858 secunda,
1083 816 1192 863 quae
1216 808 1402 847 aeterna
1423 799 1547 854 erit;

168 872 248 920 cui
272 874 418 921 morti
442 874 685 933 secundae,
710 875 760 923 id
785 875 915 938 quod
934 875 1115 923 dicitur
1137 875 1198 923 de
1233 875 1344 938 igne
1368 883 1418 923 et
1441 891 1552 923 cru-

167 948 376 997 ciatibus
399 951 594 998 aeternis
618 960 668 999 et
691 951 751 999 de
775 967 939 998 verme
965 950 1292 1007 conscientiae,
1317 967 1416 998 non
1440 967 1555 999 con·

166 1023 379 1072 tradicit.
451 1025 621 1088 Itaque
662 1035 915 1084 aeternum,
954 1027 1004 1073 in
1042 1026 1134 1074 illis
1171 1026 1289 1074 locis
1325 1026 1455 1074 idem
1485 1026 1554 1073 vi-

170 1099 315 1148 detur
338 1100 627 1163 significare,
653 1101 786 1165 quod
808 1118 963 1166 usque
986 1100 1219 1164 adfinem
1243 1100 1414 1148 seculi.
1464 1101 1554 1149 Se-

166 1174 327 1223 culum
360 1185 525 1223 autem
561 1177 746 1225 Latinis
783 1176 912 1224 idem
947 1176 1070 1224 nols
1082 1183 1171 1234 est,
1206 1176 1337 1239 quod
1373 1176 1555 1225 Graecis

168 1249 287 1298 ἄιων.
358 1250 531 1314 Neque
556 1252 772 1299 seculum
791 1253 1034 1316 putabant
1055 1251 1214 1299 Judaei
1249 1252 1473 1315 spatium,
1498 1261 1555 1300 ut

169 1332 395 1392 Romani,
419 1341 609 1381 eentum
627 1351 881 1393 annorum,
906 1334 1038 1398 quod
1062 1342 1136 1383 est
1153 1335 1363 1383 hominis
1396 1351 1554 1383 aevum

168 1408 219 1456 in
243 1424 342 1472 quo
367 1425 512 1457 nemo
535 1410 601 1457 sit
619 1410 702 1473 qui
724 1410 915 1458 vixerat
942 1410 994 1458 in
1012 1409 1175 1458 seculo
1198 1410 1520 1458 antecedente
1541 1433 1553 1466 ;

167 1483 255 1532 sed
267 1500 426 1532 aevum
452 1485 761 1534 aestimabant
784 1493 979 1534 aetatem
1003 1485 1204 1541 mundi;
1228 1486 1475 1543 nimirum,
1499 1495 1557 1534 ut

167 1568 297 1608 esset
319 1576 477 1608 aevum
494 1577 644 1608 unum
658 1578 688 1609 a
702 1561 949 1610 creatione
965 1562 1029 1610 ad
1047 1561 1284 1609 diluvium
1302 1582 1314 1614 ς
1348 1561 1554 1609 alterum

166 1651 198 1684 a
232 1635 418 1684 diluvio
448 1653 602 1700 usque
630 1638 694 1685 ad
721 1638 1156 1701 conflagrationem
1187 1637 1373 1695 mundi,
1398 1636 1449 1684 in
1471 1636 1557 1684 ad-

166 1719 324 1759 ventu
343 1711 540 1760 Messiae
560 1734 572 1767 ;
598 1713 799 1761 tertium
823 1713 884 1760 ab
908 1712 1123 1761 adventu
1140 1712 1335 1760 Messiae
1349 1712 1399 1759 in
1417 1721 1558 1760 aeter-

167 1802 286 1835 num
308 1805 320 1834 ε
345 1786 416 1835 ita
438 1795 495 1835 ut
517 1804 677 1836 aevum
700 1788 795 1836 hoc
818 1788 1020 1836 tertium
1042 1787 1301 1836 dicendum
1326 1787 1388 1835 sit
1411 1804 1558 1835 oecum

169 1877 391 1920 aevorum,
426 1861 531 1909 «ἰιὼν
566 1862 743 1911 ᾰιῶνων.
830 1864 894 1911 Et
944 1864 1015 1912 sic
1055 1863 1267 1927 reprobi,
1307 1877 1460 1925 usque
1496 1862 1559 1910 ad

167 1938 319 1986 finem
356 1938 504 2002 hujus
527 1939 635 1998 aevi,
660 1939 711 1987 id
746 1949 837 1998 est,
872 1940 1018 2003 hujus
1052 1938 1240 1997 mundi,
1263 1938 1425 2002 puniri
1447 1953 1559 2001 pos-

170 2020 286 2061 sunt
298 2028 455 2077 usque
478 2013 543 2062 ad
564 2022 772 2062 mortem
797 2015 1060 2063 secundam
1080 2035 1093 2070 ς
1113 2030 1223 2077 quae
1246 2029 1393 2077 poena
1415 2029 1560 2076 prop-

170 2096 248 2136 ter
269 2103 378 2137 eam
402 2104 601 2137 causam
623 2089 792 2143 ᾰιὼνιος
815 2090 912 2138 dici
934 2098 1113 2154 potest.
1166 2089 1295 2137 Nam
1311 2089 1360 2136 S.
1382 2088 1558 2135 Paulus

171 2163 234 2212 de
256 2165 614 2213 resurrectione
648 2165 852 2229 loquens
880 2167 925 2227 (l
958 2166 1071 2214 Cor.
1104 2167 1204 2225 15),
1228 2163 1458 2226 intelligit
1480 2178 1558 2210 so-

171 2239 270 2287 lam
310 2240 721 2288 resurrectionem
763 2241 827 2289 ad
868 2241 1017 2289 vitam
1060 2249 1309 2298 aeternam,
1355 2254 1453 2286 non
1494 2238 1559 2286 ad

172 2321 406 2363 aeternam
428 2331 639 2378 poenam.
701 2315 913 2381 Corpus,
932 2317 1091 2380 inquit
1110 2318 1254 2376 (vers.
1274 2315 1466 2374 42-44),
1480 2330 1558 2361 se-

173 2389 393 2436 minatur
417 2389 467 2436 iu
492 2391 829 2454 corruptione,
869 2398 1047 2455 surget
1072 2391 1122 2438 iu
1148 2388 1522 2452 incorruptione
1538 2406 1557 2442 ,·

173 2463 449 2511 seminatur
474 2463 524 2510 in
551 2464 890 2529 ignobilitate,
924 2472 1103 2530 surget
1144 2465 1194 2512 iu
1230 2463 1406 2528 gloria
1421 2481 1440 2518 ;
1480 2481 1557 2510 se-

173 2537 394 2585 minatur
417 2538 468 2585 in
508 2538 815 2600 iufirmitute‚
848 2548 1026 2606 surget
1068 2541 1117 2588 iu
1158 2540 1342 2586 virtute
1359 2556 1379 2593 ,⁰
1413 2539 1559 2586 semi-

174 2618 327 2659 natur
349 2629 535 2676 corpus
557 2614 790 2673 animale,
830 2622 1010 2680 surget
1047 2629 1231 2678 corpus
1269 2612 1557 2676 spirituale.

176 2686 311 2734 Nihil
329 2686 505 2735 horum
523 2687 584 2735 de
607 2690 828 2752 reprobis
851 2690 949 2738 dici
970 2698 1148 2754 potest.
1196 2687 1428 2736 Similiter
1446 2703 1559 2736 cum
1634 2705 1641 2711 ·

176 2762 236 2810 de
257 2763 616 2811 resurrectione
639 2764 854 2828 loquitur
873 2766 1094 2814 Christus
1117 2765 1256 2826 (Luc.
1274 2779 1355 2811 xx.
1372 2766 1559 2826 34-36),

175 2836 329 2886 solam
353 2837 581 2902 intelligit
606 2841 1010 2889 resurrectionem
1038 2839 1101 2888 ad
1122 2840 1275 2887 vitam
1291 2846 1526 2887 aeternam
1543 2858 1557 2887 :

1248 2931 1282 2964 n
1306 2932 1341 2965 n
1361 2925 1383 2957 2
