1968 3236
530 250 815 284 APPEme
841 250 914 284 An
941 250 1278 284 mvn-raim.
1499 239 1594 290 527

209 366 261 408 et
282 358 537 408 meminit?
608 361 869 411 Quomodo
906 361 1225 410 refutabunt?
1298 361 1595 410 Ratiocinari

210 434 330 499 quid
352 443 442 494 est,
468 437 559 484 nisi
584 438 731 485 rebus
755 438 1003 501 imponere
1027 438 1239 497 nomina,
1258 437 1458 486 nomina
1479 453 1595 485 con-

209 518 405 559 nectere
445 511 495 559 in
531 512 678 570 dicta,
704 513 836 561 dicta
863 514 1159 576 conjungere
1184 513 1234 561 in
1258 512 1595 577 syllogismos?

209 586 289 635 Ab
319 586 395 635 his
422 587 479 634 fit
512 587 781 636 dialectica.
853 588 1111 637 Quomodo
1143 596 1249 636 erat
1280 589 1331 636 in
1368 588 1596 636 Paradiso

210 659 388 720 Adam,
422 671 536 710 ante
573 664 773 712 nomina
812 664 874 712 ab
916 664 1021 727 ipso
1067 665 1309 728 imposita,
1346 665 1597 714 rationalis

210 737 366 801 magis
384 754 530 801 quam
555 748 734 787 caetera
756 739 1000 797 animalia,
1016 739 1107 787 nisi
1130 741 1354 803 potentia
1377 740 1595 789 tantum?

210 811 327 860 Non
346 813 574 861 videntur
597 830 715 878 ergo
734 815 853 863 mihi
878 816 1100 863 homines
1119 815 1354 879 distingui
1376 817 1598 864 substan-

212 887 393 935 tialiter
415 905 445 936 a
467 889 641 947 brutis,
666 905 724 937 eo
759 890 892 953 quod
923 890 994 938 illi
1028 890 1295 954 disputant,
1318 892 1464 939 bruta
1496 908 1597 940 non

211 961 479 1026 disputant.
550 964 826 1027 Expectent
861 965 941 1013 alii
966 965 1380 1014 immortalitatem
1404 966 1597 1030 qualem

211 1036 391 1092 velint:
427 1054 519 1101 ego
556 1038 689 1087 illam
723 1048 944 1103 expecto,
969 1057 1131 1103 quam,
1155 1041 1285 1089 victa
1311 1051 1485 1100 morte,
1508 1057 1598 1090 no-

211 1111 288 1160 bis
311 1127 400 1160 suo
423 1113 660 1176 sanguine
683 1114 941 1176 acquisivit
964 1113 1201 1172 ChfffetuS.

281 1187 346 1236 A.
384 1188 518 1237 Quid
553 1189 704 1237 sentis
739 1189 800 1237 de
832 1206 951 1238 voce
984 1190 1211 1254 Deipara‚
1235 1207 1381 1255 quam
1406 1191 1598 1240 Sanctae

215 1262 408 1326 Virgini
431 1264 709 1312 attribuunt
731 1264 927 1328 plurimi
949 1265 965 1313 ἓ

279 1338 345 1386 B.
383 1338 441 1386 Id
464 1339 653 1398 mulier,
677 1348 735 1387 ut
771 1340 889 1388 mihi
913 1340 1123 1400 videtur,
1148 1349 1280 1389 recte
1314 1341 1411 1389 dici
1434 1350 1599 1405 potest

203 1429 414 1478 parere,
435 1414 566 1477 quod
590 1415 640 1462 in
663 1423 809 1478 partu
832 1415 1073 1479 producit.
1144 1416 1242 1465 Sed
1264 1417 1495 1480 produxit
1516 1417 1600 1465 illa

213 1488 464 1537 Christum
506 1489 666 1537 Deum
704 1498 754 1538 et
787 1490 1053 1551 hominem,
1077 1492 1192 1555 quia
1222 1492 1489 1556 assumptio
1513 1508 1600 1540 na-

213 1571 339 1612 turae
361 1564 588 1612 humanae
610 1574 812 1628 peracta
847 1566 941 1614 fuit
964 1568 1015 1614 in
1038 1577 1196 1615 utero.
1267 1568 1459 1632 Peperit
1482 1584 1599 1632 ergo

212 1639 374 1688 Deum
397 1649 448 1687 et
471 1640 736 1688 hominem.
805 1641 985 1690 Genuit
1021 1651 1186 1691 autem
1219 1643 1467 1691 hominem
1490 1651 1599 1691 tan-

213 1722 337 1774 tum,
363 1717 468 1763 sine
491 1716 675 1764 semine
697 1716 806 1775 viri,
830 1718 968 1781 cujus
1003 1719 1201 1767 seminis
1224 1719 1324 1767 vim
1358 1720 1600 1783 supplevit

214 1790 362 1840 Deus.

283 1866 348 1915 A.
385 1866 482 1915 Sed
504 1883 632 1915 nova
669 1869 750 1917 hic
781 1869 938 1917 oritur
962 1869 1238 1929 difficultas,
1263 1887 1454 1934 nempe,
1478 1887 1598 1934 quo-

215 1940 364 1990 modo
400 1941 528 1990 filius
551 1943 740 2004 Mariae,
764 1945 815 1993 id
837 1953 927 2003 est,
952 1960 1067 1994 caro
1092 1945 1289 2004 Christi,
1320 1962 1421 1994 non
1452 1947 1516 1995 sit
1539 1946 1600 1994 de

217 2015 489 2064 substantia
511 2017 690 2067 divina.

285 2090 351 2139 B.
386 2091 464 2139 Ne
498 2091 709 2141 hominis
743 2094 941 2157 quidem
973 2110 1035 2142 ex
1067 2094 1264 2143 homine
1298 2096 1452 2158 geniti
1486 2111 1600 2143 caro

217 2175 294 2216 est
310 2166 373 2215 de
395 2167 670 2217 substantia
700 2170 937 2232 genitoris
958 2170 1049 2228 sui,
1073 2169 1167 2218 nisi
1191 2169 1360 2218 credas
1383 2170 1449 2228 id,
1468 2170 1600 2233 quod

217 2242 452 2300 nascitur,
474 2242 581 2290 ficri
604 2259 665 2292 ex
691 2244 874 2293 semine
908 2253 965 2293 ut
999 2261 1060 2292 ex
1083 2245 1301 2292 materia.
1372 2245 1600 2293 Foeminae

218 2317 418 2380 sanguis
439 2317 543 2365 sola
565 2326 638 2366 oet
660 2319 866 2368 materia
886 2319 1051 2378 foetuS‚
1065 2335 1154 2383 per
1175 2320 1459 2368 alimentum
1483 2336 1602 2383 quo-

218 2391 461 2441 tidianum
484 2407 709 2442 crescens
730 2410 885 2458 usque
902 2395 967 2443 ad
989 2394 1325 2459 parturitionis
1347 2395 1600 2443 maturita-

218 2475 336 2517 tem.
406 2466 583 2516 Semen
606 2467 658 2516 in
681 2477 822 2518 utero
846 2486 993 2519 causa
1022 2470 1232 2517 efficiens
1256 2477 1330 2518 est
1362 2470 1601 2518 foecundi-

220 2542 354 2600 tatis,
378 2557 478 2590 non
500 2544 706 2592 materia
726 2543 887 2594 foetus.
942 2546 995 2594 Si
1019 2545 1188 2594 credas
1211 2560 1328 2608 ergo
1350 2545 1602 2593 foeminam

219 2615 472 2680 gravidam
507 2617 614 2665 fieri
648 2634 791 2682 posse
816 2620 998 2669 virtute
1039 2619 1234 2667 seminis
1269 2619 1484 2679 humani,
1514 2636 1603 2668 cur

221 2691 416 2740 dubitas
451 2707 516 2740 an
550 2691 680 2741 idem
719 2693 826 2743 fieri
857 2696 1009 2759 possit
1043 2695 1223 2743 virtute
1258 2694 1350 2743 Dei
1383 2695 1603 2759 omnipo-

219 2765 370 2816 tentis
389 2765 406 2812 ἓ

289 2841 353 2890 Λ.
390 2841 567 2890 Nonne
601 2850 687 2890 tua
724 2842 817 2892 hac
849 2844 1054 2903 ratione,
1078 2860 1186 2892 cum
1213 2843 1305 2892 Dei
1329 2844 1601 2895 substantia

1670 380 1773 414 CAP.
1792 381 1823 413 1.

1649 482 1693 510 De
1706 481 1838 519 nymbolo

1647 525 1766 554 Niceno.
