1910 3236
641 222 711 256 ns.
740 223 982 257 nonme.
1445 214 1507 265 47

128 330 516 381 adolescentibus
546 331 787 392 laudatur,
822 342 879 382 ut
909 335 1104 398 signum
1126 334 1367 398 cupientis
1390 335 1511 383 nihil
1566 359 1668 393 οη,
1683 358 1750 393 γι,

127 406 305 464 facere,
337 406 431 455 nisi
466 406 598 470 quod
639 407 702 455 sit
747 409 1005 458 laudabile.
1075 410 1133 458 In
1181 410 1378 458 senibus
1411 426 1510 458 non
1527 413 1754 494 nom

127 482 372 540 laudatur,
406 490 666 547 propterea
699 485 831 547 quod
860 485 1021 534 minus
1055 486 1200 535 venia
1230 485 1367 550 digni
1398 493 1511 534 sunt
1525 499 1759 576 'ffuffiffimss'e'

127 574 283 608 senes.

194 635 516 699 Contemptus
549 636 691 684 bonae
723 636 1095 686 existimationis
1128 637 1402 702 appellatur
1425 637 1511 685 im
1528 651 1723 689 Impudentin-

121 710 386 778 pudentia.

194 786 347 835 Dolor
379 787 442 835 ob
477 786 805 836 calamitatem
838 787 1063 847 alienam,
1099 789 1279 838 dicitur
1318 788 1512 836 miseri-
1529 803 1739 832 mmmm„

129 861 323 921 cordia,
360 861 613 926 oriturque
645 878 676 910 a
711 862 1116 922 consideratione,
1152 864 1283 928 quod
1318 863 1514 912 sibimet

128 937 223 1002 ipsi
244 937 527 1001 contingere
548 946 715 1002 potest
737 938 988 986 calamitas
1012 940 1208 995 similis3
1245 948 1295 987 et
1318 939 1381 987 ob
1404 955 1513 986 eam

127 1029 234 1062 rem
253 1013 419 1062 vocari
449 1014 596 1061 etiam
630 1014 754 1062 solet
777 1015 1069 1078 compassio.
1139 1014 1400 1063 Calamitas
1421 1014 1512 1062 ita-

129 1104 225 1154 que
247 1088 420 1144 aliena,
438 1089 478 1136 si
501 1104 531 1136 a
554 1105 732 1152 magno
756 1089 945 1137 oriatur
967 1090 1133 1153 ipsius,
1153 1091 1232 1138 cui
1255 1090 1512 1153 contingit,

129 1163 328 1223 scelere,
342 1171 483 1212 tanto
495 1165 656 1212 minus
670 1165 901 1229 producit
918 1166 1329 1214 misericordiam.
1388 1166 1513 1213 Item

129 1239 183 1288 in
216 1239 389 1288 eadem
418 1240 696 1289 calamitate
722 1241 884 1289 minus
913 1242 1263 1290 misericordes
1289 1250 1404 1290 sunt
1426 1241 1512 1298 illi,

131 1315 217 1379 qui
246 1315 510 1364 calamitati
545 1316 690 1364 simili
719 1317 920 1365 minime
954 1317 1189 1366 obnoxios
1219 1333 1271 1366 se
1304 1333 1409 1365 esse
1434 1317 1514 1379 ju-

132 1390 315 1440 dicant.

197 1466 386 1515 Alienae
419 1467 710 1516 calamitatis
742 1475 1069 1532 contemptus,
1100 1468 1381 1517 nominatur
1403 1482 1515 1515 cru-
1531 1490 1702 1519 omasum

132 1541 336 1602 delitus,
355 1543 674 1607 proceditque
690 1559 721 1591 a
735 1543 949 1607 propriae
972 1544 1247 1592 securitatis
1270 1543 1512 1607 opinione.

131 1617 262 1667 Nam
290 1625 348 1666 ut
377 1618 553 1682 aliquis
589 1619 682 1666 sibi
708 1619 901 1682 placeat
936 1619 988 1667 in
1023 1619 1164 1667 malis
1194 1618 1380 1677 alienis»,
1412 1618 1515 1666 sine

130 1693 228 1743 alio
248 1694 363 1753 fine,
384 1693 580 1742 videtur
601 1694 721 1742 mihi
742 1694 1053 1758 impossibile.

197 1769 351 1817 Dolor
385 1769 450 1817 ob
482 1785 760 1818 successum
790 1769 1126 1833 competitoris
1154 1769 1358 1832 alicujus
1385 1768 1516 1816 circa

131 1844 368 1894 honorem
382 1852 467 1893 aut
484 1845 676 1894 divitias
693 1852 779 1894 aut
795 1845 931 1893 aliud
945 1846 1146 1904 bonum,
1166 1844 1207 1892 si
1226 1845 1515 1908 conjunctus

132 1920 198 1969 sit
241 1937 354 1969 cum
405 1929 588 1969 conatu
636 1921 943 1985 diligentiam
991 1920 1243 1984 propriam
1287 1918 1514 1982 augendi,

131 1995 384 2045 emulatio
430 1996 640 2052 dicitur3
687 1997 763 2044 sin
808 1996 1135 2059 conjungatur
1176 2011 1289 2042 cum
1335 2002 1516 2042 conatu
1532 2016 1700 2045 AEmuafio.

132 2072 505 2136 competitorem
526 2071 727 2120 fallendi
749 2071 827 2119 vel
851 2070 1165 2134 impediendi,
1190 2069 1379 2117 invidia
1402 2076 1492 2116 est.
1532 2093 1654 2121 mim

200 2146 412 2202 Quando
452 2147 504 2195 in
542 2148 706 2196 animo
750 2148 964 2196 humano
1009 2145 1272 2210 appetituS,
1311 2144 1515 2202 aversio,

133 2237 259 2287 spes,
274 2230 448 2281 metus,
466 2222 598 2271 circa
618 2238 722 2271 rem
745 2221 952 2270 eandem
975 2221 1202 2270 oriuntur
1223 2219 1514 2277 alternatim,

133 2297 429 2361 veniuntque
452 2298 503 2346 in
525 2298 743 2347 animum
764 2297 977 2346 faciendi
1000 2295 1352 2358 omittendique
1374 2295 1515 2342 bonae

133 2373 372 2438 malaeque
401 2374 767 2438 consequentiae
799 2373 1097 2428 successive;
1137 2371 1260 2420 adeo
1282 2379 1340 2418 ut
1367 2370 1517 2417 inter-

134 2447 254 2497 dum
297 2456 598 2513 appetamus,
643 2449 892 2498 interdum
935 2448 1180 2512 fugiamus
1203 2468 1217 2501 ;
1270 2444 1514 2493 interdum

133 2538 399 2588 speremus,
428 2525 676 2574 interdum
709 2533 1014 2579 metuamus;
1054 2531 1175 2571 tunc
1209 2529 1366 2569 totum
1394 2518 1515 2566 illud

134 2600 415 2663 passionum
451 2608 790 2665 aggregatum,
828 2607 1030 2647 eatenus
1066 2597 1247 2645 durans
1283 2594 1400 2643 dum
1436 2608 1514 2641 res

133 2675 311 2723 effecta
332 2675 396 2724 sit
416 2675 495 2723 vel
516 2676 716 2739 rejecta,
737 2682 942 2723 vocatur
963 2671 1278 2721 deliberatio,
1532 2687 1717 2718 neum

202 2749 374 2814 Itaque
397 2750 459 2799 de
488 2751 635 2799 rebus
662 2750 924 2814 praeteritis
947 2746 1246 2797 deliberatio
1269 2744 1404 2794 nulla
1425 2751 1514 2803 est,
