1968 3236
419 246 514 291 224
935 258 1006 291 DE
1034 258 1309 292 clvrrA'rE.

137 387 399 422 cAP.xxvm
417 369 538 417 illud
572 370 641 417 illi
670 385 768 417 non
808 369 990 428 datum,
1017 369 1103 417 sed
1138 369 1364 417 relictum
1396 375 1486 426 est,
1511 376 1561 416 et
1596 367 1666 415 illi
1690 367 1807 422 soli;

168 443 357 522 m
418 461 506 493 nec
532 445 690 492 minus
714 445 977 508 integrum,
1004 461 1150 507 quam
1174 444 1268 492 fuit
1291 451 1403 491 ante
1429 443 1639 491 civitatis
1671 442 1809 490 insti-

172 529 351 565 etpraemiis-
416 521 676 568 tutionem.

482 596 525 643 A
545 595 825 642 definitione
840 611 999 658 poenae
1019 594 1224 653 deduco,
1240 594 1414 658 primo,
1431 610 1589 657 neque
1608 594 1809 658 injurias

417 687 572 733 neque
587 671 796 718 ultiones
814 671 1118 734 privatorum
1141 670 1395 717 hominum
1419 670 1616 734 proprie
1639 669 1808 718 vocari

414 762 553 809 posse
585 762 782 809 poenas3
820 746 934 809 quia
968 762 1070 794 non
1103 745 1379 808 procedunt
1407 746 1467 793 ab
1509 745 1808 794 authoritate

415 821 640 869 civitatis.

481 895 722 954 Secundo,
756 912 785 943 a
819 912 1007 943 summo
1044 896 1315 959 imperante
1350 895 1547 959 negligi,
1586 902 1673 944 aut
1706 912 1807 944 non

413 972 703 1035 promoveri,
730 972 823 1018 civi
842 987 1036 1035 poenam
1060 988 1161 1019 non
1185 987 1318 1026 esse;
1357 971 1470 1034 quia
1493 971 1675 1019 malum
1698 971 1808 1019 nul-

414 1047 514 1094 lum
539 1047 608 1095 illi
631 1047 871 1095 inflictum
896 1055 984 1106 est,
1010 1047 1095 1095 sed
1115 1048 1163 1095 in
1184 1054 1331 1106 statu,
1353 1063 1499 1110 quem
1521 1047 1657 1110 prius
1680 1046 1808 1095 obti-

413 1124 537 1182 nuit,
562 1124 851 1186 relinquitur
882 1124 1072 1171 illaesus.

478 1200 659 1259 Tertio,
685 1200 866 1248 malum
890 1200 1130 1247 inflictum
1154 1199 1455 1247 authoritate
1479 1198 1693 1262 publica,
1712 1198 1807 1247 nisi

412 1275 607 1338 publica
642 1275 901 1323 antecedat
932 1275 1292 1333 condemnatio,
1319 1290 1498 1322 nomen
1522 1290 1682 1337 poenae
1706 1291 1807 1323 non

411 1351 606 1409 habere,
633 1351 718 1398 sed
741 1351 926 1398 factum
941 1367 1043 1398 esse
1062 1350 1236 1398 hostile
1256 1372 1268 1406 ;
1305 1350 1420 1413 quia
1443 1350 1645 1408 factum,
1670 1349 1805 1413 quod

411 1426 628 1490 punitur,
644 1427 840 1490 probari
860 1434 908 1474 et
917 1426 1127 1490 judicari
1151 1427 1286 1489 prius
1310 1426 1481 1474 debuit
1505 1425 1806 1474 authoritate

412 1502 624 1565 publica.

484 1578 688 1636 Quarto,
730 1578 909 1626 malum
951 1578 1190 1626 inflictum
1228 1579 1288 1625 ab
1328 1594 1402 1635 eo,
1442 1577 1525 1639 qui
1565 1592 1805 1624 summam

415 1659 708 1716 potestatem
743 1653 921 1716 injuria
955 1661 1177 1716 usurpat,
1205 1653 1283 1701 vel
1319 1670 1348 1700 a
1380 1667 1672 1715 quocunque
1701 1652 1806 1700 sine

413 1728 710 1776 authoritate
726 1745 955 1776 concessa
974 1746 1002 1777 a
1017 1730 1229 1788 civitate,
1246 1745 1442 1792 poenam
1459 1744 1557 1775 non
1581 1743 1701 1786 esse,
1719 1728 1805 1776 sed

414 1803 598 1850 factum
621 1803 825 1859 hostile;
864 1804 978 1866 quia
1002 1804 1218 1851 actiones
1243 1805 1362 1867 ejus,
1399 1803 1482 1865 qui
1511 1802 1690 1865 injuria
1713 1802 1805 1850 im-

414 1886 569 1942 perat,
595 1879 848 1926 authorem
877 1895 974 1926 non
1011 1879 1190 1926 habent
1225 1894 1484 1942 personam
1508 1877 1805 1926 condemna-

415 1962 531 2013 tam,
556 1959 715 2017 neque
740 1970 855 2017 ergo
879 1955 1063 2002 habent
1086 1954 1432 2002 authoritatem
1456 1953 1718 2016 publicam.

480 2030 683 2089 Quinto,
725 2031 906 2078 malum
941 2031 1179 2078 inflictum
1215 2031 1398 2093 absque
1435 2029 1638 2078 consilio
1674 2029 1802 2078 cives

412 2105 729 2165 reformandi,
745 2123 890 2170 poena
914 2123 1012 2154 non
1031 2114 1121 2165 est,
1140 2106 1225 2154 sed
1242 2107 1426 2154 factum
1443 2105 1620 2153 hostile
1638 2126 1650 2161 ;
1687 2106 1804 2169 quia

414 2182 475 2230 de
495 2182 706 2231 essentia
727 2199 886 2246 poenae
910 2189 998 2241 est,
1022 2190 1079 2230 ut
1102 2190 1288 2230 terrore
1314 2183 1417 2244 ejus
1443 2182 1573 2229 cives
1597 2180 1660 2229 ad
1687 2181 1800 2229 obe-

412 2258 646 2306 dientiam
670 2258 1050 2306 conformentur.

479 2334 644 2392 Sexto,
673 2349 784 2381 cum
818 2333 1092 2381 actionibus
1128 2332 1417 2395 quibusdam
1453 2332 1803 2396 consequentia

411 2409 539 2457 mala
556 2409 817 2473 saepissime
835 2408 1116 2456 adhaereant
1133 2408 1449 2462 naturaliter3
1474 2416 1530 2455 ut
1554 2425 1667 2456 cum
1691 2408 1800 2472 quis

410 2485 508 2533 vim
531 2485 613 2532 alii
637 2484 850 2532 inferens
869 2483 1108 2532 occiditur
1131 2483 1207 2530 vel
1223 2483 1526 2538 vulneratur;
1551 2484 1627 2531 vel
1645 2499 1801 2547 quan-

410 2560 471 2608 do
497 2560 605 2623 quis
629 2561 690 2608 ab
716 2559 906 2607 actione
930 2559 1092 2622 aliqua
1107 2559 1276 2606 illicita
1291 2559 1340 2606 in
1357 2560 1583 2607 morbum
1601 2559 1798 2608 incidit:

409 2636 589 2683 malum
625 2635 759 2694 illud,
784 2650 1062 2699 quanquam
1098 2642 1324 2698 respectu
1357 2635 1575 2683 authoris
1609 2644 1799 2684 naturae

410 2710 506 2758 dici
530 2719 663 2759 recte
686 2710 842 2774 possit
864 2726 1009 2774 poena
1026 2710 1206 2769 divina,
1221 2727 1320 2759 non
1335 2712 1616 2760 continetur
1632 2718 1798 2760 tamen

409 2787 604 2835 nomine
628 2803 786 2851 poenae
810 2795 1034 2850 respectu
1064 2787 1345 2843 hominum;
1383 2788 1497 2851 quia
1515 2804 1617 2836 non
1640 2787 1798 2836 inflic-

409 2870 514 2910 tum
538 2870 610 2911 est
629 2862 928 2911 authoritate
953 2861 1097 2910 civili.
