1910 3236
609 206 678 239 οι
706 206 946 241 nomint..
1413 198 1475 240 45

94 317 286 367 eaeoeris
319 316 607 365 animalibus
644 318 797 377 homo,
821 334 919 366 non
956 318 1111 366 solum
1150 317 1363 376 ratione,
1394 318 1481 365 sed
1536 341 1719 373 mam,

96 393 245 442 etiam
266 393 490 458 passione
511 393 621 451 hac,
641 410 785 456 quam
803 411 924 442 voco
949 393 1304 442 curiositatem.
1375 393 1480 441 Cae-
1499 396 1723 465 nem

95 475 205 517 tem
220 469 351 518 enim
364 469 606 526 ammana,
625 469 674 516 in
700 470 874 532 quibus
898 470 1139 533 appetitus
1162 469 1257 517 cibi
1276 468 1480 532 aliaeque
1498 447 1619 508 ωωΐω.
1631 447 1726 529 2221„

95 545 371 610 voluptates
385 545 631 593 sensuales
647 545 1079 607 praedominantur,
1097 561 1351 594 causarum
1364 560 1481 608 cog·
1498 523 1663 556 'dmm'
1675 528 1728 552 ω’

94 619 453 668 noscendamm
470 635 588 667 cura
606 626 789 677 carent,
799 635 906 682 quae
922 619 1071 667 animi
1087 619 1483 684 concupiscentia

96 694 321 759 quaedam
345 703 435 753 est,
459 695 722 758 conjuncta
757 710 869 741 cum
891 694 1138 758 voluptate
1169 702 1406 758 perpetua
1431 703 1482 743 et

96 769 387 834 infatigabili
408 769 738 833 generationis
774 769 1100 829 scientiarum,
1124 770 1482 818 vehementiam

91 845 402 910 ‚voluptatum
425 844 720 893 sensualium
743 844 941 892 brevem
965 844 1108 908 longe
1132 861 1381 908 superans.

164 921 331 970 Metus
360 921 694 986 potentiarum
730 920 1060 978 invisibilium,
1093 921 1194 968 sive
1224 921 1352 968 fictae
1388 920 1483 968 illae

97 997 214 1056 sint,
238 998 340 1046 sive
363 997 425 1045 ab
448 996 665 1045 historiis
688 1003 902 1059 acceptae
939 996 1036 1044 sint
1061 996 1270 1059 publice,
1295 995 1482 1060 religio
1501 1002 1622 1039 Relissia

98 1079 203 1129 θεὶς
250 1073 292 1122 si
335 1072 531 1137 publice
585 1080 802 1135 acceptae
847 1087 947 1119 non
993 1072 1104 1130 sint,
1169 1071 1481 1136 superstitio.
1501 1079 1680 1117 Sum-²⁶⁶⁰·

98 1148 311 1199 Quando
325 1157 487 1196 autem
507 1147 739 1212 potentiae
757 1146 854 1195 illae
870 1162 1040 1195 revera
1052 1147 1175 1195 tales
1189 1155 1304 1194 sunt
1318 1147 1484 1210 quales

97 1224 391 1288 accepimus,
416 1239 536 1272 vera
561 1222 765 1288 religio.
1499 1222 1579 1251 vm
1592 1222 1701 1259 ¹²1³&-

165 1299 330 1350 Metus
370 1300 474 1347 sine
511 1299 831 1362 conceptione
864 1297 1070 1361 periculi
1100 1297 1232 1345 unde
1261 1304 1313 1344 et
1344 1297 1484 1359 quale

98 1373 179 1430 sit,
189 1380 364 1422 terror
375 1373 594 1439 panicus
602 1392 621 1429 ,·
644 1373 717 1421 ita
728 1382 930 1421 vocatus
947 1389 978 1420 a
992 1373 1136 1431 Pane,
1153 1388 1299 1435 quem
1316 1371 1486 1419 talium
1504 1373 1610 1402 Tem*
1622 1373 1753 1411 9⁰¹⁰ss

97 1457 319 1498 metuum
342 1449 599 1498 authorem
621 1449 810 1497 faciunt
828 1448 1021 1497 fabulae.
1091 1449 1282 1496 Revera
1304 1454 1485 1505 tamen,

98 1524 184 1589 qui
200 1524 386 1588 primus
401 1524 590 1583 metuit,
615 1523 866 1572 metuendi
886 1539 1087 1571 causam
1105 1522 1227 1570 vidit
1249 1521 1485 1584 aliquam;

98 1600 264 1649 eoeteri
301 1608 468 1648 autem
508 1599 636 1647 illius
675 1598 821 1663 primi
867 1598 1089 1662 exemplo
1128 1597 1340 1660 fugiunt,
1382 1612 1487 1644 cre-

98 1674 272 1724 dentes
308 1691 503 1723 causam
542 1674 763 1738 fugiendi
801 1673 1104 1738 fugientibus
1140 1672 1332 1721 caeteris
1369 1672 1487 1720 satis

97 1765 203 1800 esse
238 1750 502 1815 cognitam.
571 1750 702 1798 Nam
734 1750 896 1813 passio
930 1749 1054 1807 haec,
1088 1749 1184 1797 nisi
1225 1748 1277 1795 in
1311 1755 1486 1795 coacta

98 1824 431 1884 multitudine,
454 1841 705 1888 nunquam
728 1824 924 1873 accidit.

161 1900 410 1950 ‘Gaudium
432 1917 463 1949 a
485 1900 765 1964 cognitione
792 1915 936 1958 nova,
960 1899 1235 1947 admiratio
1252 1916 1270 1952 ;
1317 1904 1367 1944 et
1398 1897 1487 1944 ho-
1506 1912 1674 1941 Amnum&

99 1976 220 2025 mini
254 1975 454 2040 propria
483 1983 576 2035 est,
612 1975 729 2039 quia
769 1975 951 2023 excitat
991 1974 1265 2038 appetitum
1300 1971 1487 2020 sciendi

99 2067 315 2101 eausam.
1250 2099 1257 2107 ,

168 2126 427 2184 Gaudium,
446 2125 578 2190 quod
594 2126 647 2173 in
664 2125 862 2173 homine
880 2125 1037 2173 oritur
1055 2124 1118 2172 ab
1137 2122 1486 2186 imaginatione
1505 2133 1613 2162 ῦιοῆι

98 2202 336 2268 potentiae
354 2210 441 2250 aut
458 2202 652 2250 virtutis
674 2201 902 2264 propriae,
921 2199 1071 2248 animi
1094 2199 1332 2247 exultatio
1357 2212 1487 2260 quae-

101 2277 217 2327 dam
242 2285 333 2336 est,
365 2293 511 2341 quam
546 2284 726 2325 vocant
755 2275 1011 2341 gloriam:
1048 2290 1156 2338 quae
1189 2273 1229 2321 si
1255 2272 1488 2320 fundetur

101 2353 156 2403 in
188 2353 489 2418 experientia
521 2353 772 2401 actionum
807 2367 1021 2408 suarum,
1055 2349 1228 2397 eadem
1269 2356 1342 2395 est
1377 2362 1488 2394 cum

101 2428 310 2478 fidncia:
346 2428 421 2476 sin
460 2427 668 2476 fundata
708 2427 771 2475 sit
812 2427 863 2474 in
899 2425 1178 2474 adulatione
1220 2421 1487 2479 hominum,

102 2503 182 2553 vel
203 2520 235 2552 a
255 2504 415 2568 seipso
444 2503 563 2551 ficta
590 2511 794 2567 propter
823 2502 1123 2564 voluptatem
1147 2514 1256 2561 quae
1288 2510 1488 2558 magnas

103 2579 322 2628 actiones
361 2578 486 2627 solet
524 2578 773 2642 consequi,
817 2576 993 2642 gloria
1035 2574 1199 2623 inanis
1238 2572 1315 2620 vel
1360 2586 1489 2618 vana
1506 2582 1723 2611 elmi-inm

105 2654 302 2703 dicitur.
370 2653 571 2702 Fiducia
598 2653 729 2701 enim
751 2652 913 2717 gignit
935 2665 1247 2714 aggressum;
1283 2645 1335 2694 id
1357 2644 1489 2708 quod

103 2729 265 2778 inanis
287 2728 444 2793 gloria
463 2728 736 2792 producere
759 2743 858 2775 non
881 2734 1057 2790 potest.

171 2804 325 2853 Dolor
347 2812 491 2852 natus
514 2819 545 2852 a
565 2802 777 2867 propriae
807 2800 1111 2865 impotentiae
1133 2797 1380 2862 opinione,
1405 2794 1490 2843 ‹Ie-
1509 2809 1660 2839 nemaeo
1672 2808 1772 2838 min-t

104 2878 274 2927 missio
299 2879 454 2927 animi
476 2878 671 2927 dicitur.
