1968 3236
10 204 20 280 ξ
748 225 817 257 ns
845 223 1119 257 civrrATE.
1538 210 1627 261 179

244 360 356 394 cum
378 360 498 408 pace
532 352 581 391 et
616 343 770 391 salute
802 344 966 407 populi
1002 342 1106 391 fieri
1130 357 1230 389 non
1252 347 1430 405 potest.
1503 342 1627 390 Quae
1658 358 1760 391 cAP.
1778 357 1895 391 xxn.

243 429 406 469 autem
439 418 697 467 tractanda
732 428 847 466 sunt
881 419 931 466 in
969 425 1231 482 systemate
1261 417 1362 475 tali,
1386 417 1630 480 praefinita
1667 411 1871 496 Dm

243 496 432 544 suntin
461 495 576 558 ipsis
611 494 764 542 literis
794 494 969 557 quibus
1001 503 1347 541 convocantur.
1417 492 1629 556 Populus
1665 502 1870 531 tibuseivim·

242 571 372 620 enim
399 571 656 634 deputatos
671 586 781 617 suos
797 570 975 632 eligere
994 570 1056 617 ad
1076 569 1221 617 alium
1240 569 1389 616 finem
1403 584 1504 616 non
1518 584 1631 631 pos-

242 654 374 704 sunt,
390 663 535 710 quam
551 646 634 709 qui
654 646 701 692 in
722 646 835 709 ipsis
859 644 1136 692 monarchae
1161 644 1314 692 literis
1332 643 1629 692 continetur.

311 722 534 785 Systema
580 722 824 785 privatum
871 721 1109 783 regulare,
1147 720 1382 784 idemque
1423 719 1629 777 licitum,

242 796 363 845 illud
402 806 490 854 est,
527 798 656 861 quod
697 798 801 845 sine
836 797 989 844 literis
1026 804 1111 844 aut
1151 796 1383 843 mandato
1425 811 1630 843 summae

242 874 513 937 potestatis,
559 882 885 936 praeterquam
930 872 1118 934 legibus
1174 871 1392 919 omnium
1447 870 1629 918 civium

242 948 600 1004 communibuS,
618 947 947 995 constituitur.
1019 946 1166 995 Quod
1185 962 1298 994 cum
1311 961 1409 993 una
1421 961 1631 1008 persona

242 1023 429 1072 factum
448 1024 527 1081 sit,
547 1023 769 1086 regulare
793 1031 882 1070 est.
954 1022 1124 1071 Qualis
1138 1030 1211 1070 est
1233 1022 1432 1081 familia,
1458 1022 1507 1069 in
1533 1038 1631 1085 qua

241 1099 604 1162 paterfamilias,
633 1107 872 1162 quatenus
890 1097 1022 1161 leges
1042 1097 1207 1146 civiles
1226 1113 1326 1146 non
1348 1097 1627 1161 prohibent,

242 1190 504 1237 personam
528 1174 658 1238 gerit
690 1173 842 1222 totius
865 1173 1061 1221 familiae
1081 1194 1093 1228 ;
1130 1180 1179 1221 et
1202 1173 1271 1220 illi
1294 1173 1383 1220 filii
1406 1173 1629 1236 servique

242 1250 441 1298 obedire
482 1250 534 1297 in
575 1250 799 1298 omnibus
835 1250 995 1305 rebus,
1038 1265 1147 1312 quae
1184 1264 1284 1296 non
1319 1256 1433 1296 sunt
1456 1256 1630 1296 contra

243 1325 374 1388 leges
394 1325 574 1383 civiles,
598 1325 891 1388 obligantur.
962 1324 1091 1372 Nam
1114 1332 1230 1372 ante
1266 1324 1628 1372 institutionem

243 1400 515 1458 civitatum,
538 1400 693 1463 patris
739 1407 844 1447 erat
889 1399 940 1446 in
977 1399 1104 1447 filios
1144 1407 1194 1447 et
1225 1415 1389 1447 servos
1411 1407 1628 1463 potestas

242 1491 447 1533 summa,
466 1491 626 1539 neque
648 1475 906 1539 potestatis
930 1476 1033 1538 ejus
1069 1483 1259 1539 partem
1281 1475 1430 1523 ullam
1453 1475 1628 1523 amise-

241 1559 359 1599 runt
376 1559 559 1615 patres,
567 1551 661 1599 nisi
675 1567 822 1615 quam
840 1551 1141 1599 sustulerunt
1158 1551 1374 1616 ipsorum
1389 1567 1629 1599 consensu

242 1625 378 1690 leges
402 1627 584 1675 civiles.

310 1702 589 1766 Systemata
611 1702 854 1766 regularia
877 1701 1089 1766 quidem,
1105 1701 1191 1750 sed
1209 1701 1393 1759 illicita,
1419 1717 1478 1749 ea
1499 1710 1630 1760 sunt,

244 1793 354 1842 quae
377 1778 502 1826 fiunt
524 1778 586 1826 ab
602 1778 880 1826 hominibus
898 1778 951 1825 in
969 1793 1117 1825 unam
1134 1793 1392 1841 personam
1411 1778 1631 1826 coeunti-

243 1853 335 1902 bus
364 1852 468 1902 sine
499 1854 633 1901 omni
669 1854 971 1902 authoritate
1005 1853 1216 1916 publica.
1304 1853 1483 1902 Qualia
1517 1861 1631 1902 sunt

245 1934 514 1992 systemata
530 1928 869 1977 mendicorum
892 1937 943 1976 et
959 1928 1138 1987 furum,
1163 1945 1221 1976 eo
1243 1929 1341 1976 fine
1363 1936 1421 1977 ut
1443 1929 1631 1977 mendi-

245 2011 360 2052 cent
394 2004 714 2068 furenturque
750 2003 1068 2052 commodius.
1138 2004 1299 2052 Etiam
1344 2005 1537 2067 privata
1581 2012 1631 2053 et

245 2078 416 2128 illicita
438 2088 554 2128 sunt
576 2088 839 2144 systemata
859 2096 916 2128 ea
939 2080 1039 2128 sive
1053 2080 1383 2128 fraternitates
1407 2081 1630 2128 authori-

245 2160 349 2202 tate
368 2162 573 2203 externa
590 2156 876 2204 constitutae
889 2155 952 2204 ad
966 2157 1367 2220 propagationem
1383 2156 1629 2204 doctrina-

248 2243 373 2289 rum,
396 2230 473 2278 vel
504 2231 568 2279 ad
601 2230 881 2291 factionem,
901 2238 1073 2280 contra
1103 2231 1313 2279 civitatis
1334 2239 1630 2294 potestatem

248 2319 503 2353 summam.

315 2380 591 2445 Systemata
630 2382 931 2446 irregularia,
955 2398 1064 2446 quae
1110 2398 1198 2430 sua
1232 2389 1408 2430 natura
1444 2379 1631 2428 foedera

249 2462 442 2504 tantum
460 2465 590 2512 sunt,
615 2465 664 2505 et
686 2457 933 2506 interdum
956 2473 1220 2526 concursus
1236 2465 1428 2505 tantum
1446 2455 1629 2519 populi,

250 2529 354 2578 sine
376 2539 511 2579 certo
535 2532 755 2591 consilio,
779 2540 830 2580 et
852 2533 955 2580 sine
981 2532 1276 2596 obligatione
1310 2539 1494 2589 mutua,
1517 2546 1630 2594 pro-

250 2604 475 2654 cedentia
492 2622 523 2654 a
545 2606 650 2655 sola
671 2607 977 2655 voluntatum
992 2623 1278 2670 morumque
1297 2606 1630 2664 similitudine,

250 2678 386 2729 licita
397 2689 484 2729 aut
498 2681 670 2730 illicita
685 2690 799 2731 sunt
811 2690 959 2746 prout
973 2682 1273 2746 singulorum
1282 2681 1483 2730 consilia
1499 2681 1632 2730 licita

251 2762 367 2803 sunt
385 2755 462 2804 vel
484 2756 667 2805 illicita.
736 2758 1005 2806 Consilium
1027 2764 1191 2805 autem
1215 2757 1448 2820 cujusque
1489 2755 1631 2819 quale

255 2829 338 2889 sit,
359 2831 421 2880 ab
445 2832 700 2881 occasione
721 2832 1092 2897 intelligendum
1116 2841 1205 2880 est.

69 2313 77 2321 ,
44 2203 75 2283 a}
48 2195 50 2197 ·
42 1909 73 2188 *quw-ars
42 1574 77 1900 fimf-ffler-*ff
40 1461 75 1565 *3⁴:ae

1420 2919 1503 2953 Na
