1968 3236
481 249 552 283 mv,
580 249 765 283 nnoNo
789 247 1195 282 TENBBRARUM.
1442 237 1537 279 465

159 386 162 390 ⁴
215 361 286 410 Ut
322 361 497 425 primo,
538 360 692 407 verba
733 358 1024 415 SolomoniS,
1067 357 1274 418 (Eccles.
1319 357 1402 405 xii.
1444 358 1540 418 7):
1572 379 1673 411 cmv,
1695 377 1821 409 κων.

148 435 374 502 Spiritus
404 436 541 484 redit
581 436 653 483 acl
688 436 865 492 Deum,
891 435 977 499 qui
1014 434 1156 482 dedit
1191 433 1345 481 illum.
1417 432 1542 481 Quae

146 513 299 561 verba
321 512 779 575 interpretationem
803 511 931 558 hanc
969 510 1070 573 pati
1105 516 1325 573 possunt,
1350 524 1542 572 nempe,

148 587 275 636 scire
297 587 558 645 neminem,
584 586 671 634 sed
709 586 866 634 Deum
902 585 1075 642 solum,
1111 584 1309 648 spiritus
1332 584 1544 632 hominis

150 663 271 727 qnid
293 662 490 711 devenit
514 671 564 710 et
587 678 686 724 quo
705 661 876 709 fertur.
948 660 1122 722 Neque
1147 659 1446 707 credendum
1471 667 1546 707 est

150 738 337 787 animas
361 739 681 802 reproborum
706 737 865 784 redire
881 736 943 783 ad
961 736 1132 790 Deum,
1151 735 1237 799 qui
1260 734 1369 782 illas
1393 734 1544 782 dedit.

150 814 313 863 Etiam
331 813 462 861 idem
483 813 733 868 Solomon‚
755 811 883 870 (eod.
904 812 985 858 lib.
1007 826 1092 858 111.
1118 811 1315 870 19-21);
1343 810 1547 858 Idcirco

152 906 277 939 unu-5
301 889 533 937 interitus
557 895 634 936 est
658 887 868 935 hominis
894 893 943 933 et
967 885 1158 944 beslioe,
1183 892 1231 932 et
1252 902 1398 949 aequa
1423 885 1549 932 utri-

153 982 308 1030 usque
330 964 548 1012 conditio
569 982 586 1011 .·
622 963 752 1010 sieut
787 962 997 1010 moritur
1020 961 1175 1019 homo,
1199 968 1250 1009 et
1274 960 1379 1008 illce
1403 961 1549 1008 mori-

154 1047 321 1100 untur,
345 1046 437 1088 etc.
512 1040 636 1096 Quis
662 1039 794 1086 novit
818 1038 864 1085 si
890 1038 1104 1102 spiritus
1128 1037 1359 1099 filiorum
1384 1035 1551 1084 Adam

155 1115 430 1165 (ascendant
469 1130 677 1171 sursum,
714 1120 764 1162 et
788 1113 834 1160 si
868 1113 1086 1177 spirite&
1113 1113 1445 1175 jumentorum
1469 1111 1552 1158 de-

156 1191 399 1258 scendant
438 1189 711 1238 deorsum?
782 1189 940 1236 Locus
979 1181 1103 1235 alins
1123 1196 1213 1244 est,
1234 1187 1354 1235 Gen.
1382 1203 1425 1234 v.
1453 1193 1515 1235 24
1538 1208 1550 1241 ;

158 1267 242 1316 ubi
265 1267 327 1315 de
346 1266 549 1314 Enocho
574 1265 781 1313 dicitur:
811 1264 857 1312 A
864 1263 1099 1311 mbulavit
1118 1279 1224 1311 cum
1243 1263 1370 1320 Dec,
1389 1268 1438 1309 et
1459 1278 1551 1309 non

160 1342 444 1407 apparuit;
492 1341 612 1405 quia
650 1341 766 1388 tulit
800 1356 906 1388 eum
947 1339 1119 1387 Dens.-
1157 1346 1223 1397 et,
1260 1339 1388 1386 Heb.
1414 1339 1479 1386 xi.
1506 1344 1551 1395 5,

162 1417 288 1466 Fide
309 1417 546 1465 Enoc-hus
571 1416 854 1464 translatu-s·
880 1422 972 1474 est,
997 1431 1058 1463 ne
1098 1415 1294 1463 videret
1319 1420 1552 1465 mortem,-

162 1498 216 1541 et
245 1508 342 1540 non
382 1490 741 1550 inveniebatur,
778 1490 898 1554 quia
928 1489 1193 1537 transtulit
1227 1488 1366 1536 illum
1399 1488 1554 1535 Deus,

162 1568 264 1618 Qui
279 1567 417 1615 locus
443 1566 863 1614 immortalitatem
883 1565 1102 1629 corporis
1127 1581 1226 1613 non
1255 1565 1419 1612 minus
1442 1580 1555 1626 pro-

161 1643 262 1701 bat,
287 1658 434 1706 quam
458 1642 649 1718 apimae,
685 1650 735 1688 et
766 1641 946 1704 probat
970 1656 1165 1704 quoqne
1184 1639 1557 1688 translationem

164 1717 313 1768 talem
335 1703 631 1782 peculiarem
656 1732 761 1764 esse
785 1715 1094 1779 placentibus
1130 1716 1252 1773 Deo,
1278 1714 1557 1778 dependen-

166 1803 364 1858 temque
379 1810 479 1842 non
495 1810 525 1842 a
539 1801 732 1850 natura,
749 1792 836 1840 sed
859 1808 890 1840 a
911 1792 1085 1855 gratia.
1124 1791 1222 1839 Sed
1237 1799 1424 1848 contra,
1442 1789 1559 1852 quid

165 1870 567 1935 respondebimus
581 1869 741 1917 verbis
759 1868 1049 1926 Solomonis,
1073 1866 1358 1929 (Eccles.iii.
1376 1871 1483 1913 18-2
1496 1867 1558 1925 l):

167 1945 296 1994 Dixi
329 1946 381 1994 in
404 1946 558 1994 corde
581 1961 682 1993 meo
707 1945 770 1993 de
787 1942 926 2007 filiis
949 1943 1207 2001 hominum,
1240 1948 1294 1990 ut
1308 1940 1561 2006 probaret

168 2037 254 2070 eos
268 2021 426 2080 Deus,
442 2028 492 2069 et
507 2021 793 2069 ostenderet
807 2019 999 2067 simile-5
1017 2034 1128 2067 esse
1143 2017 1344 2066 bestiis:
1370 2015 1561 2063 idcirco

168 2113 294 2145 nnus
335 2095 572 2144 interitus
613 2102 690 2144 est
727 2094 937 2143 hominis
977 2100 1028 2142 et
1056 2094 1407 2156 jumentorum,
1448 2097 1527 2137 ete
1549 2108 1559 2135 ε

170 2170 407 2219 similiter
434 2171 637 2235 spirant
660 2170 838 2223 omnia.
871 2176 921 2218 et
957 2168 1087 2217 nihil
1121 2167 1270 2215 habet
1310 2166 1448 2213 homo
1475 2166 1563 2226 ju-

172 2251 332 2293 mento
361 2244 594 2310 amplius,
627 2252 722 2294 etc.
794 2245 986 2294 Quibus
1022 2244 1183 2291 verbis
1224 2241 1563 2289 immortalitas

173 2321 351 2368 animae
387 2335 475 2383 per
497 2328 723 2368 naturam
763 2328 989 2383 negatur,
1011 2335 1100 2382 per
1123 2317 1332 2381 gratiam
1355 2331 1454 2363 non
1479 2330 1563 2362 ne-

173 2402 335 2459 gatur.
388 2394 573 2443 Eccles.
594 2394 656 2442 iv.
683 2401 732 2452 2,
757 2401 816 2443 3:
855 2394 1090 2443 Laudavi
1131 2392 1297 2457 magis
1330 2396 1563 2447 mortuos,

175 2486 323 2536 quam
346 2470 564 2518 viventes
578 2489 596 2518 .·
621 2475 670 2518 et
674 2470 970 2534 feliciorem
986 2476 1197 2532 utroque
1208 2466 1457 2530 judica-vl,
1478 2465 1565 2529 qui

178 2545 386 2594 necdum
409 2551 557 2592 natus
580 2551 674 2603 est,
699 2562 788 2593 nee
810 2544 937 2593 vidit
961 2544 1095 2592 mala
1115 2559 1223 2607 quse
1258 2540 1348 2589 sub
1370 2540 1475 2587 sole
1494 2541 1566 2602 fi-

180 2626 282 2669 unt.
351 2620 522 2668 Sermo
550 2618 647 2677 hic,
685 2619 726 2667 si
762 2619 952 2667 felicior
988 2618 1052 2666 sit
1076 2618 1159 2680 qui
1183 2632 1282 2664 non
1307 2623 1381 2663 est
1404 2622 1565 2673 natus,

181 2711 326 2759 quam
366 2694 450 2758 qui
497 2702 683 2743 aeterna
717 2694 951 2743 felicitate
987 2694 1183 2749 fruitur,
1224 2692 1376 2739 durus
1422 2698 1564 2738 esset.

181 2771 385 2828 Rursus,
408 2768 593 2817 Eccles.
614 2769 679 2817 ix.
706 2775 734 2817 5
756 2787 768 2815 ε
815 2768 860 2815 V
856 2769 1042 2817 iventes
1065 2768 1235 2815 sciunt
1257 2783 1313 2813 se
1336 2781 1446 2812 esse
1470 2779 1567 2812 mo-

181 2845 374 2894 rituros
392 2863 409 2898 ‚-
445 2843 625 2892 mortni
648 2859 764 2892 vero
802 2843 931 2891 nihil
964 2848 1201 2890 noverunt
1225 2839 1456 2905 amplius,
1481 2855 1568 2887 nec

317 2934 441 2967 von.
464 2932 550 2966 111.
1341 2930 1375 2963 n
1396 2930 1431 2962 n

1601 431 1790 449 Q-—w-—d

1581 474 1625 502 De
1641 478 1701 501 tem

1581 518 1640 555 sirp
1626 518 1673 545 riu
1675 481 1768 544 insiliri

1582 561 1663 589 abin
1633 563 1759 631 intlalffpre
1744 562 1803 586 eta-

1581 604 1622 632 tio
1709 605 1820 630 nrecta

1582 647 1645 676 Son
1622 647 1810 684 ripturarum.
