1968 3236
1838 0 1968 168 A

217 338 331 380 sunt
350 330 401 379 in
418 345 586 379 omnes
606 330 735 378 cives
751 330 832 392 qui
853 330 958 378 illas
976 330 1239 394 trangressi
1257 331 1601 396 fuerint,aeque
1631 357 1734 389 οη,
1751 358 1865 390 xxx,

217 406 280 455 ab
315 405 540 454 omnibus
582 405 854 468 exigantur.
937 405 1152 454 Crimina
1192 406 1388 470 quidem
1428 416 1600 456 contra
1618 412 1860 482 1>ssOE-

218 498 433 531 summos
455 481 750 545 imperantes
774 481 835 528 ab
861 481 975 544 ipsis
1000 482 1103 530 sine
1127 482 1385 546 iniquitate
1409 483 1599 547 ignosci
1617 497 1655 524 mi
1670 496 1845 534 ime-rami*

45 578 79 601 m
216 566 421 622 possunt
441 578 453 612 ;
501 558 604 620 ejus
642 556 772 603 enim
814 564 890 604 est
935 557 1201 620 ignoscere,
1248 558 1332 621 qui
1372 558 1600 622 injuriam

216 648 388 698 passus
419 641 509 681 est.
582 631 679 680 Sed
703 631 882 694 injuria
914 631 1044 680 facta
1083 642 1258 681 contra
1288 633 1459 693 civem,
1496 633 1601 682 sine

217 723 457 756 consensu
482 708 586 770 ejus
618 707 694 755 vel
730 708 1125 770 compensatione
1160 724 1317 772 aequa,
1352 725 1383 757 a
1405 710 1601 758 nemine

216 782 313 831 alio
336 782 601 830 condonari
625 790 802 846 potest.
874 783 1007 832 Quid
1025 784 1154 831 enim
1176 783 1192 831 ἓ
1230 784 1329 834 Qui
1351 785 1506 848 patris
1524 786 1602 834 vel

216 859 305 908 filii
338 859 434 907 mei
470 859 772 907 interfectori
807 858 1148 922 impunitatem
1187 868 1404 923 praestat,
1438 876 1603 909 nonne

216 934 320 999 ipse
354 934 715 999 quodammodo
750 934 1051 983 interfecisse
1086 934 1313 983 dicetur?
1370 936 1603 999 Ejusdem

217 1010 476 1059 est-videre
499 1026 561 1057 ne
585 1010 759 1073 vulgus
783 1009 960 1057 civium
984 1026 1014 1058 a
1029 1011 1340 1074 magnatibus
1359 1012 1603 1075 opprima-

216 1091 315 1144 tur,
343 1085 499 1132 multo
530 1085 684 1148 magis
707 1101 770 1132 ne
796 1100 964 1132 eorum
988 1086 1192 1134 consilio
1216 1086 1319 1150 ipse
1343 1087 1603 1150 opprimat,

218 1160 493 1224 exemplum
518 1167 744 1223 spectans
768 1160 1131 1215 Rehobohami3
1181 1170 1297 1209 sunt
1324 1162 1454 1210 enim
1483 1163 1603 1210 civi·

218 1236 335 1284 tatis
354 1236 504 1283 robur
520 1235 741 1283 homines
761 1235 952 1298 pfflieii.
1006 1235 1189 1283 Curare
1212 1236 1377 1295 etiam,
1395 1253 1458 1285 ne
1476 1238 1605 1286 cives

221 1310 388 1374 magni
412 1309 630 1358 modicos
653 1310 895 1358 lacessant
918 1326 981 1373 op
1017 1311 1208 1359 robriis.
1278 1312 1384 1360 civi
1408 1313 1606 1376 quidem

219 1386 390 1435 infami
407 1385 763 1449 turpitudinem
781 1401 918 1433 suam
938 1402 967 1433 o
1010 1364 1150 1434 ’icere
1168 1386 1225 1445 is,
1234 1387 1317 1450 qui
1335 1387 1388 1435 in
1405 1388 1605 1436 civitate

219 1461 568 1510 authoritatem
589 1461 753 1520 habet,
778 1467 910 1508 recte
932 1468 1094 1523 potest
1115 1482 1127 1516 ;
1163 1462 1249 1510 sed
1283 1462 1378 1510 loci
1410 1463 1605 1511 humili-

217 1547 372 1589 tatem
404 1555 494 1603 pro
530 1539 743 1587 convitio
780 1537 957 1596 dicere,
993 1546 1043 1586 et
1077 1539 1296 1602 iniquum
1332 1547 1381 1588 et
1415 1541 1606 1589 civitati

217 1615 543 1679 periculosum
561 1622 650 1662 est.
720 1613 772 1661 Si
787 1613 917 1662 cives
933 1614 1116 1677 magni,
1133 1615 1248 1678 quia
1261 1616 1443 1679 magni,
1457 1632 1606 1680 prop-

186 1723 191 1728 -
217 1697 296 1740 ter
324 1690 595 1755 potentiam
630 1689 726 1737 coli
749 1688 1015 1752 postulant,
1049 1690 1219 1752 quidni
1242 1699 1293 1738 et
1315 1691 1467 1754 plebs,
1492 1693 1606 1755 quia

216 1765 362 1815 multi
387 1774 439 1814 et
460 1765 710 1829 potentior
732 1765 903 1823 mult0‚
936 1765 1031 1812 coli
1054 1765 1264 1814 debeat?
1337 1766 1498 1816 Quam
1522 1784 1606 1816 au-

217 1847 318 1890 tem
343 1841 523 1890 civium
543 1840 851 1888 modicorum
869 1840 1190 1903 vilipendium
1209 1842 1396 1890 civitati
1413 1843 1604 1907 pericu-

216 1915 375 1965 losum
398 1924 487 1974 est,
510 1915 687 1963 seditio
709 1931 879 1963 eorum
904 1915 955 1962 in
983 1915 1203 1976 Batavia,
1228 1934 1337 1981 quae
1359 1919 1604 1967 mendico-

217 2006 327 2040 rum
349 1991 483 2040 dicta
506 1999 594 2049 est,
618 2006 817 2039 monere
842 1990 1002 2039 debet.
1072 1992 1262 2040 Civium
1299 1993 1603 2057 inaequalitas

217 2081 318 2116 non
345 2083 377 2115 a
409 2083 462 2115 re
485 2067 650 2131 aliqua
683 2067 734 2114 in
757 2066 930 2129 seipsis
954 2067 1146 2126 eximia,
1181 2069 1267 2117 sed
1300 2086 1330 2118 a
1351 2070 1603 2119 voluntate

217 2143 395 2191 summi
418 2142 703 2206 imperantis
726 2143 950 2206 profecta
973 2151 1063 2202 est,
1088 2143 1140 2191 id
1174 2152 1265 2202 est,
1300 2161 1330 2192 a
1351 2145 1602 2194 voluntate

217 2217 428 2267 civitatis
447 2239 460 2274 ;
495 2226 733 2282 tantoque
755 2218 916 2266 minus
938 2219 1101 2267 facere
1123 2219 1306 2268 debent
1327 2220 1507 2268 fastum
1527 2221 1602 2268 in-

217 2292 373 2342 civile.
462 2293 763 2341 Irritandum
796 2293 970 2357 vulgus
1004 2311 1067 2342 ne
1102 2311 1133 2343 a
1168 2295 1363 2359 regibus
1404 2296 1601 2359 quidem

217 2375 310 2427 est,
330 2369 488 2417 multo
511 2368 671 2416 minus
694 2384 725 2416 a
747 2349 1045 2428 conffius,
1070 2379 1484 2434 quantuncunque
1502 2371 1601 2420 sint

215 2451 473 2508 potentem
511 2458 589 2502 ne,
614 2443 731 2491 dum
766 2443 874 2492 illos
909 2444 1080 2493 ulcisci
1120 2446 1285 2509 cupiat
1319 2445 1511 2509 vulgus,
1535 2447 1601 2494 ci·

215 2516 419 2567 vitatem
463 2517 607 2566 simul
647 2533 758 2580 quae
791 2518 901 2567 illos
933 2535 1036 2568 uon
1068 2520 1388 2583 prohibuerit,
1430 2536 1601 2584 aggre-

71 2588 75 2595 ’
127 2586 130 2587 ’
218 2590 428 2643 diantur.

282 2667 363 2716 Ad
382 2668 666 2731 aequitatem
688 2668 972 2732 imperantis
997 2670 1211 2733 pertinet
1233 2670 1379 2718 etiam
1410 2671 1600 2720 exactio

216 2742 415 2807 equalis
430 2743 741 2792 tributorum.
775 2742 1048 2807 AEqualitas
1064 2753 1227 2793 autem
1251 2744 1334 2793 illa
1356 2744 1599 2808 dependet

215 2831 316 2867 non
348 2834 380 2867 a
401 2817 579 2867 civium
610 2817 807 2876 divitiis,
829 2819 916 2868 sed
945 2821 1006 2869 ab
1031 2836 1089 2868 eo
1113 2811 1598 2886 quod'unusquisque
1629 2875 1634 2879 .

719 218 788 252 on
815 218 1089 252 CIVITATE.
1504 211 1600 255 247
