1968 3236
554 253 625 287 DE
652 253 840 287 REGNo
867 253 1268 288 TENEBRARUM.
1505 243 1593 287 501

221 362 379 413 omnis
423 362 637 427 pendere
683 365 744 412 ab
793 379 876 413 ore
931 364 1214 423 sacerdotiS,
1260 364 1602 428 praetereunda
1619 385 1722 419 eff,
1739 385 1865 418 mm.

221 438 404 488 censui.
1652 439 1844 507 m

290 512 452 572 Quod,
476 521 656 577 negato
679 514 833 562 libero
857 514 1075 573 arbitrio,
1094 514 1231 578 sequi
1254 514 1420 563 dicant
1441 514 1599 563 Deum
1652 522 1812 593 ‘finimih-

221 604 327 638 essc
349 590 538 653 peccati
563 590 835 647 authorem,
859 605 950 637 nec
970 590 1146 638 debere
1164 590 1274 638 ideo
1291 597 1600 654 peccatorem
1650 573 1669 602 Ρ
1713 573 1783 602 ⁰⁸⁰⁹
1805 572 1842 592 ι’

218 664 398 729 puniri,
416 665 688 713 concedant
711 673 874 713 tamen
893 681 1055 713 rerum
1075 673 1124 713 et
1141 666 1388 714 actionum
1405 681 1599 714 causam

218 740 425 804 primam
450 756 555 788 esse
580 741 753 797 Deum,
779 740 1166 788 conciliationem
1188 749 1364 804 petunt
1382 757 1442 789 ex
1464 740 1599 789 Aris-

218 816 369 864 totele
392 824 600 864 vocante
618 824 875 880 peccatum
900 815 1091 875 ἀνομίαν,
1115 816 1167 864 id
1189 824 1278 875 est,
1309 817 1466 880 ipsam
1488 832 1600 864 cum

218 891 326 955 lege
350 892 776 955 incongruitatem,
804 891 1127 954 privationem
1151 907 1350 950 meram,
1374 908 1474 940 non
1496 891 1599 941 fac·

218 974 324 1015 tum
362 974 448 1015 aut
478 967 723 1015 actionem
758 966 1052 1030 quampiam.
1122 967 1259 1015 Facti
1290 983 1408 1031 ergo
1442 967 1600 1016 omnis

220 1050 274 1091 et
296 1042 418 1106 legis
442 1059 638 1090 causam
662 1043 819 1091 Deum
845 1058 948 1091 esse
965 1051 1300 1128 agnoscentes,
1324 1043 1602 1107 incongrui-

219 1117 335 1166 tatis
374 1134 570 1166 causam
603 1134 707 1166 esse
742 1125 956 1182 negant3
992 1112 1130 1182 qum
1171 1119 1294 1183 quiS,
1332 1135 1443 1166 cum
1481 1118 1601 1167 duas

219 1191 435 1241 duxisset
458 1194 610 1241 lineas
634 1202 817 1242 rectam
841 1202 891 1242 et
925 1210 1139 1252 curvam,
1164 1195 1332 1242 ambas
1357 1210 1408 1243 55
1430 1194 1600 1242 fecisse

219 1267 421 1325 diceret,
454 1269 541 1317 sed
563 1269 624 1316 ab
648 1269 743 1318 alio
766 1270 948 1318 factam
972 1285 1076 1318 esse
1099 1270 1291 1318 illarum
1322 1269 1599 1354 incongrui-

221 1351 388 1392 tatem.
459 1344 556 1392 Sed
575 1345 861 1392 Aristoteles
884 1361 971 1409 per
990 1345 1417 1408 incongruitatem,
1441 1346 1600 1409 ipsum

219 1418 420 1477 factum,
439 1427 524 1467 aut
548 1419 719 1467 saltem
742 1419 1079 1478 deliberatum,
1103 1420 1180 1468 vel
1203 1421 1480 1468 consultum
1502 1421 1600 1484 legi

220 1494 546 1557 incongruum
561 1494 813 1542 intellexit.
851 1495 1021 1558 Itaque
1039 1495 1433 1554 Scholastici,ubi
1446 1496 1601 1544 videri

219 1569 481 1618 voluerunt
520 1570 835 1629 subtilissimi,
860 1571 927 1618 ibi
955 1571 1300 1619 hebetudinem
1324 1571 1602 1620 indicarunt

218 1645 443 1693 maxime.
529 1646 580 1693 Si
622 1645 822 1694 subtiles
851 1645 1071 1704 fuissent,
1109 1645 1432 1694 differentiam
1472 1647 1602 1694 inter

219 1736 414 1769 causam
437 1721 556 1769 facti
580 1728 630 1768 et
652 1721 908 1769 authorem
941 1722 1082 1770 facile
1118 1722 1430 1770 invenissent.
1500 1723 1602 1770 Au-

220 1796 334 1844 thor
366 1795 487 1844 facti
521 1796 562 1844 is
586 1803 675 1855 est,
702 1797 785 1859 qui
807 1797 915 1845 fieri
933 1798 1106 1860 jubet;
1142 1813 1289 1846 causa
1324 1806 1400 1846 est
1433 1798 1489 1855 is,
1513 1814 1602 1861 per

220 1872 359 1935 cujus
372 1872 498 1920 vires
520 1872 705 1920 factum
724 1880 813 1920 est.
886 1873 1019 1920 Deus
1043 1873 1286 1921 neminem
1303 1874 1444 1937 jubet
1467 1875 1602 1938 quic-

221 1962 367 2009 quam
400 1955 571 1995 contra
605 1947 737 2011 leges
773 1947 935 1995 facere
977 1955 1061 1996 aut
1101 1949 1297 2004 conari;
1333 1949 1469 2012 atqui
1493 1965 1601 2011 quae

219 2021 442 2080 facimus,
459 2022 644 2070 viribus
663 2038 693 2070 a
717 2023 821 2071 Deo
857 2023 984 2071 datis
1016 2024 1180 2071 omnia
1212 2023 1432 2071 facimus.
1503 2024 1602 2071 Cur

222 2103 402 2156 autem,
426 2097 468 2145 si
492 2097 624 2146 Deus
653 2099 704 2146 111
741 2114 888 2146 causa
924 2107 1015 2158 est,
1053 2098 1436 2147 condemnamur
1472 2114 1561 2146 nos
1583 2099 1599 2146 P

226 2171 485 2235 Responde
509 2172 642 2231 mihi,
667 2173 750 2236 qui
774 2173 844 2221 sic
868 2189 1028 2237 rogas,
1048 2190 1135 2222 cur
1159 2174 1288 2221 Deus
1322 2174 1383 2221 ab
1418 2181 1602 2221 aeterno

223 2246 343 2295 alios
366 2246 530 2311 elegit,
554 2248 673 2296 alios
695 2248 990 2311 reprobavit,
1010 2256 1059 2296 et
1084 2248 1325 2311 quomodo
1348 2247 1411 2296 ad
1433 2263 1601 2311 poenas

222 2331 431 2374 aeternas
453 2323 784 2386 maximasque
814 2323 1155 2371 condemnavit
1189 2338 1288 2381 eos,
1313 2322 1396 2385 qui
1420 2322 1600 2370 malum

221 2396 440 2445 nondum
462 2405 549 2444 aut
570 2396 788 2445 fecerant
809 2406 896 2446 aut
910 2398 1259 2461 cogitaverant,
1279 2413 1371 2445 nec
1388 2397 1480 2445 nisi
1495 2397 1602 2446 Deo

221 2472 417 2520 volente
454 2479 504 2520 et
525 2472 625 2519 vim
658 2472 922 2535 praebente,
955 2473 1116 2521 facere
1150 2481 1234 2521 aut
1268 2472 1483 2535 cogitare
1511 2489 1600 2536 po-

225 2547 458 2595 tuerunt?
528 2547 786 2611 Responde
804 2548 967 2607 etiam,
991 2565 1054 2597 an
1074 2549 1222 2612 figulo
1246 2547 1307 2595 de
1322 2563 1449 2606 vase,
1469 2548 1602 2611 quod

223 2622 381 2680 finxit,
400 2637 501 2669 non
525 2622 589 2670 sit
611 2622 796 2671 licitum
821 2631 1035 2672 statuere
1060 2622 1291 2686 quicquid
1313 2621 1449 2670 vult?
1519 2623 1600 2670 In-

225 2697 335 2746 dica
357 2696 581 2760 denique,
605 2698 689 2745 ubi
714 2698 979 2762 Scripturae
1015 2706 1182 2762 aperte
1214 2697 1395 2756 dicant,
1432 2713 1601 2746 omnes

225 2772 348 2828 illos,
371 2771 454 2835 qui
489 2787 519 2819 a
552 2787 704 2835 regno
746 2772 836 2820 Dei
873 2772 1209 2830 excludentur,
1242 2772 1456 2820 victuros
1494 2788 1600 2820 esse

226 2847 328 2895 sine
353 2855 508 2895 morte
533 2846 747 2895 secunda
768 2848 1055 2896 cruciandos
1078 2849 1128 2895 in
1150 2855 1400 2895 aeternum.

292 2920 595 2971 Accedamus
626 2922 727 2985 jam
759 2922 822 2970 ad
845 2923 1054 2971 ethicam
1090 2930 1139 2971 et
1168 2922 1434 2986 politicam.
1501 2922 1601 2971 Do·
