1968 3236
365 197 454 240 184
859 206 928 238 DE
958 205 1233 239 clvi'rA‘rE.

76 341 178 372 CAp,
202 341 335 373 xxm,
360 325 602 382 potestate
650 333 767 364 cura
803 317 1071 380 imponitur
1099 316 1285 379 judicia
1308 316 1594 380 exequendi,
1615 317 1752 380 jussa

112 395 300 416 x——faq

100 426 143 454 De
157 429 278 462 potesta·

95 469 131 497 tis
145 478 265 497 summm
282 469 331 496 mi-

95 512 192 540 nistris
209 512 342 550 publicis.

361 393 827 456 summaepotestatis
842 391 1138 455 publicandi,
1148 392 1384 439 tumultus
1400 392 1750 455 supprimendi,

360 469 697 517 malefactores
716 467 955 530 capiendi,
978 475 1027 515 et
1046 467 1382 514 incarcerandi
1402 488 1414 523 ;
1450 468 1750 531 aliarumque

360 562 522 593 rerum
547 544 610 591 ad
630 543 1047 591 conservationem
1071 542 1206 605 pacis
1230 543 1597 605 pertinentium.
1641 544 1750 590 Hu-

354 620 569 685 jusmodi
585 620 714 666 enim
729 619 944 666 actiones
960 619 1169 666 civitatis
1185 618 1403 666 actiones
1423 626 1552 676 sunt,
1561 618 1751 682 ipsique

360 696 569 744 ministri
593 695 873 759 hujusmodi
899 695 1116 758 corporis
1137 694 1338 742 humani
1362 694 1585 742 manibus
1618 710 1752 742 com-

358 772 564 836 parandi
586 779 716 819 sunt.

427 847 562 895 Foris
585 847 796 894 ministri
822 846 1004 910 publici
1030 853 1145 894 sunt
1170 846 1255 904 illi,
1282 845 1365 909 qui
1387 861 1620 909 personas
1646 862 1749 893 mo·

360 924 652 970 narcharum
678 938 878 970 suorum
903 923 979 970 vel
1003 938 1304 970 summorum
1329 928 1545 969 coetuum
1570 937 1747 984 reprae·

362 1006 557 1047 sentant
591 999 655 1046 ad
688 998 910 1046 civitates
939 1006 1194 1053 externas3
1233 997 1398 1061 quales
1433 1005 1548 1044 sunt
1586 996 1752 1060 legati,

360 1075 537 1132 nuntii,
571 1081 788 1137 agentes,
821 1082 871 1122 et
902 1073 1106 1132 heraldi,
1132 1073 1431 1121 authoritate
1462 1072 1660 1136 publica
1693 1072 1754 1120 de

362 1150 563 1214 negotio
610 1149 806 1213 publico
855 1150 1004 1196 missi.
1078 1149 1175 1197 Qui
1216 1156 1381 1196 autem
1426 1148 1491 1195 ad
1532 1147 1755 1196 civitates

362 1234 588 1273 externas
614 1243 643 1273 a
679 1226 891 1273 civitatis
926 1242 1042 1284 suae,
1076 1225 1314 1272 seditione
1348 1223 1633 1283 laborantis,
1657 1223 1758 1272 fac-

361 1302 495 1349 tione
520 1302 682 1364 aliqua
699 1301 940 1363 legantur,
962 1317 1241 1364 quanquam
1257 1299 1443 1363 recepti
1463 1300 1577 1359 sint,
1595 1314 1756 1362 neque

362 1377 572 1425 ministri
595 1377 778 1440 publici
820 1393 980 1439 neque
1012 1377 1191 1439 privati
1227 1383 1371 1431 sunt;
1409 1376 1523 1439 quia
1558 1375 1758 1423 civitate

364 1453 497 1501 missi
512 1469 610 1500 non
629 1460 758 1500 sunt.
828 1453 991 1500 Etiam
1010 1452 1200 1515 legatus
1217 1468 1246 1499 a
1260 1452 1481 1515 principe
1500 1451 1563 1499 ad
1578 1451 1758 1514 princi-

364 1546 492 1593 pem,
514 1527 888 1591 congratulandi
906 1528 983 1575 vel
1009 1527 1301 1574 condolendi
1320 1527 1396 1574 vel
1415 1527 1466 1574 in
1489 1526 1756 1574 festivitate

365 1606 528 1668 aliqua
565 1604 821 1652 assistendi
858 1620 1004 1652 causa
1043 1603 1234 1661 missus,
1276 1603 1368 1650 etsi
1408 1602 1757 1650 authoritatem

363 1682 542 1729 habeat
573 1680 836 1745 publicam,
862 1680 976 1743 quia
1012 1687 1178 1727 tamen
1220 1678 1472 1741 negotium
1510 1677 1757 1740 privatum

365 1765 456 1815 est,
482 1756 703 1804 minister
747 1755 972 1818 publicus
1018 1771 1119 1802 non
1165 1762 1254 1801 est.
1325 1753 1498 1816 Neque
1536 1753 1758 1800 minister

365 1832 588 1896 publicus
623 1831 663 1878 is
706 1838 795 1888 est,
834 1830 917 1893 qui
954 1830 1017 1877 ad
1041 1837 1264 1876 externas
1302 1828 1524 1876 civitates
1547 1828 1759 1876 mittitur

366 1907 570 1956 consilia
593 1922 762 1954 eorum
787 1905 1072 1968 explorandi
1096 1921 1257 1952 causa.
1310 1903 1607 1967 Quanquam
1626 1904 1758 1951 enim

368 1992 474 2031 tum
499 1982 769 2030 authoritas
811 1990 915 2029 tum
953 1981 1206 2044 negotium
1245 1980 1495 2044 publicum
1541 1979 1620 2038 sit,
1645 1979 1760 2042 quia

368 2068 533 2108 tamen
549 2073 809 2121 personam
825 2056 1037 2104 civitatis
1060 2072 1160 2103 non
1182 2055 1327 2119 gerit,
1352 2055 1575 2102 minister
1596 2054 1758 2117 priva-

370 2143 449 2182 tus
470 2143 572 2189 est;
599 2141 648 2181 et
674 2133 895 2196 corporis
911 2133 1113 2179 humani
1129 2131 1270 2179 oculo
1292 2131 1564 2194 comparari
1579 2138 1757 2194 potest.

371 2209 685 2259 Consiliarius
710 2215 888 2266 autem,
914 2208 954 2255 si
978 2209 1082 2256 sine
1106 2207 1310 2271 imperio
1337 2214 1387 2254 et
1417 2206 1759 2270 jurisdictione

371 2285 431 2332 de
488 2286 634 2333 rebus
681 2284 843 2332 arduis
887 2293 937 2332 et
977 2283 1185 2347 publicis
1226 2283 1430 2331 habenti
1464 2290 1760 2346 potestatem

371 2376 609 2408 summam
629 2359 882 2408 consilium
899 2366 1090 2407 tantum
1107 2358 1254 2406 dandi
1274 2360 1354 2422 jus
1376 2358 1572 2417 habeat,
1592 2359 1761 2406 minis-

372 2444 448 2484 ter
481 2435 705 2500 publicus
746 2451 845 2482 non
884 2442 982 2489 est;
1019 2450 1178 2497 neque
1219 2449 1333 2481 vero
1372 2433 1760 2482 consiliariorum

373 2519 528 2560 coetus
553 2513 672 2575 ipse.
742 2511 1010 2559 Consilium
1029 2510 1157 2558 enim
1181 2509 1441 2572 imperanti
1464 2525 1654 2557 summo
1679 2525 1760 2558 co-

372 2604 478 2636 ram
513 2587 618 2651 ipso
645 2586 820 2641 datur3
857 2601 1115 2649 personam
1147 2593 1313 2632 autem
1337 2585 1441 2648 ejus
1466 2601 1631 2632 coram
1654 2584 1760 2647 ipso

372 2671 723 2727 repraesentare
761 2679 904 2710 nemo
942 2668 1120 2725 potest.
1189 2661 1362 2723 Neque
1399 2661 1450 2707 in
1483 2669 1615 2708 coetu
1655 2659 1761 2723 ipso

373 2756 611 2787 summam
634 2739 845 2787 habente
869 2746 1181 2802 potestatem,
1196 2736 1323 2784 ullus
1338 2737 1485 2784 homo
1502 2733 1760 2799 singularis

374 2824 449 2863 est
494 2815 716 2863 minister
756 2813 1006 2878 publicus;
1054 2812 1169 2876 quia
1209 2827 1351 2859 nemo
1395 2827 1563 2858 eorum
1604 2817 1762 2858 coetus

372 2890 523 2954 ipsius
545 2906 803 2955 personam
826 2890 877 2938 in
896 2897 1028 2938 coetu
1050 2889 1155 2952 ipso
1179 2895 1528 2951 repraesentare
1546 2893 1726 2950 potest.
