1968 3236
192 387 295 421 CAP.
314 389 344 420 1.

161 480 206 508 De
220 482 354 518 symbolo

160 523 281 553 Niceno.

414 244 510 286 522
727 253 1013 286 APPENDIX
1039 253 1112 286 AD
1141 254 1482 289 anlA'rnAN.

411 364 632 428 reprobis
656 372 864 412 aeternos
899 366 1160 424 cruciatus,
1184 383 1286 415 non
1318 367 1434 416 inde
1455 367 1639 431 poteris
1662 365 1798 415 colli-

411 456 526 504 gere
551 441 734 487 animas
759 455 930 487 eorum
953 440 1082 488 inter
1106 441 1236 490 diem
1251 443 1422 491 mortis
1446 451 1495 491 et
1519 443 1648 490 diem
1666 442 1798 506 judi-

413 516 491 574 cii,
512 515 597 563 sed
615 522 807 562 tantum
824 523 938 578 post
954 515 1083 563 diem
1094 518 1267 580 judicii
1283 519 1519 568 extitisse.
1554 518 1798 566 Praeterea

410 607 440 638 a
469 590 662 653 justitia
686 591 793 649 Dei,
830 592 915 654 qui
950 593 1196 641 cruciatus
1221 600 1431 642 aeternos
1455 593 1796 658 peccatoribus

409 665 731 713 comminatus
746 674 835 725 est,
847 682 1054 729 arguere
1070 669 1396 717 aeternitatem
1410 670 1628 733 ipsorum
1642 669 1798 717 cruci-

407 749 575 788 atuum
598 757 697 788 non
717 748 872 804 potes.
908 743 1014 790 Etsi
1030 744 1161 791 enim
1180 745 1263 808 qui
1282 746 1412 793 bona
1429 761 1537 809 quae
1557 744 1797 793 debentur

405 831 504 863 non
543 824 760 879 praestat,
793 817 1002 880 injustus
1038 820 1116 879 sit,
1141 820 1181 868 is
1220 828 1402 880 tamen,
1439 821 1522 885 qni
1555 821 1685 869 mala
1717 821 1795 869 vel

407 891 582 940 damna
606 893 773 940 debita
791 910 890 941 non
908 903 1127 958 praestat,
1147 897 1357 961 injustus
1371 913 1472 946 non
1490 905 1580 956 est,
1599 896 1687 945 sed
1703 897 1795 944 mi·

406 968 623 1015 sericors.
662 968 861 1017 Quanto
876 970 1036 1018 minus
1052 971 1201 1032 Deus,
1218 973 1302 1036 qui
1317 981 1391 1021 est
1405 973 1596 1020 infinite
1610 972 1796 1021 miseri-

406 1059 529 1102 cors,
563 1060 665 1092 11011
687 1045 869 1107 poterit
894 1046 999 1094 sine
1017 1048 1226 1111 justitiae
1250 1065 1351 1097 suae
1372 1049 1639 1096 violatione
1662 1048 1794 1097 miti-

403 1136 518 1183 gare
534 1127 639 1168 tum
654 1121 1028 1170 diuturnitatem
1045 1130 1152 1171 tum
1170 1125 1490 1172 acerbitatem
1507 1124 1794 1172 meritarum

403 1196 684 1259 poenarum?
710 1196 899 1245 Deinde
920 1198 1175 1262 Scriptura
1189 1200 1325 1259 dicit,
1350 1200 1570 1264 (Apocal.
1589 1216 1670 1248 xx.
1691 1200 1790 1262 14):

403 1271 574 1335 Ipsum
598 1272 847 1335 infernum
866 1274 1136 1336 conjectum
1153 1275 1223 1323 iri
1246 1276 1296 1323 in
1321 1275 1483 1323 lacum
1508 1275 1660 1340 ignis,
1685 1291 1794 1340 quae

402 1353 478 1394 est
494 1347 713 1394 secunda
738 1364 883 1395 mors,
921 1349 1199 1413 Resurgent
1223 1367 1340 1415 ergo
1365 1351 1575 1414 reprobi,
1590 1357 1646 1398 ut
1661 1350 1794 1398 vide·

402 1430 497 1481 tur,
517 1423 580 1470 ad
604 1423 868 1471 secundam
892 1431 1118 1474 mortem.
1189 1426 1413 1490 Denique
1438 1427 1479 1474 si
1503 1426 1668 1474 anima
1689 1442 1791 1474 non

402 1499 464 1546 sit
499 1498 630 1546 idem
668 1499 800 1562 quod
827 1500 943 1559 vita,
969 1500 1055 1548 sed
1092 1502 1367 1550 substantia
1403 1502 1455 1550 in
1487 1518 1538 1550 se
1575 1502 1790 1550 existens

400 1574 629 1622 distincta
653 1591 682 1622 a
700 1591 918 1639 corpore,
939 1575 1206 1641 eademque
1226 1578 1437 1627 hominis
1456 1578 1669 1626 essentia
1686 1578 1790 1626 sive

399 1657 589 1708 natura,
604 1651 740 1713 sequi
757 1651 964 1710 videtur,
985 1651 1153 1700 addita
1171 1660 1349 1701 natura
1363 1653 1542 1712 divina,
1562 1661 1662 1701 tres
1681 1669 1786 1702 esse

400 1725 450 1773 in
475 1726 669 1774 Christo
693 1735 910 1787 naturas,
937 1728 1071 1791 quod
1095 1736 1168 1776 est
1194 1737 1370 1778 contra
1391 1730 1556 1778 fidem.

466 1802 530 1848 A.
568 1802 674 1849 Etsi
721 1819 782 1850 ex
830 1803 1084 1868 Scriptura
1124 1803 1451 1853 demonstrari
1493 1821 1594 1853 non
1636 1806 1789 1869 possit

398 1877 610 1924 animam
642 1877 906 1926 humanam
948 1879 1269 1928 substantiam
1304 1896 1407 1928 esse
1448 1886 1723 1944 separatam
1759 1897 1790 1929 a

398 1968 615 2015 corpore,
651 1969 751 2001 non
772 1954 968 2002 videtur
1001 1961 1166 2002 tamen
1203 1971 1262 2002 ex
1297 1955 1550 2019 Scriptura
1586 1955 1789 2004 demon-

398 2028 542 2075 strari
561 2044 700 2091 posse
725 2029 1041 2078 contrarium.

463 2103 528 2151 B.
564 2103 827 2152 Videamus
864 2121 981 2168 ergo
1023 2104 1141 2168 quid
1165 2105 1419 2168 Scriptura
1442 2104 1577 2165 dicit,
1596 2113 1704 2155 tum
1735 2106 1788 2155 in

396 2179 562 2226 Veteri
586 2187 691 2227 tum
716 2179 767 2227 in
792 2180 934 2228 Novo
957 2181 1288 2239 Testamento‚
1322 2180 1383 2228 de
1411 2187 1589 2229 natura
1611 2182 1787 2230 animae

396 2254 637 2313 humanae,
662 2255 959 2303 harmonice.
999 2256 1069 2304 Ut
1092 2256 1223 2304 enim
1241 2256 1435 2304 articuli
1453 2257 1787 2319 praecedentes

395 2330 629 2393 praecipui
654 2330 753 2378 sint
776 2331 907 2394 apud
942 2331 1214 2395 theologos,
1242 2332 1478 2380 articulus
1513 2339 1679 2381 tamen
1703 2333 1786 2382 hic

397 2405 456 2453 de
480 2407 832 2454 resurrectione
867 2407 931 2454 ad
953 2407 1104 2455 vitam
1136 2416 1370 2456 aeternam
1408 2408 1685 2472 praecipuus
1709 2416 1786 2458 est

396 2481 526 2544 apud
567 2481 868 2530 Christianos
909 2482 1160 2531 universos
1181 2505 1192 2539 ;
1243 2484 1358 2547 quia
1397 2483 1448 2532 in
1493 2483 1578 2532 illo
1625 2485 1784 2534 omnis

396 2571 565 2603 eorum
604 2565 716 2620 post
756 2557 1012 2620 praesentis
1042 2557 1157 2606 vitae
1194 2559 1480 2607 afflictiones
1517 2558 1786 2608 collocatur

395 2647 520 2693 spes,
545 2639 596 2680 et
632 2640 984 2696 praesumptum
1006 2633 1255 2696 gaudium.
1326 2635 1464 2683 Dixit
1486 2635 1619 2684 Deus
1641 2635 1784 2696 (Gen.

395 2705 445 2752 ii.
469 2707 547 2767 17)
577 2706 640 2754 ad
656 2706 899 2755 Adamum
923 2707 974 2755 in
999 2708 1245 2768 Paradiso,
1270 2710 1355 2758 ubi
1380 2718 1522 2759 erant
1546 2711 1658 2760 duae
1679 2727 1784 2775 prae

396 2780 584 2828 caeteris
622 2781 821 2829 arbores
861 2782 1173 2842 excellentes,
1209 2800 1384 2848 nempe
1408 2786 1555 2834 arbor
1578 2786 1708 2845 vitae,
1732 2794 1784 2835 et

396 2855 537 2902 arbor
562 2856 854 2917 cognitionis
877 2857 993 2905 boni
1017 2865 1066 2905 et
1090 2859 1220 2915 mali,
1261 2876 1356 2924 quo
1390 2860 1472 2908 die
1502 2861 1782 2910 comederis

1927 2965 1968 3236 mamm-,421
1948 2925 1968 2948 ι.
1945 2752 1968 2917 ,ιι-«πε,
1947 2688 1968 2729 ,επ
