1910 3236
104 334 208 366 CAP.
224 334 271 365 X.

98 387 290 410 -ρὙ--μ

59 431 104 459 De
117 430 255 468 potentia,
270 430 328 466 dig-

59 474 158 507 nitate,
168 477 196 502 et
208 474 328 502 honore.

347 186 406 238 74
882 198 953 230 DE
982 197 1226 231 HOMINE.

409 313 687 374 Antequam
711 326 902 373 magnae
927 310 1180 357 extiterint
1203 310 1441 368 civitates,
1466 310 1736 372 ignominia

343 403 442 436 non
477 395 596 445 erat,
633 386 719 433 sed
749 385 912 448 potius
939 385 1264 433 honorificum
1294 394 1344 433 et
1371 385 1555 448 negotii
1579 402 1734 449 genus

342 464 628 526 legitimum,
650 463 690 509 si
709 462 814 524 quis
838 469 971 508 terra
989 462 1066 509 vel
1090 462 1213 509 mari
1235 461 1402 525 praedo
1422 470 1529 508 erat
1549 482 1560 516 ;
1597 470 1654 509 ut
1674 477 1734 508 ex

343 539 557 587 historiis
576 537 787 600 antiquis
805 537 1119 586 manifestum
1139 546 1228 596 est,
1248 538 1519 601 praesertim
1534 537 1733 586 Graecis.

343 615 503 662 Etiam
535 614 681 661 hodie
716 613 767 660 in
802 613 894 660 hae
929 621 1100 662 nostra
1132 620 1272 677 parte
1308 614 1439 661 orbis
1474 622 1733 671 terrarum,

342 706 507 753 pugna
552 689 809 752 singularis
855 688 1176 752 privatorum,
1224 705 1502 753 quanquam
1548 689 1734 748 illicita,

342 765 610 813 honorifica
648 771 814 812 tamen
851 771 952 819 est3
1003 773 1053 812 et
1094 764 1202 823 erit,
1250 764 1406 812 donee
1445 765 1735 828 excogitatae

341 841 521 889 fuerint
543 841 693 904 leges,
719 856 927 903 quarum
944 840 1126 887 virtute
1149 841 1256 887 fieri
1279 847 1458 903 potest,
1482 848 1539 888 ut
1563 841 1648 904 (1111
1671 840 1736 888 ad

341 933 556 980 pugnam
586 924 841 979 provocat,
874 915 999 974 vilis,
1039 916 1123 979 qui
1157 916 1496 979 provocationi
1528 932 1629 964 non
1660 932 1736 964 re-

342 992 566 1055 spondet,
613 992 929 1040 honorandus
978 991 1218 1039 videatur.
1307 991 1455 1040 Quod
1500 992 1586 1055 qui
1629 993 1737 1039 fieri

341 1069 494 1132 possit
528 1085 628 1116 non
656 1068 814 1116 video,
886 1069 1014 1116 Nam
1048 1067 1387 1131 promptitudo
1422 1067 1484 1115 ad
1518 1083 1736 1131 pugnam

341 1144 643 1192 fortitudinis
668 1145 862 1207 signum
887 1161 1078 1207 semper
1103 1153 1193 1202 est,
1218 1159 1327 1207 quae
1350 1143 1400 1190 in
1426 1151 1559 1191 statu
1580 1142 1732 1191 homi·

342 1236 462 1267 num
480 1220 693 1268 naturali
710 1221 866 1268 virtus
886 1221 1113 1279 maxima,
1132 1220 1173 1267 si
1191 1235 1293 1267 non
1305 1208 1453 1267 unica
1476 1226 1548 1267 est
1565 1240 1577 1274 3
1613 1235 1738 1283 pug-

340 1312 456 1343 nam
479 1304 644 1344 autem
667 1311 895 1349 recusare
924 1312 1024 1344 11011
1054 1302 1231 1343 natura
1253 1295 1340 1343 sed
1369 1295 1559 1359 legibus
1582 1295 1739 1343 virtus

341 1373 412 1431 fit,
439 1380 490 1419 et
511 1372 701 1435 legibus
725 1380 904 1420 natura
925 1371 1100 1420 fortior
1125 1378 1212 1419 est.

408 1448 609 1496 Tunicae
634 1455 683 1496 et
707 1455 846 1496 scuta
875 1448 1007 1511 picta
1037 1447 1365 1506 haereditaria,
1390 1448 1473 1495 ubi
1505 1447 1739 1511 adjuncta

342 1525 525 1572 habent
542 1525 800 1588 privilegia
816 1524 1123 1572 honorabilia
1143 1532 1287 1577 sunt;
1323 1524 1508 1587 absque
1526 1523 1620 1571 illis
1637 1539 1738 1572 non

342 1600 479 1648 item.
548 1600 786 1648 Potentiae
819 1601 950 1647 enim
981 1599 1247 1663 insignium
1270 1599 1444 1647 talium
1467 1599 1738 1647 consistunt

341 1677 393 1723 in
410 1676 693 1739 privilegiis,
712 1676 789 1723 vel
806 1676 858 1723 in
877 1676 1074 1734 divitiis,
1095 1675 1249 1723 aliave
1274 1691 1327 1722 re
1345 1691 1454 1738 quae
1478 1675 1529 1723 in
1548 1675 1738 1723 oaeteris

339 1752 619 1800 hominibus
659 1767 797 1815 aeque
836 1752 1123 1800 honoratur.
1195 1751 1359 1799 Genus
1400 1751 1494 1799 hoc
1539 1751 1738 1799 honoris

340 1828 488 1891 vulgo
513 1827 647 1875 diota
673 1827 914 1875 nobilitas
946 1827 1134 1892 gentiS,
1160 1827 1221 1874 ab
1246 1826 1459 1889 antiquis
1484 1826 1738 1874 Germanis

340 1903 536 1951 videtur
560 1903 793 1951 derivata.
853 1903 950 1970 Res
975 1902 1106 1950 enim
1130 1902 1355 1950 omnibus
1379 1902 1630 1965 incognita
1647 1914 1736 1962 est,

340 1980 436 2027 nisi
460 1979 634 2042 quibus
659 1978 846 2042 cogniti
865 1986 980 2026 sunt
1002 1994 1164 2026 mores
1190 1978 1565 2026 Germanorum.
1636 1979 1736 2027 Ne-

342 2071 436 2118 que
455 2071 662 2118 usquam
679 2055 825 2102 hodie
844 2054 894 2102 in
914 2053 1266 2101 consuetudine
1292 2061 1422 2112 sunt,
1441 2054 1526 2101 ubi
1548 2054 1619 2101 illi
1637 2071 1738 2102 non

341 2130 605 2194 aliquando
622 2131 983 2178 habitaverunt.
1044 2130 1328 2178 Graecorum
1345 2137 1567 2178 veterum
1586 2129 1736 2179 duces

341 2207 405 2255 ad
440 2206 624 2254 bellum
661 2214 895 2254 exeuntes
931 2213 1070 2253 scuta
1104 2205 1302 2268 quidem
1336 2205 1486 2268 picta,
1523 2206 1611 2254 sed
1647 2223 1736 2255 suo

342 2283 547 2347 quisque
572 2282 775 2330 arbitrio
793 2290 986 2346 gestare
1011 2290 1400 2336 consueverunt;
1436 2283 1664 2345 pauperis
1688 2290 1738 2330 et

340 2358 554 2422 gregarii
585 2358 753 2408 militis
783 2365 889 2406 erat
917 2366 1111 2406 scutum
1138 2373 1332 2421 purum.
1406 2358 1503 2406 Sed
1526 2359 1590 2406 ad
1612 2359 1738 2408 filios

341 2451 440 2482 11011
465 2435 766 2482 transierunt
791 2443 931 2482 scuta
953 2443 1010 2482 ut
1031 2450 1145 2497 pars
1168 2434 1484 2482 haereditatis.
1557 2436 1738 2484 Roma-

342 2526 517 2558 norum
551 2510 747 2558 familiis
778 2509 989 2573 insignia
1013 2509 1208 2572 quidem
1240 2520 1382 2557 erant
1413 2527 1515 2570 sua,
1540 2527 1650 2575 quae
1674 2512 1738 2560 ad

341 2594 563 2648 posteros
597 2602 711 2634 suos
736 2585 1126 2641 descenderunt3
1163 2601 1255 2633 nee
1279 2593 1446 2634 tamen
1470 2595 1624 2646 scuta,
1651 2588 1738 2636 sed

342 2661 579 2725 imagines
620 2663 861 2726 majorum
897 2677 1111 2709 suorum.
1189 2661 1246 2708 In
1286 2662 1420 2721 Asia,
1462 2663 1646 2723 Africa,
1687 2671 1739 2713 et

343 2738 572 2786 Ameriea
606 2739 703 2787 tale
739 2737 861 2786 nihil
896 2744 985 2785 est.
1057 2737 1315 2800 Proprium
1353 2746 1458 2787 erat
1487 2739 1583 2788 hoo
1618 2739 1735 2788 Ger·

344 2830 622 2869 manorum3
666 2831 696 2862 a
730 2813 905 2877 quibus
941 2813 992 2860 in
1028 2812 1272 2876 Angliam‚
1305 2813 1525 2874 Galliam,
1558 2815 1737 2879 Hispa-
