1968 3236
157 334 260 367 cAP.
279 335 343 367 XX
353 337 403 370 11.

177 389 367 412 h-f--ae

162 430 207 458 De
221 434 359 468 systema-

157 473 237 503 tibus
250 475 366 504 civium.

435 194 526 246 172
944 206 1015 239 DE
1045 205 1319 239 clvi'rATE.

499 318 793 379 Quanquam
832 317 963 364 enim
986 317 1038 364 in
1075 317 1284 365 civitatis
1307 317 1614 366 institutione
1639 318 1714 365 vel
1738 334 1818 366 ac-

431 393 693 456 quisitione
712 392 866 439 literis
886 392 1077 455 scriptis
1092 408 1215 455 opus
1229 409 1329 440 non
1348 393 1410 440 sit
1429 413 1441 448 ;
1467 393 1582 456 quia
1598 401 1817 456 potestas

430 468 498 515 ibi
524 484 727 526 summa,
752 476 809 515 ut
833 467 1058 525 diximus,
1082 468 1260 515 limites
1284 468 1442 516 nullos
1466 469 1614 517 habet
1636 477 1818 533 praeter

429 552 619 591 naturae
639 544 796 606 legem
814 560 914 591 non
933 543 1192 606 scriptam
1218 544 1266 590 in
1288 544 1632 607 systematibus
1648 552 1814 593 tamen

428 618 771 677 subordinatis,
787 626 862 666 tot
875 618 1190 666 limitationes
1207 618 1336 666 circa
1350 619 1554 681 agenda,
1575 628 1813 683 tempora,

428 703 476 742 et
498 695 607 742 loca
629 695 917 742 necessariae
942 701 1071 750 sunt,
1097 702 1147 741 et
1171 710 1329 757 neque
1354 695 1456 742 sine
1479 695 1634 743 literis
1659 696 1813 760 scrip-

425 771 489 818 tis
513 771 750 818 memoria
775 770 991 828 retineri,
1015 786 1189 832 neque,
1215 770 1307 817 nisi
1330 770 1487 818 literae
1520 771 1616 819 illae
1638 779 1812 836 paten-

425 854 500 894 tes
527 846 626 893 sint
650 853 700 892 et
725 861 928 894 summae
953 845 1264 893 authoritatis
1291 845 1441 908 signis
1457 846 1678 910 signatae,
1695 863 1812 911 cog-

425 922 559 969 nosci
585 921 788 984 possint.

489 998 552 1045 Et
589 997 820 1059 quoniam
860 996 1175 1044 limitationes
1210 1012 1309 1043 non
1332 1012 1524 1060 semper
1545 997 1702 1057 facile,
1727 1004 1814 1046 aut

423 1073 629 1120 fortasse
655 1073 854 1120 omnino
879 1072 1091 1120 describi
1125 1072 1278 1120 literis
1313 1081 1546 1136 possunt;
1583 1073 1812 1122 determi-

422 1149 574 1207 natio,
595 1148 712 1212 quid
736 1148 989 1212 systemati
1007 1148 1195 1195 licitum
1214 1148 1291 1196 vel
1310 1148 1536 1196 illicitum
1554 1148 1688 1196 factu
1702 1149 1810 1208 erit,

421 1224 485 1272 ad
508 1224 640 1288 leges
665 1225 845 1283 civiles,
883 1224 967 1272 ubi
1008 1224 1164 1272 literae
1201 1224 1319 1287 ipsae
1354 1225 1514 1283 silent,
1539 1225 1812 1273 necessario

421 1301 652 1364 pertinet.

490 1376 588 1423 Ubi
624 1376 674 1423 in
710 1383 973 1439 systemate
1009 1375 1328 1423 subordinato
1352 1391 1563 1439 persona
1585 1383 1660 1423 est
1681 1391 1809 1424 unus

422 1452 586 1510 homo,
625 1451 859 1515 quicquid
897 1452 978 1499 ille
1018 1451 1138 1499 facit
1176 1452 1227 1499 in
1269 1467 1480 1515 persona
1529 1451 1809 1515 systematis

422 1527 606 1590 absque
631 1527 884 1574 literarum
908 1543 1105 1574 suarum
1130 1534 1178 1574 et
1209 1527 1373 1590 legum
1398 1526 1613 1574 civilium
1636 1527 1809 1575 autho-

421 1603 581 1662 ritate,
614 1619 757 1651 suum
789 1603 954 1666 ipsius,
993 1619 1092 1650 non
1128 1603 1422 1666 systematiS,
1455 1618 1614 1665 neque
1655 1602 1808 1650 alicu-

416 1679 496 1741 jus
519 1680 621 1742 ejus
638 1679 842 1725 membri
861 1685 1190 1741 praeterquam
1210 1678 1284 1724 sui
1308 1677 1477 1740 ipsiuS,
1501 1677 1685 1725 factum
1709 1685 1805 1733 est;

419 1762 681 1817 propterea
704 1753 835 1816 quod
865 1753 995 1801 ultra
1018 1753 1194 1801 limites
1218 1754 1372 1800 literis
1396 1762 1446 1801 et
1469 1754 1657 1816 legibus
1681 1770 1807 1818 prae-

421 1830 630 1893 scriptos
646 1830 852 1877 neminis
875 1836 1201 1893 praeterquam
1225 1846 1361 1877 suam
1380 1830 1529 1893 ipsius
1547 1846 1807 1893 personam

418 1905 582 1954 habet.
653 1905 900 1968 Quicquid
913 1912 1077 1952 autem
1089 1906 1233 1968 juxta
1246 1905 1380 1968 leges
1404 1911 1454 1952 et
1476 1905 1645 1953 literas
1668 1905 1805 1965 facit,

419 1982 603 2030 factum
628 1989 702 2029 est
739 1982 1118 2044 uniuscujusque
1149 1981 1359 2028 hominis
1391 1997 1561 2028 eorum
1585 1980 1669 2044 qui
1703 1996 1806 2045 sys-

418 2067 550 2106 tema
565 2057 888 2112 constituunt;
915 2056 1046 2120 quod
1064 2057 1194 2104 enim
1210 2072 1239 2104 a
1255 2072 1444 2104 summa
1461 2063 1710 2119 potestate
1727 2057 1801 2116 fit,

417 2134 576 2198 ipsum
594 2133 855 2182 facientem
870 2133 1123 2181 authorem
1139 2133 1308 2188 habet;
1330 2133 1443 2195 quia
1456 2133 1657 2191 factum,
1674 2132 1806 2195 quod

417 2225 447 2256 a
469 2210 622 2257 literis
646 2217 695 2257 et
728 2209 918 2272 legibus
942 2225 1144 2257 summae
1174 2208 1428 2272 potestatis
1466 2224 1564 2256 non
1601 2208 1804 2267 recedit,

417 2285 568 2348 ipsius
605 2301 807 2333 summae
843 2284 1099 2348 potestatis
1139 2284 1325 2332 factum
1364 2292 1466 2338 est3
1503 2291 1553 2332 et
1579 2284 1803 2348 proinde,

417 2361 610 2424 singula
626 2360 900 2424 systematis
923 2360 1141 2407 membra
1154 2360 1385 2407 authores
1407 2360 1570 2408 habet.

486 2437 552 2484 At
577 2436 616 2484 si
639 2452 848 2501 persona
870 2436 1145 2499 systematis
1170 2443 1325 2482 coetus
1350 2435 1430 2494 sit,
1455 2434 1688 2499 quicquid
1721 2435 1803 2483 ille

418 2520 573 2561 coetus
606 2520 788 2577 praeter
810 2512 973 2575 legum
999 2519 1049 2559 et
1072 2511 1326 2559 literarum
1351 2527 1549 2559 suarum
1584 2510 1803 2559 authori-

415 2595 566 2637 tatem
589 2588 761 2637 fecerit
793 2587 869 2635 vel
892 2587 1179 2646 decreverit,
1203 2586 1387 2634 factum
1411 2594 1486 2635 est
1516 2587 1667 2635 totius
1698 2601 1804 2650 sys-

416 2665 626 2723 tematis,
651 2670 700 2712 et
723 2671 962 2727 praeterea
982 2662 1363 2725 uniuscujusque
1397 2678 1567 2712 eorum
1592 2677 1800 2725 quorum

416 2740 659 2804 suffragiis
679 2739 930 2787 decretum
946 2737 1093 2786 fuerit
1113 2758 1125 2793 ς
1162 2737 1247 2785 sed
1262 2753 1421 2802 neque
1439 2737 1665 2797 hominis,
1683 2753 1800 2786 con-

415 2824 492 2864 tra
509 2817 646 2879 cujus
671 2813 952 2878 suffragium
976 2813 1161 2862 factum
1187 2821 1273 2861 aut
1297 2812 1550 2862 decretum
1576 2819 1696 2872 erat,
1715 2828 1800 2862 ne-
