1968 3236
189 389 293 421 CAP.
303 389 415 422 XLII.

207 444 397 466 κ-Ὺ-..ο

204 485 249 514 De
262 488 401 523 potestate

200 528 405 557 ecclesiastica.

450 249 546 291 404
774 255 844 288 DE
872 250 1119 287 ‹31v1'rA'rE
1146 248 1506 283 CHRISTIANA.

517 367 809 429 Quanquam
841 380 949 427 quae
984 363 1220 410 hactenus
1255 360 1391 408 dicta
1425 366 1556 417 sunt,
1579 358 1699 407 satis
1721 373 1834 422 per-

449 443 618 507 spicua
639 441 908 497 videantur,
935 445 985 485 et
1015 436 1247 500 potestati
1271 435 1614 494 ecclesiastica}
1635 435 1833 498 regibus

452 517 736 567 Christianis
755 513 1028 563 asserendae
1046 512 1294 560 sufficiunt
1310 532 1322 567 ;
1348 511 1464 574 quia
1483 518 1648 558 tamen
1669 518 1834 573 potes-

451 601 602 642 tatem
627 591 758 639 illam
793 590 844 637 in
877 589 1102 637 omnibus
1134 587 1413 635 civitatibus
1447 586 1704 650 pontifices
1738 586 1835 634 Ro-

450 668 580 716 mani
613 666 704 714 sibi
745 673 992 728 arrogant,
1030 671 1078 711 et
1114 662 1384 711 Cardinalis
1415 661 1737 710 Bellarminus
1781 661 1833 709 in

451 741 782 792 controversia
817 740 878 787 de
903 739 1094 786 Summo
1121 738 1380 800 Pontrfiee,
1402 739 1481 801 jus
1512 736 1832 800 pontificium,

449 825 686 882 quantum
716 816 944 880 possibile
983 822 1072 873 est,
1108 814 1465 878 propugnavit;
1514 813 1835 861 fundamenta

449 903 499 942 et
538 899 936 956 argumentorum
975 891 1080 953 ejus
1119 891 1268 938 robur
1307 889 1521 937 breviter
1556 889 1834 937 examinare

449 967 773 1016 necessarium
797 982 902 1013 esse
927 965 1062 1013 duxi.

515 1043 778 1090 Librorum·
789 1042 1018 1104 quinque,
1038 1057 1160 1104 quos
1177 1040 1341 1089 dehac
1359 1055 1412 1088 re
1432 1039 1642 1103 scripsit,
1650 1039 1835 1102 primus

448 1125 547 1165 tres
566 1117 785 1165 continet
809 1116 1099 1179 quaestiones
1121 1135 1131 1163 ε
1157 1133 1322 1174 unam,
1341 1115 1613 1179 specierum
1638 1114 1836 1178 regimi-

449 1194 523 1241 nis
555 1194 719 1251 trium,
756 1192 1067 1250 monarchice,
1104 1192 1466 1248 (tristocratioe,
1503 1190 1834 1248 democratia,

450 1286 673 1334 quaenam
699 1269 760 1317 sit
783 1269 983 1332 optima.
1056 1268 1321 1316 Concludit
1345 1275 1511 1315 autem
1542 1266 1726 1314 nullam
1747 1265 1837 1314 ha-

450 1362 559 1393 rum
599 1346 834 1408 optimam
875 1360 993 1403 esse,
1027 1344 1114 1392 sed
1149 1351 1389 1407 quartam,
1417 1343 1478 1390 ab
1508 1342 1584 1390 his
1615 1342 1835 1390 mixtam.

452 1421 741 1479 Secundam,
775 1437 997 1484 quaenam
1037 1421 1212 1468 harum
1251 1419 1481 1483 regendae
1521 1417 1739 1466 ecclesiae
1773 1415 1837 1464 sit

454 1497 668 1559 optima;
711 1503 760 1543 et
799 1496 1091 1544 sententiam
1131 1495 1228 1543 fert
1269 1511 1359 1558 pro
1395 1494 1565 1552 mixta,
1602 1492 1689 1541 sed
1727 1507 1836 1556 quae

452 1571 605 1633 magis
619 1571 934 1634 participaret
949 1570 1009 1618 de
1025 1571 1323 1618 monarchia.
1357 1569 1589 1624 Tertiam,
1605 1575 1771 1616 utrum
1784 1567 1836 1615 in

451 1647 542 1694 hac
583 1646 865 1694 monarchia
904 1647 1069 1705 mixta,
1112 1646 1393 1694 monarchae
1435 1646 1597 1693 locum
1632 1644 1837 1692 haberet

454 1723 662 1770 Sanctus
695 1722 881 1769 Petrus.
953 1722 1102 1771 Quod
1131 1722 1195 1770 ad
1225 1721 1433 1785 primam
1474 1719 1837 1768 conclusionem

452 1798 646 1855 attinet,
673 1798 789 1844 satis
809 1798 935 1860 (cap.
956 1813 1120 1845 xvnl.
1147 1798 1315 1861 supra)
1336 1797 1723 1844 demonstratum
1745 1801 1836 1854 est,

453 1873 585 1935 quod
608 1873 658 1919 in
682 1873 814 1919 omni
837 1872 995 1920 forma
1026 1873 1253 1932 civitatis,
1278 1872 1356 1920 cui
1382 1871 1582 1920 obedire
1616 1869 1838 1919 homines

454 1947 658 2009 obligari
699 1955 919 2010 possunt,
962 1948 1217 2011 imperium
1259 1963 1502 1996 summum
1543 1945 1748 2010 simplex
1787 1951 1839 1993 et

454 2022 744 2081 absolutum,
778 2038 876 2070 non
912 2024 1116 2071 mixtum
1151 2025 1228 2071 sit.
1300 2024 1358 2071 In
1389 2021 1674 2071 monarchia
1706 2019 1839 2068 enim

453 2114 578 2145 unus
619 2098 765 2145 homo
805 2097 956 2144 totius
999 2099 1210 2147 civitatis
1250 2106 1548 2162 potestatem
1585 2097 1750 2154 habet,
1787 2101 1839 2144 et

453 2172 657 2236 proinde
682 2188 1019 2235 quamcunque
1051 2174 1171 2221 alius
1209 2181 1504 2237 potestatem
1529 2172 1734 2236 adeptus
1757 2171 1836 2230 sit,

455 2264 562 2296 eam
586 2247 792 2310 adeptus
824 2256 898 2294 est
927 2249 1036 2309 jure
1061 2249 1203 2304 illius,
1229 2258 1278 2297 et
1301 2249 1537 2313 quamdiu
1558 2248 1629 2296 illi
1651 2246 1838 2296 videbi·

455 2332 535 2371 tur
557 2322 841 2385 possidebit,
866 2330 915 2370 et
938 2323 988 2370 in
1012 2324 1138 2372 illius
1162 2326 1359 2372 nomine
1382 2331 1628 2388 potestate
1652 2339 1740 2372 sua
1762 2322 1839 2371 uti

455 2398 615 2446 debet.
673 2398 833 2445 Etiam
852 2398 902 2445 in
921 2398 1225 2448 aristocratia
1247 2409 1297 2448 et
1321 2400 1620 2449 democratia
1636 2398 1839 2447 unicum

455 2489 558 2520 esse
577 2479 757 2520 coetum
781 2488 1076 2535 supremum,
1095 2490 1302 2538 eumque
1327 2475 1532 2523 eandem
1555 2474 1736 2522 habere
1752 2489 1839 2539 po-

454 2556 681 2595 testatem
716 2563 861 2610 quam
898 2547 1045 2595 habet
1069 2548 1119 2596 in
1143 2551 1424 2599 monarchia
1457 2550 1751 2606 monarcha3
1787 2556 1839 2598 et

455 2622 676 2684 proinde,
715 2637 812 2669 non
860 2621 1064 2669 mixtum
1111 2623 1383 2686 imperium,
1418 2626 1505 2674 sed
1544 2625 1836 2673 absolutum.

460 2697 696 2745 Praeterea
713 2697 1022 2745 manifestum
1042 2706 1130 2757 est,
1149 2700 1187 2746 si
1206 2702 1488 2749 monarchia
1504 2701 1669 2764 aliqua
1685 2699 1839 2749 mixta

460 2771 555 2819 dici
579 2780 754 2835 posset,
771 2771 918 2820 etiam
937 2775 1199 2822 monarcha
1216 2776 1390 2840 aliquis
1409 2777 1503 2825 dici
1527 2785 1693 2840 posset
1716 2776 1839 2824 mix-

459 2853 550 2893 tuS.
623 2847 732 2895 Hoc
763 2855 926 2895 autem
951 2849 1211 2898 absurdum
1237 2861 1325 2900 est.
1397 2852 1469 2899 De
1494 2852 1650 2901 tribus
1672 2859 1838 2907 autem
