1968 3236
197 397 299 430 CAP.
320 398 425 431 XLV.

218 452 407 474 s--7-ae

183 499 227 527 De
242 499 411 528 daemonolo-

183 543 230 579 gia
244 546 273 570 et
285 543 414 580 reliquiis

182 585 247 614 aiiis
260 586 432 623 religionum

182 628 371 658 ethnicarum.

464 256 558 299 452
794 264 863 297 nn
891 263 1078 297 REGNo
1104 261 1505 297 TENEBRARUM.

463 375 567 423 Deo
591 390 693 433 su0,
718 381 766 421 et
789 373 1018 420 ministris
1060 374 1162 436 ejus
1199 373 1327 421 Mosi
1361 373 1654 436 summisque
1677 387 1835 420 sacer-

464 451 654 498 dotibus
675 442 907 504 'obedire3
945 456 1092 511 atque
1122 448 1192 495 ita
1222 450 1554 513 unusquisque
1589 464 1675 496 suo
1707 447 1837 496 arbi-

463 527 557 574 trio
598 526 797 573 vixisset
837 525 887 571 in
923 524 1186 587 perniciem
1228 525 1450 573 civitatis.
1519 525 1680 572 Prima
1718 539 1835 587 ergo

464 602 735 650 divinarum
757 601 918 663 legum
943 609 1047 648 erat
1070 601 1189 659 haec,
1213 616 1275 648 ne
1313 601 1429 649 deos
1455 601 1675 664 gentium
1709 599 1838 647 cole-

463 686 586 734 rent,
610 677 695 724 sed
712 693 863 723 unum
887 676 1022 723 illum
1046 676 1202 724 Deum
1225 692 1409 735 verum,
1427 677 1509 739 qui
1531 676 1837 724 ministrante

464 754 602 801 Mose
632 753 762 814 leges
798 751 891 798 illis
930 752 1164 810 condidit,
1188 752 1491 815 regulasque,
1516 752 1689 815 quibus
1709 750 1838 798 inter

464 845 513 876 se
551 827 857 875 concorditer
891 827 1110 875 viverent
1156 835 1206 874 et
1247 829 1308 875 ab
1342 828 1561 875 hostibus
1596 842 1648 875 se
1685 825 1838 874 tutari

462 911 675 967 possent.
747 902 970 951 Secunda
992 911 1155 950 autem
1177 903 1256 951 lex
1280 911 1399 961 erat,
1419 919 1482 950 ne
1505 903 1598 966 ipsi
1620 903 1839 950 facerent

463 980 552 1027 sibi
575 979 854 1043 imaginem,
880 994 1024 1041 quam
1047 979 1277 1026 colerent.
1348 978 1484 1026 Idem
1508 978 1636 1025 enim
1654 977 1839 1026 crimen

463 1062 551 1113 est,
586 1071 700 1118 rege
738 1054 930 1102 deserto
964 1055 1178 1118 proprio,
1210 1055 1357 1102 alium
1393 1055 1704 1110 constituere,
1738 1053 1839 1102 sive

466 1147 551 1178 suo
575 1131 674 1177 sive
700 1130 910 1177 aliorum
934 1130 1153 1178 arbitrio.

528 1207 658 1254 Loca
673 1206 937 1268 Scripturae
955 1205 1130 1264 Sacrae,
1151 1221 1260 1268 quae
1283 1204 1591 1252 adducuntur
1612 1221 1702 1269 pro
1725 1203 1841 1252 ado-

461 1283 648 1329 ratione
672 1281 955 1344 imaginum,
981 1281 1057 1328 vel
1081 1297 1170 1345 pro
1195 1281 1439 1329 erectione
1473 1281 1713 1344 imaginis,
1738 1280 1840 1328 sive

460 1357 603 1421 pictae
622 1357 721 1404 sive
740 1357 954 1420 sculptae,
971 1357 1066 1405 duo
1085 1365 1220 1412 sunt;
1238 1373 1389 1405 unum
1401 1356 1762 1419 (Exod.xxxvii.
1775 1358 1839 1418 7),

463 1433 594 1496 quod
617 1433 868 1481 cherubini
893 1433 1042 1480 erecti
1064 1433 1262 1480 fuerunt
1289 1448 1434 1496 super
1463 1448 1628 1480 arcam
1663 1431 1756 1480 Dei
1788 1431 1840 1480 in

465 1510 643 1557 Sancto
675 1510 999 1563 Sanctorum;
1042 1509 1250 1556 alterum
1279 1508 1447 1570 (Num.
1471 1508 1570 1556 xxi.
1601 1509 1674 1569 9),
1711 1506 1842 1570 quod

464 1601 659 1648 serpens
696 1600 857 1632 aeneus
892 1584 983 1631 Dei
1012 1584 1150 1646 jussu
1183 1591 1373 1631 erectus
1409 1590 1528 1641 erat,
1556 1591 1614 1631 ut
1642 1583 1694 1631 in
1729 1598 1842 1631 eum

464 1660 748 1722 aspicientes
771 1667 1101 1722 parcerentur.
1178 1660 1434 1718 Praeterea,
1458 1666 1622 1707 textus
1645 1658 1842 1725 quidam

465 1737 748 1798 allegantur,
772 1736 856 1783 ubi
883 1737 1129 1783 creaturas
1153 1735 1400 1798 quasdam,
1425 1743 1625 1798 propter
1646 1733 1843 1781 relatio-

464 1827 576 1859 nem
599 1811 661 1858 ad
686 1812 856 1869 Deum,
881 1811 1039 1864 colere
1066 1811 1294 1874 jubemur
1315 1823 1371 1858 ut
1393 1826 1470 1858 res
1495 1825 1671 1858 sacras.
1746 1809 1845 1857 Sed

465 1895 724 1950 antequam
739 1888 836 1934 vim
855 1897 1252 1950 argumentorum
1269 1886 1440 1934 talium
1459 1885 1747 1944 examinem,
1763 1899 1845 1932 ex·

464 1962 741 2026 plicandum
768 1971 856 2020 est,
882 1962 998 2024 quid
1039 1962 1282 2026 significat
1317 1977 1412 2010 vox
1448 1960 1626 2020 cultus,
1652 1969 1703 2009 et
1726 1957 1846 2024 quid

466 2039 632 2102 imago
658 2046 708 2085 et
731 2038 929 2086 idolum.

532 2114 793 2161 Ostensum
818 2121 893 2161 est
917 2113 1075 2176 capite
1098 2113 1348 2176 vigesimo,
1374 2111 1507 2175 quod
1540 2111 1695 2159 honor
1722 2109 1845 2158 nihil

466 2188 598 2236 aliud
630 2197 704 2236 est
735 2204 882 2251 quam
920 2188 1154 2251 potentiae
1189 2188 1392 2251 alicujus
1427 2186 1683 2235 aestimatio
1709 2201 1847 2249 mag-

467 2280 552 2319 na;
589 2264 815 2327 quodque
839 2264 1096 2312 aestimatio
1120 2280 1300 2327 magna
1323 2279 1411 2327 per
1435 2261 1846 2326 comparationem

469 2347 807 2403 cognoscatur.
879 2339 975 2387 Sed
1012 2339 1125 2402 quia
1146 2339 1369 2402 potentia
1391 2338 1524 2386 nulla
1547 2353 1659 2385 cum
1682 2336 1848 2385 divina

470 2415 739 2478 comparari
762 2422 938 2478 potest,
957 2416 1197 2463 ascribere
1220 2416 1325 2463 Deo
1349 2414 1619 2478 potentiam
1641 2412 1846 2470 finitam,

469 2489 698 2553 injurium
733 2498 821 2538 est.
895 2490 1069 2538 Cultus
1106 2499 1268 2539 autem
1303 2491 1460 2538 honor
1494 2505 1595 2538 non
1634 2496 1725 2547 est,
1761 2485 1848 2535 sed

470 2565 684 2623 honoris,
709 2566 792 2629 qui
823 2565 1043 2613 internus
1070 2566 1122 2613 in
1154 2566 1299 2614 corde
1338 2573 1427 2625 est,
1451 2565 1647 2630 signum
1682 2569 1848 2612 exter-

471 2657 595 2688 num.
664 2642 835 2704 Itaque
879 2641 1068 2702 precari
1102 2641 1261 2700 alicui,
1293 2642 1460 2705 jurare
1497 2655 1586 2703 per
1620 2638 1847 2702 aliquem,

473 2716 670 2763 obedire
705 2715 849 2764 alicui
874 2715 949 2763 vel
972 2715 1140 2763 sedulo
1165 2716 1361 2775 servire,
1386 2715 1594 2778 denique
1618 2714 1767 2762 verba
1797 2720 1849 2762 et
1926 2766 1930 2770 ‚

471 2790 603 2838 facta
620 2791 783 2838 omnia
817 2806 925 2853 quae
949 2789 1224 2853 significant
1247 2798 1333 2838 aut
1355 2799 1540 2838 metum
1564 2786 1849 2853 displicendi
1918 2805 1935 2840 ὲ

472 2873 556 2911 aut
574 2865 870 2913 voluntatem
902 2864 1140 2927 placendi,
1167 2864 1327 2912 cultus
1351 2874 1440 2924 est,
1465 2865 1565 2913 sive
1587 2865 1737 2914 verba
1766 2863 1851 2912 illa
1915 2896 1923 2915 ;

474 2946 522 2986 et
544 2939 672 2988 facta
695 2940 884 2988 sincera
906 2940 1006 2987 sive
1030 2940 1146 2988 ficta
1169 2939 1278 2988 sint.
