1910 3236
669 266 739 299 nn
768 267 1008 300 nummu.
1466 259 1528 310 67

144 375 298 439 sopho
321 376 452 424 circa
475 377 569 425 hoc
605 378 895 441 subjectum,
921 388 1011 436 est,
1035 379 1154 442 quid
1194 379 1258 427 sit
1292 386 1447 427 motus
1479 389 1529 428 et
1579 406 1682 438 cm>
1710 405 1775 438 χχ

142 451 259 514 quid
283 453 589 517 magnitudo.
660 454 721 501 Et
757 454 1077 518 philosophiae
1099 470 1211 519 pars
1232 455 1338 503 haec
1362 456 1528 519 appel-
1545 460 1789 532 nomm

141 526 230 575 lari
255 527 379 575 solet
406 528 732 593 philosophia
750 530 935 594 prima.
1544 548 1667 576 ‹imnbu
1668 547 1753 575 none

209 602 409 662 Rursus,
426 604 714 667 magnitudo
731 605 947 663 definita,
964 622 1072 668 quae
1087 613 1136 654 et
1151 607 1398 670 quantitas
1413 606 1530 655 dici-

142 685 239 737 tur,
257 679 335 726 vel
342 680 527 744 figura
551 681 627 727 vel
647 697 844 727 numero
866 681 1111 729 definitur.
1149 682 1319 745 Itaque
1338 698 1528 746 corpus,

140 754 300 816 figura
323 754 595 814 definitum,
612 757 886 819 subjectum
906 765 979 804 est
1002 757 1155 820 partis
1179 757 1307 806 illius
1321 758 1532 822 philoso-

139 828 284 892 phine,
295 846 405 893 quae
417 833 697 896 geometria
706 833 899 881 dicitur.
938 834 1103 881 Partes
1118 841 1282 882 autem
1296 835 1528 898 corporiS‚

139 920 343 954 numero
359 906 714 967 determinatae,
731 909 935 956 scientia
950 917 1022 956 est
1043 909 1177 957 dicta
1194 910 1528 958 arithmetica.

205 981 373 1030 Motus
403 990 568 1031 autem
602 983 679 1031 vel
711 984 934 1031 visibiles
969 994 1100 1043 sunt,
1135 985 1213 1032 vel
1238 985 1527 1044 invisibiles,

138 1055 371 1104 nimirum
396 1058 446 1105 in
472 1074 732 1121 corporum
756 1059 1093 1107 minutissimis
1115 1060 1353 1123 partibus.
1418 1060 1528 1108 Mo-

137 1139 279 1180 tuum
325 1142 490 1181 autem
537 1134 800 1182 visibilium
846 1135 1052 1183 scientia
1096 1152 1267 1183 eorum
1313 1143 1402 1194 est,
1443 1137 1528 1199 qui

138 1208 491 1268 machinarum,
507 1209 826 1258 aedificiorum
851 1218 1040 1259 secreta
1058 1211 1374 1274 contemplati
1398 1220 1526 1260 sunt.

204 1284 372 1332 Motus
386 1294 551 1333 autem
575 1285 822 1333 invisibles
846 1287 1150 1334 internarum
1173 1287 1393 1350 corporis
1415 1303 1527 1351 par-

137 1359 276 1418 tium,
301 1361 384 1423 qui
407 1369 609 1424 propter
640 1362 843 1409 effectus
867 1362 918 1409 in
942 1378 1111 1410 sensus
1134 1371 1328 1410 nostros
1353 1363 1528 1411 dicun-

136 1443 219 1482 tur
241 1435 535 1500 qualitate-5,
553 1428 824 1500 subjectum
841 1446 916 1485 est
929 1438 1161 1502 physicoe
1184 1438 1285 1486 sive
1299 1438 1527 1503 philoso-

126 1510 269 1575 phiae
305 1511 557 1559 naturalis
580 1531 597 1559 .·
645 1514 799 1577 cujus,
830 1522 951 1577 quot
982 1523 1098 1562 sunt
1135 1514 1322 1562 homini
1340 1530 1526 1574 sensus,

133 1594 209 1634 tot
244 1594 450 1650 possunt
490 1603 595 1635 esse
630 1589 847 1636 scientiae
878 1590 1142 1653 speciales3
1190 1606 1399 1654 quarum
1427 1607 1527 1639 una

134 1669 210 1709 est
233 1677 343 1725 quae
362 1669 566 1710 vocatur
587 1664 775 1728 optica,
799 1665 895 1712 alia
917 1666 1119 1713 musica.

201 1737 392 1785 Deinde
407 1738 448 1786 si
467 1754 645 1802 corpus
666 1739 891 1788 Universi
906 1741 1243 1789 consideretur
1255 1758 1345 1806 per
1360 1750 1525 1806 partes

133 1814 254 1876 ejus,
291 1821 348 1860 ut
387 1820 519 1861 astra
559 1822 609 1862 et
651 1815 959 1871 sublunaria;
1009 1833 1070 1864 ex
1112 1819 1523 1882 contemplatione

132 1895 374 1937 astrorum
422 1896 685 1950 motorum,
731 1898 973 1954 quatenus
1025 1901 1288 1952 motorum,
1336 1895 1523 1943 orietur

133 1964 338 2012 scientia
361 1981 471 2029 quae
491 1965 670 2013 dicitur
693 1968 1015 2016 astronomia.

197 2041 263 2088 Et
279 2040 509 2103 quoniam
525 2050 690 2104 partes
709 2042 939 2091 Universi
958 2044 1183 2107 quaedam
1206 2061 1307 2093 non
1329 2061 1521 2108 perma-

131 2124 266 2175 nent,
290 2116 378 2164 sed
399 2116 451 2164 in
473 2117 750 2166 interstitiis
773 2135 1063 2182 magnorum
1086 2137 1347 2184 corporum
1371 2121 1519 2169 modo

130 2200 384 2257 apparent,
422 2193 569 2242 modo
609 2203 923 2251 evanescunt,
963 2197 1313 2260 contemplatio
1356 2203 1518 2245 motus
1560 2224 1567 2229 ·

129 2268 323 2317 illorum
346 2269 505 2333 gignit
527 2270 781 2318 scientiam
805 2271 1254 2337 meteorologicam.

197 2344 323 2392 Item
357 2361 388 2392 a
422 2346 833 2409 contemplatione
867 2347 1082 2409 partium
1116 2347 1319 2406 telluris,
1355 2346 1518 2410 qualia

130 2428 246 2468 sunt
278 2420 558 2481 mineralia,
589 2421 911 2487 vegetabilia,
944 2430 993 2470 et
1024 2423 1280 2482 animalia,
1309 2422 1516 2470 totidem

130 2495 356 2544 oriuntur
377 2496 593 2546 scientiae
615 2498 948 2561 particulares,

195 2571 270 2620 Ex
284 2572 693 2636 contemplatione
711 2573 921 2636 denique
938 2573 1149 2621 hominis
1163 2582 1211 2621 et
1226 2572 1516 2620 facultatum

130 2647 235 2710 ejus
257 2646 482 2696 oriuntur
505 2649 723 2697 scientiae
750 2649 933 2708 ethica,
957 2649 1144 2714 logica,
1168 2648 1440 2706 rhetorica,
1466 2655 1516 2695 et

130 2721 328 2770 tandem
341 2723 560 2787 politica
583 2725 684 2772 sive
700 2724 1029 2790 philosophia
1054 2724 1232 2773 civilis.

198 2796 296 2844 Sed
318 2813 378 2845 ex
400 2799 728 2848 subdivisione
751 2801 1055 2864 singulorum
1086 2800 1416 2862 subjectorum
1440 2798 1514 2846 in-

129 2887 347 2920 numerae
360 2873 468 2922 aliae
481 2875 698 2923 scientiae
712 2875 846 2924 nasci
859 2883 1080 2938 possunt,
1096 2891 1216 2938 quas
1230 2889 1512 2923 enumerare

130 2962 290 3011 neque
312 2948 455 2996 facile
477 2965 636 3013 neque
659 2951 987 2999 necessarium
1011 2958 1100 2999 est.
1307 2965 1335 2998 r
1357 2961 1381 2992 2
