1910 3236
373 197 435 239 20
894 203 964 236 DE
993 201 1237 236 HOMINE.

123 341 227 373 ρΑι»,
250 340 319 372 111,
372 316 580 364 hominis
595 315 823 363 videntur
846 314 1073 377 propriae,
1090 314 1338 377 acquisitae
1367 321 1495 372 sunt,
1522 322 1572 362 et
1596 314 1757 362 studio

90 395 356 471 „effluat
372 392 708 454 industriaque
744 399 916 448 auctae,
952 390 1189 438 habentes
1224 391 1417 438 initium
1457 391 1505 438 in
1548 391 1758 438 instruc-

89 478 150 528 αἰνεῖ
168 478 240 505 serie
258 477 357 514 imagi-
373 469 505 516 tione
543 475 592 516 et
629 466 897 529 disciplina,
931 467 1349 530 procedentesque
1381 468 1441 515 ab
1477 467 1758 515 inventione

90 525 249 550 nmmum
373 545 720 593 vocabulorum
739 551 789 590 et
810 542 1061 590 sermonis.
1131 542 1259 591 Nam
1284 551 1464 606 praeter
1488 559 1684 590 sensum
1708 551 1759 591 et

372 620 771 683 imaginationem
819 629 868 665 et
914 618 1268 682 cogitationum
1309 619 1499 677 seriem,
1541 620 1758 667 humano

373 696 535 744 animo
573 694 732 742 nullus
772 693 893 740 alius
934 693 1063 741 inest
1103 702 1294 750 motus;
1343 711 1621 758 quanquam
1658 710 1759 742 ser-

373 772 530 819 monis
566 779 613 818 et
649 769 832 817 ordinis
867 770 1105 817 beneficio
1141 770 1323 818 eaedem
1354 771 1613 818 facultates
1644 786 1759 833 pro-

373 846 556 895 moveri
601 846 651 893 in
697 853 892 892 tantum
936 853 1159 908 possunt,
1201 853 1256 893 ut
1294 862 1382 909 per
1428 862 1508 894 eas
1548 847 1695 894 homo
1730 862 1760 893 a

373 922 563 971 caeteris
587 921 875 968 animalibus
900 921 1126 968 omnibus
1151 921 1387 984 distingui
1409 922 1579 985 possit.

442 996 689 1060 Quicquid
711 996 1054 1059 imaginamur,
1081 996 1287 1058 finitum
1310 1005 1398 1045 est.
1469 997 1619 1045 Nulla
1642 1013 1759 1060 ergo

374 1083 449 1123 est
483 1074 593 1121 idea
624 1088 781 1135 neque
817 1079 1082 1135 conceptus
1121 1073 1206 1136 qui
1237 1073 1354 1121 oriri
1383 1081 1546 1137 potest
1581 1090 1610 1121 a
1641 1090 1760 1121 voce

373 1151 481 1208 hac,
506 1149 762 1211 infinitum.
832 1149 1039 1196 Animus
1072 1149 1314 1197 humanus
1350 1149 1614 1213 imaginem
1654 1150 1761 1197 infi-

372 1226 490 1274 nitae
518 1225 869 1288 magnitudinis
902 1241 1076 1288 capere
1108 1241 1209 1273 non
1235 1233 1427 1289 potest3
1462 1241 1621 1289 neque
1645 1242 1762 1274 con-

375 1303 536 1366 cipere
567 1302 812 1350 infinitam
838 1301 1166 1360 velocitatem,
1192 1302 1436 1350 infinitam
1458 1302 1575 1361 vim,
1599 1301 1762 1349 infini-

373 1387 479 1427 tum
525 1385 731 1441 tempus,
774 1385 860 1424 aut
907 1377 1149 1425 infinitam
1189 1378 1478 1441 potentiam.
1550 1377 1762 1427 Quando

375 1454 580 1502 dicimus
615 1470 718 1500 rem
755 1453 968 1517 aliquam
1003 1470 1108 1502 esse
1143 1454 1402 1517 infinitam,
1436 1455 1532 1502 hoc
1569 1461 1763 1502 tantum

375 1530 717 1594 significamus,
749 1546 849 1577 non
882 1546 1026 1594 posse
1061 1546 1151 1578 nos
1185 1530 1314 1578 illius
1345 1531 1417 1578 rei
1444 1530 1681 1578 terminos
1713 1537 1764 1578 et

374 1606 550 1654 limites
593 1606 865 1670 concipere,
907 1623 1066 1670 neque
1107 1606 1240 1655 aliud
1286 1607 1543 1670 concipere
1583 1613 1765 1670 praeter

375 1689 594 1730 nostram
638 1682 977 1746 impotentiam
1022 1683 1287 1746 propriam.
1364 1683 1537 1747 Itaque
1582 1698 1764 1730 nomen

376 1759 468 1807 Dei
491 1775 590 1806 non
607 1767 888 1821 usurpatur,
906 1765 962 1806 ut
980 1758 1117 1806 illum
1137 1759 1468 1822 concipiamus
1486 1779 1497 1814 ;
1535 1766 1610 1807 est
1634 1758 1765 1807 enim

376 1834 892 1898 incomprehensibilis,
918 1840 966 1882 et
995 1834 1284 1897 magnitudo
1314 1834 1634 1899 potentiaque
1661 1835 1765 1897 ejus

377 1910 797 1973 inconceptibilis;
846 1909 933 1958 sed
971 1918 1027 1957 ut
1066 1910 1379 1958 honoremus.
1447 1911 1510 1958 Et
1534 1909 1766 1974 quoniam

379 1986 627 2050 quicquid,
651 1993 708 2034 ut
732 1986 832 2034 dixi
856 2002 1018 2049 supra,
1045 1986 1362 2050 concipimus,
1386 1994 1674 2050 perceptum
1692 1992 1766 2033 est

377 2069 492 2109 ante
516 2062 567 2108 in
592 2062 830 2120 sensione,
855 2062 990 2110 nulla
1012 2062 1170 2110 inesse
1197 2062 1384 2110 homini
1407 2069 1571 2126 potest
1593 2061 1766 2126 imagi-

376 2138 514 2185 natio
533 2138 620 2194 rei,
639 2154 750 2200 quae
769 2154 869 2186 non
894 2138 957 2186 sit
980 2138 1297 2202 percipienda
1321 2138 1557 2186 sensibus.
1605 2138 1765 2186 Nemo

377 2213 542 2277 itaque
575 2214 831 2278 concipere
860 2214 1046 2277 aliquid
1079 2221 1257 2278 potest,
1282 2214 1377 2262 nisi
1402 2220 1459 2261 ut
1490 2214 1542 2262 in
1565 2214 1692 2272 loco,
1716 2221 1766 2262 et

380 2289 516 2338 finita
549 2289 711 2352 aliqua
746 2289 1084 2353 magnitudine
1121 2289 1399 2353 praeditum,
1438 2297 1489 2337 et
1526 2288 1766 2338 divisibile

378 2364 429 2412 in
450 2373 614 2428 partes
633 2386 644 2419 ;
681 2381 841 2428 neque
865 2365 1051 2428 aliquid
1074 2381 1179 2414 esse
1201 2373 1362 2414 totum
1385 2366 1436 2413 in
1459 2382 1558 2414 uno
1581 2366 1690 2415 loco
1715 2374 1767 2415 et

377 2447 537 2488 totum
569 2441 620 2489 in
655 2441 827 2500 altero,
861 2449 1083 2505 tempore
1118 2441 1319 2497 eodem;
1360 2457 1520 2504 neque
1545 2441 1666 2490 duas
1687 2443 1766 2491 vel

376 2516 540 2579 plures
559 2532 636 2564 res
656 2516 829 2564 eodem
846 2524 1068 2582 tempore
1087 2533 1192 2566 esse
1209 2533 1350 2582 posse
1373 2517 1425 2565 in
1449 2517 1622 2566 eodem
1639 2518 1765 2567 loco.

379 2591 516 2640 Nihil
538 2592 668 2640 enim
690 2592 867 2640 horum
895 2594 990 2641 fuit
1013 2601 1099 2641 aut
1123 2608 1227 2641 esse
1249 2593 1412 2656 potuit
1435 2592 1487 2640 in
1511 2593 1765 2650 sensione;

378 2666 465 2714 sed
488 2675 602 2715 sunt
626 2668 868 2716 orationes
891 2669 1291 2734 insignificanteS‚
1315 2668 1540 2718 admissae
1563 2676 1768 2734 propter

380 2741 727 2791 authoritatem
746 2745 1052 2807 quorundam
1066 2745 1467 2810 philosophorum
1482 2746 1765 2803 errantium,

384 2816 456 2863 vel
480 2817 880 2869 scholasticorum
902 2821 1191 2870 fallentium.
