1968 3236
395 253 490 297 300
715 263 786 295 DE
813 261 1069 295 civlTATE
1099 261 1454 295 cums‘riANA.
1510 288 1512 292 ,

106 394 162 425 CA
171 394 373 427 [mxxxvi.
394 382 470 423 est
489 374 727 422 Dominus
748 380 945 422 cunctos
964 388 1211 420 sermones
1230 373 1334 432 lios,
1352 380 1465 421 sunt
1482 372 1630 420 verba
1654 372 1775 435 ejus,

145 448 334 470 b-f-—ae

128 490 171 517 De
186 491 272 519 verbo
291 491 354 524 Dei,

125 537 156 560 et
169 534 331 571 Prophetis.

392 451 474 513 qui
496 451 747 497 historiam
772 448 1140 510 conscripserat.
1220 448 1426 496 Verbum
1452 448 1562 507 Dei,
1579 447 1774 511 quando

390 526 596 573 sumitur
622 541 710 588 pro
743 541 800 572 eo
833 523 964 587 quod
994 523 1223 585 loquutus
1256 531 1329 571 est
1361 524 1509 581 Deus,
1531 523 1775 586 significa-

389 602 571 649 tionem
595 602 742 648 habet
764 599 1010 648 interdum
1024 599 1312 663 propriam,
1337 599 1584 647 interdum
1614 599 1774 663 tropi-

386 693 492 723 cam
508 694 525 723 :
549 676 810 738 propriam,
835 682 889 722 ut
912 674 1062 722 verba
1085 689 1193 736 quae
1217 674 1447 737 loquutus
1471 682 1546 722 est
1569 674 1633 721 ad
1657 674 1774 722 Pro-

383 752 555 814 phetas
573 767 684 798 suos
706 770 715 796 :
753 750 1009 813 tropicam,
1029 748 1224 812 quando
1242 750 1442 812 ponitur
1464 750 1668 797 verbum
1682 765 1772 812 pro

383 826 618 889 sapientia
651 826 729 874 vel
774 826 996 889 potentia
1041 825 1148 883 Dei,
1184 825 1261 872 vel
1305 841 1393 887 pro
1437 825 1633 873 decreto
1668 825 1773 887 ejus

383 909 564 949 aeterno
607 902 667 949 de
704 902 959 950 condendo
1000 901 1198 948 mundo.
1282 902 1443 964 Atque
1479 901 1572 948 hoc
1613 916 1772 958 sensu,

382 979 579 1025 verbum
599 979 690 1026 Dei
709 987 782 1026 θεῖ
789 979 896 1040 fiat
915 977 1772 1041 Zumen,fiatfirmamentum‚faeia-

381 1070 482 1100 mus
518 1054 766 1101 hominem.
843 1053 1029 1100 Eodem
1065 1068 1210 1100 sensu
1245 1052 1356 1100 Joh.
1382 1053 1413 1099 i.
1446 1058 1493 1111 3,
1527 1051 1587 1100 (1θ
1620 1053 1771 1100 verbo

381 1129 471 1176 Dei
496 1129 680 1177 dictum
700 1138 801 1177 est:
839 1129 999 1176 omnia
1014 1144 1117 1193 per
1134 1128 1267 1176 illud
1266 1128 1428 1192 faeta
1451 1135 1580 1182 sunt,
1597 1134 1646 1176 et
1664 1128 1772 1175 sine

380 1204 468 1251 illo
491 1205 698 1268 factum
738 1212 814 1253 est
845 1204 976 1252 nihil
1006 1219 1173 1252 eorum
1197 1221 1307 1268 quae
1320 1204 1485 1267 faeta
1509 1210 1637 1251 Sunt.
1706 1204 1772 1251 Et

381 1280 507 1328 Heb.
525 1281 554 1327 i.
573 1288 618 1339 2,
636 1289 686 1329 3:
703 1297 806 1345 per
829 1280 1117 1345 quemfecit
1135 1279 1322 1338 Secula,
1341 1286 1391 1327 et
1401 1286 1587 1343 portat
1609 1278 1771 1327 omnia

379 1355 522 1402 verbo
545 1356 744 1403 virtutis
763 1373 882 1404 suoe.
952 1357 1015 1403 Et
1048 1355 1200 1403 Hebr.
1218 1355 1282 1402 xi.
1301 1361 1330 1403 3
1353 1373 1363 1402 :
1387 1355 1501 1417 fide
1526 1354 1771 1419 intelligi-

379 1446 482 1477 mus
507 1438 688 1495 aptata
712 1447 821 1479 esse
843 1431 1013 1479 secula
1030 1430 1178 1478 verbo
1205 1430 1314 1478 Dei.
1363 1430 1571 1478 Verbum
1589 1437 1768 1490 autem,

378 1505 470 1552 hoc
499 1522 656 1564 sensu,
681 1508 941 1555 verborum
969 1506 1202 1564 omnium,
1228 1521 1337 1568 quae
1375 1505 1507 1553 Deus
1538 1505 1770 1568 loquutus

379 1588 467 1639 θεῖ,
488 1589 560 1629 θεῖ
576 1582 801 1644 primum,
819 1590 873 1630 ut
896 1583 944 1629 in
965 1582 1071 1645 ipso
1095 1581 1334 1644 principio
1359 1581 1529 1628 mundi
1551 1597 1769 1644 pronun-

378 1655 566 1703 tiatum.
651 1658 813 1705 Etiam
849 1658 1024 1706 Latini'
1045 1657 1227 1705 ethnici
1261 1657 1497 1705 vocabulo
1515 1657 1693 1721 fatum
1715 1659 1767 1706 in

380 1730 551 1778 eodem
575 1748 717 1780 sensu
740 1734 813 1781 usi
837 1741 963 1781 sunt.

448 1807 665 1855 Sumitur
711 1810 856 1857 etiam
904 1809 1168 1873 saepissime
1209 1809 1259 1856 in
1302 1808 1568 1871 Scripturis
1605 1807 1767 1856 Sacris

379 1882 574 1930 verbum
599 1900 687 1946 pro
711 1885 844 1932 verbi
879 1886 1057 1933 effectu
1079 1885 1158 1932 vel
1182 1891 1377 1941 eventu,
1403 1883 1455 1930 id
1479 1890 1568 1941 est,
1591 1899 1682 1946 pro
1707 1898 1766 1932 eo

379 1957 509 2020 quod
534 1959 680 2007 verbo
709 1961 989 2016 affirmatur,
1015 1961 1299 2024 imperatur,
1325 1959 1402 2006 vel
1432 1958 1766 2022 promittitur;

378 2041 434 2080 ut
455 2033 596 2088 (Psal.
622 2035 712 2082 civ.
747 2039 822 2096 19)
850 2037 933 2083 ubi
956 2037 1139 2100 Joseph
1164 2035 1342 2083 dicitur
1382 2035 1433 2081 in
1464 2050 1659 2082 carcere
1688 2050 1764 2082 re-

375 2115 554 2167 tentus,
588 2109 738 2157 donee
772 2111 965 2158 verbam
1001 2113 1107 2174 ejus
1141 2111 1347 2168 veniret,
1389 2110 1441 2157 id
1475 2119 1564 2169 est,
1607 2109 1766 2159 donec

374 2183 558 2231 factum
582 2193 708 2231 esset
744 2186 875 2248 quod
898 2187 1191 2249 praedixerat
1216 2186 1485 2234 Pharaonis
1516 2186 1766 2249 pincernae

377 2258 508 2306 circa
529 2259 882 2307 restitutionem
906 2261 1008 2323 ejus
1031 2262 1081 2308 in
1101 2261 1420 2309 ministerium
1447 2276 1602 2308 suum.
1640 2261 1764 2309 Item

381 2335 425 2393 (1
470 2334 590 2397 Reg.
628 2334 757 2381 xviii.
796 2338 878 2396 36)
918 2336 1037 2384 dicit
1072 2337 1232 2400 Elijah
1269 2337 1413 2384 Deo:
1444 2336 1566 2401 feci
1600 2337 1763 2384 omnia

376 2408 527 2456 verba
563 2415 665 2467 tua,
701 2425 790 2472 pro
825 2410 918 2457 feci
954 2412 1116 2459 omnia
1151 2429 1260 2475 quae
1290 2412 1493 2475 jussisti.
1563 2412 1627 2460 Et
1659 2412 1762 2460 Jer.

378 2483 490 2531 xvii.
523 2490 577 2531 15
601 2502 611 2530 ι
649 2483 732 2531 uhi
754 2491 831 2531 est
855 2484 1048 2532 verbum
1082 2487 1299 2546 Domini,
1323 2487 1524 2550 ponitur
1549 2503 1654 2551 pro,
1676 2487 1763 2536 ubi

376 2566 451 2607 est
474 2559 654 2606 malum
678 2559 810 2621 quod
834 2560 1044 2607 minatus
1068 2571 1142 2609 est
1167 2563 1420 2611 Dominus.
1495 2563 1559 2611 Et
1581 2563 1759 2612 Ezech.

375 2634 458 2682 xii.
494 2639 596 2683 28:
646 2634 707 2682 Et
742 2634 1061 2699 quodcunque
1102 2635 1328 2700 loquutus
1355 2637 1519 2702 fuero
1554 2637 1761 2698 verbum,

359 2710 461 2773 fiet
477 2729 494 2764 ;
530 2726 623 2758 non
641 2709 1035 2775 prolongabitur
1059 2712 1271 2776 aniplius
1286 2731 1303 2760 .·
1340 2712 1493 2761 verba
1510 2723 1762 2777 ponuntur

375 2802 463 2849 pro
498 2785 657 2844 factis,
682 2801 790 2849 quae
817 2785 976 2833 facere
1012 2787 1191 2849 populo
1226 2788 1528 2850 promiserat.
1597 2788 1759 2837 Etiam

376 2861 425 2909 iu
459 2862 770 2910 Testamento
818 2861 973 2919 Novo,
1017 2861 1216 2921 (Matth.
1254 2863 1382 2911 xxiv.
1420 2863 1524 2926 35),
1561 2863 1676 2912 coeli
1708 2869 1760 2911 et
