<?xml version="1.0" encoding="UTF-8"?>
<!DOCTYPE html PUBLIC "-//W3C//DTD XHTML 1.0 Transitional//EN"
    "http://www.w3.org/TR/xhtml1/DTD/xhtml1-transitional.dtd">
<html xmlns="http://www.w3.org/1999/xhtml" xml:lang="en" lang="en">
 <head>
  <title>
</title>
<meta http-equiv="Content-Type" content="text/html;charset=utf-8" />
  <meta name='ocr-system' content='tesseract 3.04.00' />
  <meta name='ocr-capabilities' content='ocr_page ocr_carea ocr_par ocr_line ocrx_word'/>
</head>
<body>
  <div class='ocr_page' id='page_1' title='image "./operaphilosophic03hobbuoft_0369.png"; bbox 0 0 1968 3236; ppageno 0'>
   <div class='ocr_carea' id='block_1_1' title="bbox 0 0 52 226">
    <p class='ocr_par' dir='ltr' id='par_1_1' title="bbox 0 0 52 226">
     <span class='ocr_line' id='line_1_1' title="bbox 0 0 52 226; baseline 0 3010"><span class='ocrx_word' id='word_1_1' title='bbox 0 0 52 226; x_wconf 95' lang='lat' dir='ltr'><em> </em></span> 
     </span>
    </p>
   </div>
   <div class='ocr_carea' id='block_1_2' title="bbox 487 230 1546 273">
    <p class='ocr_par' dir='ltr' id='par_1_2' title="bbox 487 230 1546 273">
     <span class='ocr_line' id='line_1_2' title="bbox 487 230 1546 273; baseline 0.001 -2"><span class='ocrx_word' id='word_1_2' title='bbox 487 238 558 272; x_wconf 77' lang='lat' dir='ltr'><em>nn</em></span> <span class='ocrx_word' id='word_1_3' title='bbox 585 237 844 272; x_wconf 71' lang='lat' dir='ltr'>civl&#39;rATss</span> <span class='ocrx_word' id='word_1_4' title='bbox 870 238 1226 272; x_wconf 70' lang='lat' dir='ltr'><em>cnmsuANA.</em></span> <span class='ocrx_word' id='word_1_5' title='bbox 1451 230 1546 273; x_wconf 88' lang='grc'><em>369</em></span> 
     </span>
    </p>
   </div>
   <div class='ocr_carea' id='block_1_3' title="bbox 0 349 1816 2826">
    <p class='ocr_par' dir='ltr' id='par_1_3' title="bbox 162 349 1816 414">
     <span class='ocr_line' id='line_1_3' title="bbox 162 349 1816 414; baseline 0.001 -17"><span class='ocrx_word' id='word_1_6' title='bbox 162 364 281 414; x_wconf 82' lang='lat' dir='ltr'><em>ergo</em></span> <span class='ocrx_word' id='word_1_7' title='bbox 317 349 653 413; x_wconf 83' lang='lat' dir='ltr'><em>pronuntiavit</em></span> <span class='ocrx_word' id='word_1_8' title='bbox 695 350 887 406; x_wconf 85' lang='lat' dir='ltr'><em>Paulus,</em></span> <span class='ocrx_word' id='word_1_9' title='bbox 929 350 1014 398; x_wconf 90' lang='lat' dir='ltr'><em>sed</em></span> <span class='ocrx_word' id='word_1_10' title='bbox 1053 360 1309 414; x_wconf 86' lang='lat' dir='ltr'>postquam</span> <span class='ocrx_word' id='word_1_11' title='bbox 1350 366 1546 398; x_wconf 82' lang='lat' dir='ltr'><em>causam</em></span> <span class='ocrx_word' id='word_1_12' title='bbox 1578 372 1682 404; x_wconf 66' lang='lat' dir='ltr'><em>eff.</em></span> <span class='ocrx_word' id='word_1_13' title='bbox 1702 373 1816 405; x_wconf 73' lang='lat' dir='ltr'><em>xm,</em></span> 
     </span>
    </p>

    <p class='ocr_par' dir='ltr' id='par_1_4' title="bbox 163 425 1795 505">
     <span class='ocr_line' id='line_1_4' title="bbox 163 425 1795 505; baseline -0.001 -32"><span class='ocrx_word' id='word_1_14' title='bbox 163 425 475 489; x_wconf 73' lang='lat' dir='ltr'>cognovisset</span> <span class='ocrx_word' id='word_1_15' title='bbox 508 426 838 489; x_wconf 85' lang='lat' dir='ltr'><em>congregatio.</em></span> <span class='ocrx_word' id='word_1_16' title='bbox 910 426 1094 474; x_wconf 90' lang='lat' dir='ltr'><em>Eodem</em></span> <span class='ocrx_word' id='word_1_17' title='bbox 1132 426 1291 490; x_wconf 82' lang='lat' dir='ltr'><em>capite</em></span> <span class='ocrx_word' id='word_1_18' title='bbox 1319 427 1465 486; x_wconf 84' lang='lat' dir='ltr'><em>(vers.</em></span> <span class='ocrx_word' id='word_1_19' title='bbox 1491 429 1544 472; x_wconf 89' lang='lat'><em>9-</em></span> <span class='ocrx_word' id='word_1_20' title='bbox 1597 427 1795 505; x_wconf 53' lang='lat' dir='ltr'><em>m</em></span> 
     </span>
    </p>

    <p class='ocr_par' dir='ltr' id='par_1_5' title="bbox 169 499 1802 565">
     <span class='ocr_line' id='line_1_5' title="bbox 169 499 1802 565; baseline -0.001 -16"><span class='ocrx_word' id='word_1_21' title='bbox 169 501 275 562; x_wconf 81' lang='lat'>12):</span> <span class='ocrx_word' id='word_1_22' title='bbox 323 499 526 565; x_wconf 77' lang='lat' dir='ltr'><em>Scripsi</em></span> <span class='ocrx_word' id='word_1_23' title='bbox 549 501 686 548; x_wconf 77' lang='lat' dir='ltr'><em>vohis</em></span> <span class='ocrx_word' id='word_1_24' title='bbox 712 502 761 548; x_wconf 86' lang='lat' dir='ltr'><em>in</em></span> <span class='ocrx_word' id='word_1_25' title='bbox 786 501 1023 565; x_wconf 69' lang='lat' dir='ltr'><em>epistola,</em></span> <span class='ocrx_word' id='word_1_26' title='bbox 1047 519 1108 549; x_wconf 83' lang='lat' dir='ltr'><em>ne</em></span> <span class='ocrx_word' id='word_1_27' title='bbox 1133 501 1545 549; x_wconf 73' lang='lat' dir='ltr'><em>commisceamini</em></span> <span class='ocrx_word' id='word_1_28' title='bbox 1597 510 1802 540; x_wconf 56' lang='lat' dir='ltr'><em>aemam</em></span> 
     </span>
    </p>

    <p class='ocr_par' dir='ltr' id='par_1_6' title="bbox 142 574 1545 640">
     <span class='ocr_line' id='line_1_6' title="bbox 142 574 1545 640; baseline 0 -17"><span class='ocrx_word' id='word_1_29' title='bbox 142 574 460 640; x_wconf 73' lang='lat' dir='ltr'><em>fornicariis</em></span> <span class='ocrx_word' id='word_1_30' title='bbox 478 595 496 624; x_wconf 93' lang='grc'><em>.·</em></span> <span class='ocrx_word' id='word_1_31' title='bbox 545 593 638 624; x_wconf 87' lang='lat' dir='ltr'><em>non</em></span> <span class='ocrx_word' id='word_1_32' title='bbox 671 577 839 640; x_wconf 82' lang='lat' dir='ltr'><em>utique</em></span> <span class='ocrx_word' id='word_1_33' title='bbox 856 575 1173 640; x_wconf 72' lang='lat' dir='ltr'><em>fornicariis</em></span> <span class='ocrx_word' id='word_1_34' title='bbox 1197 576 1341 638; x_wconf 71' lang='lat' dir='ltr'><em>liujus</em></span> <span class='ocrx_word' id='word_1_35' title='bbox 1363 576 1545 634; x_wconf 73' lang='lat' dir='ltr'><em>viandi,</em></span> 
     </span>
    </p>

    <p class='ocr_par' dir='ltr' id='par_1_7' title="bbox 162 651 1546 716">
     <span class='ocr_line' id='line_1_7' title="bbox 162 651 1546 716; baseline 0.001 -17"><span class='ocrx_word' id='word_1_36' title='bbox 162 657 252 699; x_wconf 71' lang='lat' dir='ltr'><em>aut</em></span> <span class='ocrx_word' id='word_1_37' title='bbox 274 651 462 710; x_wconf 81' lang='lat' dir='ltr'><em>avaris,</em></span> <span class='ocrx_word' id='word_1_38' title='bbox 483 658 570 699; x_wconf 84' lang='lat' dir='ltr'><em>aut</em></span> <span class='ocrx_word' id='word_1_39' title='bbox 589 651 878 716; x_wconf 70' lang='lat' dir='ltr'><strong><em>rapacibus,</em></strong></span> <span class='ocrx_word' id='word_1_40' title='bbox 898 658 986 699; x_wconf 87' lang='lat' dir='ltr'><em>aut</em></span> <span class='ocrx_word' id='word_1_41' title='bbox 1010 651 1161 699; x_wconf 69' lang='lat' dir='ltr'><em>idolis</em></span> <span class='ocrx_word' id='word_1_42' title='bbox 1183 651 1509 699; x_wconf 72' lang='lat' dir='ltr'><em>servientibus</em></span> <span class='ocrx_word' id='word_1_43' title='bbox 1526 671 1546 700; x_wconf 82' lang='lat'><em>.-</em></span> 
     </span>
    </p>

    <p class='ocr_par' dir='ltr' id='par_1_8' title="bbox 0 724 1551 790">
     <span class='ocr_line' id='line_1_8' title="bbox 0 724 1551 790; baseline 0.001 -17"><span class='ocrx_word' id='word_1_44' title='bbox 0 734 9 765; x_wconf 66' lang='grc' dir='ltr'>ἰ</span> <span class='ocrx_word' id='word_1_45' title='bbox 161 724 386 790; x_wconf 82' lang='lat' dir='ltr'><em>alioquin</em></span> <span class='ocrx_word' id='word_1_46' title='bbox 419 726 706 775; x_wconf 77' lang='lat' dir='ltr'><em>debueratis</em></span> <span class='ocrx_word' id='word_1_47' title='bbox 747 727 810 774; x_wconf 86' lang='lat' dir='ltr'><em>de</em></span> <span class='ocrx_word' id='word_1_48' title='bbox 848 726 940 774; x_wconf 77' lang='lat' dir='ltr'><em>hoc</em></span> <span class='ocrx_word' id='word_1_49' title='bbox 969 727 1144 775; x_wconf 86' lang='lat' dir='ltr'><em>mundo</em></span> <span class='ocrx_word' id='word_1_50' title='bbox 1175 727 1376 775; x_wconf 70' lang='lat' dir='ltr'><em>exiisse.</em></span> <span class='ocrx_word' id='word_1_51' title='bbox 1446 726 1551 775; x_wconf 84' lang='lat' dir='ltr'><em>Sed</em></span> 
     </span>
    </p>

    <p class='ocr_par' dir='ltr' id='par_1_9' title="bbox 0 765 1548 941">
     <span class='ocr_line' id='line_1_9' title="bbox 0 765 1548 874; baseline 0.001 -26"><span class='ocrx_word' id='word_1_52' title='bbox 0 765 21 874; x_wconf 54' lang='grc' dir='ltr'>ἰ</span> <span class='ocrx_word' id='word_1_53' title='bbox 160 801 350 866; x_wconf 72' lang='lat' dir='ltr'><em>scripsi</em></span> <span class='ocrx_word' id='word_1_54' title='bbox 381 801 517 850; x_wconf 71' lang='lat' dir='ltr'><em>vohi-s·</em></span> <span class='ocrx_word' id='word_1_55' title='bbox 558 819 651 850; x_wconf 89' lang='lat' dir='ltr'><em>non</em></span> <span class='ocrx_word' id='word_1_56' title='bbox 692 802 995 850; x_wconf 74' lang='lat' dir='ltr'><em>commisceri</em></span> <span class='ocrx_word' id='word_1_57' title='bbox 1014 820 1032 856; x_wconf 89' lang='lat'><em>;</em></span> <span class='ocrx_word' id='word_1_58' title='bbox 1067 802 1114 848; x_wconf 72' lang='grc' dir='ltr'><em>εἰ</em></span> <span class='ocrx_word' id='word_1_59' title='bbox 1154 802 1214 860; x_wconf 74' lang='lat' dir='ltr'><em>is,</em></span> <span class='ocrx_word' id='word_1_60' title='bbox 1252 802 1335 864; x_wconf 85' lang='lat' dir='ltr'><em>qui</em></span> <span class='ocrx_word' id='word_1_61' title='bbox 1359 802 1548 865; x_wconf 78' lang='lat' dir='ltr'><em>frater</em></span> 
     </span>
     <span class='ocr_line' id='line_1_10' title="bbox 161 876 1545 941; baseline 0 -17"><span class='ocrx_word' id='word_1_62' title='bbox 161 876 439 925; x_wconf 73' lang='lat' dir='ltr'><em>nominatur</em></span> <span class='ocrx_word' id='word_1_63' title='bbox 482 878 613 925; x_wconf 85' lang='lat' dir='ltr'><em>inter</em></span> <span class='ocrx_word' id='word_1_64' title='bbox 655 894 753 934; x_wconf 72' lang='lat' dir='ltr'><em>ros,</em></span> <span class='ocrx_word' id='word_1_65' title='bbox 785 884 862 925; x_wconf 73' lang='lat' dir='ltr'><em>est</em></span> <span class='ocrx_word' id='word_1_66' title='bbox 884 877 1201 941; x_wconf 82' lang='lat' dir='ltr'><em>fornicator,</em></span> <span class='ocrx_word' id='word_1_67' title='bbox 1227 884 1315 925; x_wconf 85' lang='lat' dir='ltr'><em>aut</em></span> <span class='ocrx_word' id='word_1_68' title='bbox 1346 893 1545 937; x_wconf 77' lang='lat' dir='ltr'><em>avarus,</em></span> 
     </span>
    </p>

    <p class='ocr_par' dir='ltr' id='par_1_10' title="bbox 0 951 1545 1024">
     <span class='ocr_line' id='line_1_11' title="bbox 0 951 1545 1024; baseline 0.001 -25"><span class='ocrx_word' id='word_1_69' title='bbox 0 1002 6 1024; x_wconf 38' lang='lat' dir='ltr'><em>l</em></span> <span class='ocrx_word' id='word_1_70' title='bbox 161 958 252 1000; x_wconf 72' lang='lat' dir='ltr'><em>aut</em></span> <span class='ocrx_word' id='word_1_71' title='bbox 287 951 440 1000; x_wconf 72' lang='lat' dir='ltr'><em>idolis</em></span> <span class='ocrx_word' id='word_1_72' title='bbox 480 953 716 1010; x_wconf 71' lang='lat' dir='ltr'><em>serviem,</em></span> <span class='ocrx_word' id='word_1_73' title='bbox 754 959 841 1000; x_wconf 82' lang='lat' dir='ltr'><em>aut</em></span> <span class='ocrx_word' id='word_1_74' title='bbox 879 952 1164 1011; x_wconf 70' lang='lat' dir='ltr'><em>maledicus,</em></span> <span class='ocrx_word' id='word_1_75' title='bbox 1189 959 1276 1000; x_wconf 84' lang='lat' dir='ltr'><em>aut</em></span> <span class='ocrx_word' id='word_1_76' title='bbox 1308 952 1545 1011; x_wconf 72' lang='lat' dir='ltr'><em>ebriosus,</em></span> 
     </span>
    </p>

    <p class='ocr_par' dir='ltr' id='par_1_11' title="bbox 0 1021 1551 1119">
     <span class='ocr_line' id='line_1_12' title="bbox 0 1021 1551 1119; baseline 0.001 -44"><span class='ocrx_word' id='word_1_77' title='bbox 0 1021 19 1119; x_wconf 52' lang='lat' dir='ltr'><em>{ss</em></span> <span class='ocrx_word' id='word_1_78' title='bbox 161 1033 251 1075; x_wconf 76' lang='lat' dir='ltr'><em>aut</em></span> <span class='ocrx_word' id='word_1_79' title='bbox 274 1043 459 1092; x_wconf 74' lang='lat' dir='ltr'><em>rapax,</em></span> <span class='ocrx_word' id='word_1_80' title='bbox 483 1045 588 1076; x_wconf 82' lang='lat' dir='ltr'><em>cum</em></span> <span class='ocrx_word' id='word_1_81' title='bbox 603 1028 843 1091; x_wconf 72' lang='lat' dir='ltr'><em>ejusmodi</em></span> <span class='ocrx_word' id='word_1_82' title='bbox 860 1045 948 1076; x_wconf 90' lang='lat' dir='ltr'><em>nec</em></span> <span class='ocrx_word' id='word_1_83' title='bbox 971 1028 1127 1076; x_wconf 84' lang='lat' dir='ltr'><em>cibum</em></span> <span class='ocrx_word' id='word_1_84' title='bbox 1149 1044 1357 1076; x_wconf 72' lang='lat' dir='ltr'><em>sumere.</em></span> <span class='ocrx_word' id='word_1_85' title='bbox 1413 1029 1551 1085; x_wconf 83' lang='lat' dir='ltr'><em>Quid</em></span> 
     </span>
    </p>

    <p class='ocr_par' dir='ltr' id='par_1_12' title="bbox 0 1102 1546 1188">
     <span class='ocr_line' id='line_1_13' title="bbox 0 1102 1546 1188; baseline 0.002 -39"><span class='ocrx_word' id='word_1_86' title='bbox 0 1121 11 1149; x_wconf 51' lang='grc' dir='ltr'>μ</span> <span class='ocrx_word' id='word_1_87' title='bbox 161 1102 290 1150; x_wconf 75' lang='lat' dir='ltr'><em>enim</em></span> <span class='ocrx_word' id='word_1_88' title='bbox 312 1103 432 1151; x_wconf 75' lang='lat' dir='ltr'><em>mihi</em></span> <span class='ocrx_word' id='word_1_89' title='bbox 455 1103 518 1151; x_wconf 89' lang='lat' dir='ltr'><em>de</em></span> <span class='ocrx_word' id='word_1_90' title='bbox 542 1103 621 1162; x_wconf 74' lang='lat' dir='ltr'><em>iis,</em></span> <span class='ocrx_word' id='word_1_91' title='bbox 646 1104 882 1168; x_wconf 73' lang='lat' dir='ltr'><em>qaiforis</em></span> <span class='ocrx_word' id='word_1_92' title='bbox 905 1111 1032 1188; x_wconf 47' lang='lat' dir='ltr'><em>suns,</em></span> <span class='ocrx_word' id='word_1_93' title='bbox 1046 1104 1330 1167; x_wconf 72' lang='lat' dir='ltr'><em>judicare?</em></span> <span class='ocrx_word' id='word_1_94' title='bbox 1370 1104 1546 1152; x_wconf 84' lang='lat' dir='ltr'><em>Nonne</em></span> 
     </span>
    </p>

    <p class='ocr_par' dir='ltr' id='par_1_13' title="bbox 162 1177 1546 1242">
     <span class='ocr_line' id='line_1_14' title="bbox 162 1177 1546 1242; baseline 0.001 -16"><span class='ocrx_word' id='word_1_95' title='bbox 162 1177 228 1226; x_wconf 84' lang='lat' dir='ltr'><em>de</em></span> <span class='ocrx_word' id='word_1_96' title='bbox 250 1178 331 1236; x_wconf 73' lang='lat' dir='ltr'><em>iis,</em></span> <span class='ocrx_word' id='word_1_97' title='bbox 352 1179 435 1241; x_wconf 81' lang='lat' dir='ltr'><em>qui</em></span> <span class='ocrx_word' id='word_1_98' title='bbox 454 1179 587 1227; x_wconf 74' lang='lat' dir='ltr'><em>intus</em></span> <span class='ocrx_word' id='word_1_99' title='bbox 603 1187 732 1238; x_wconf 75' lang='lat' dir='ltr'><em>sunt,</em></span> <span class='ocrx_word' id='word_1_100' title='bbox 757 1195 841 1227; x_wconf 73' lang='lat' dir='ltr'><em>vos</em></span> <span class='ocrx_word' id='word_1_101' title='bbox 847 1179 1100 1242; x_wconf 74' lang='lat' dir='ltr'><em>judicatis</em></span> <span class='ocrx_word' id='word_1_102' title='bbox 1116 1183 1146 1228; x_wconf 69' lang='lat'><em>,9</em></span> <span class='ocrx_word' id='word_1_103' title='bbox 1215 1180 1454 1228; x_wconf 74' lang='lat' dir='ltr'><em>Videmus</em></span> <span class='ocrx_word' id='word_1_104' title='bbox 1466 1180 1546 1227; x_wconf 89' lang='lat' dir='ltr'><em>hic</em></span> 
     </span>
    </p>

    <p class='ocr_par' dir='ltr' id='par_1_14' title="bbox 161 1254 1546 1318">
     <span class='ocr_line' id='line_1_15' title="bbox 161 1254 1546 1318; baseline 0.002 -18"><span class='ocrx_word' id='word_1_105' title='bbox 161 1254 455 1302; x_wconf 81' lang='lat' dir='ltr'><em>sententiam</em></span> <span class='ocrx_word' id='word_1_106' title='bbox 486 1254 682 1317; x_wconf 89' lang='lat' dir='ltr'><em>quidem</em></span> <span class='ocrx_word' id='word_1_107' title='bbox 714 1271 744 1302; x_wconf 86' lang='lat' dir='ltr'><strong>a</strong></span> <span class='ocrx_word' id='word_1_108' title='bbox 782 1255 930 1303; x_wconf 86' lang='lat' dir='ltr'><em>Paulo</em></span> <span class='ocrx_word' id='word_1_109' title='bbox 970 1256 1370 1318; x_wconf 81' lang='lat' dir='ltr'><em>pronuntiatam;</em></span> <span class='ocrx_word' id='word_1_110' title='bbox 1417 1255 1546 1318; x_wconf 86' lang='lat' dir='ltr'><em>judi-</em></span> 
     </span>
    </p>

    <p class='ocr_par' dir='ltr' id='par_1_15' title="bbox 162 1329 1545 1394">
     <span class='ocr_line' id='line_1_16' title="bbox 162 1329 1545 1394; baseline 0.001 -18"><span class='ocrx_word' id='word_1_111' title='bbox 162 1343 297 1376; x_wconf 81' lang='lat' dir='ltr'><em>casse</em></span> <span class='ocrx_word' id='word_1_112' title='bbox 337 1337 503 1377; x_wconf 85' lang='lat' dir='ltr'><em>autem</em></span> <span class='ocrx_word' id='word_1_113' title='bbox 542 1329 989 1394; x_wconf 85' lang='lat' dir='ltr'><em>congregationem.</em></span> <span class='ocrx_word' id='word_1_114' title='bbox 1059 1331 1222 1393; x_wconf 89' lang='lat' dir='ltr'><em>Atque</em></span> <span class='ocrx_word' id='word_1_115' title='bbox 1256 1331 1326 1378; x_wconf 82' lang='lat' dir='ltr'><em>ita</em></span> <span class='ocrx_word' id='word_1_116' title='bbox 1349 1330 1545 1393; x_wconf 89' lang='lat' dir='ltr'><em>quidem</em></span> 
     </span>
    </p>

    <p class='ocr_par' dir='ltr' id='par_1_16' title="bbox 162 1404 1546 1468">
     <span class='ocr_line' id='line_1_17' title="bbox 162 1404 1546 1468; baseline 0.001 -16"><span class='ocrx_word' id='word_1_117' title='bbox 162 1419 242 1452; x_wconf 80' lang='lat' dir='ltr'><em>res</em></span> <span class='ocrx_word' id='word_1_118' title='bbox 264 1419 316 1452; x_wconf 85' lang='lat' dir='ltr'><em>se</em></span> <span class='ocrx_word' id='word_1_119' title='bbox 344 1404 516 1453; x_wconf 84' lang='lat' dir='ltr'><strong>habuit</strong></span> <span class='ocrx_word' id='word_1_120' title='bbox 538 1413 653 1453; x_wconf 87' lang='lat' dir='ltr'><em>ante</em></span> <span class='ocrx_word' id='word_1_121' title='bbox 677 1405 1043 1453; x_wconf 84' lang='lat' dir='ltr'><em>conversionem</em></span> <span class='ocrx_word' id='word_1_122' title='bbox 1066 1421 1252 1468; x_wconf 84' lang='lat' dir='ltr'><em>regum,</em></span> <span class='ocrx_word' id='word_1_123' title='bbox 1291 1414 1340 1453; x_wconf 92' lang='lat' dir='ltr'><em>et</em></span> <span class='ocrx_word' id='word_1_124' title='bbox 1377 1421 1546 1453; x_wconf 89' lang='lat' dir='ltr'><em>eorum</em></span> 
     </span>
    </p>

    <p class='ocr_par' dir='ltr' id='par_1_17' title="bbox 162 1479 1546 1544">
     <span class='ocr_line' id='line_1_18' title="bbox 162 1479 1546 1544; baseline 0.001 -17"><span class='ocrx_word' id='word_1_125' title='bbox 162 1479 247 1543; x_wconf 90' lang='lat' dir='ltr'><em>qui</em></span> <span class='ocrx_word' id='word_1_126' title='bbox 282 1495 522 1528; x_wconf 82' lang='lat' dir='ltr'><em>summam</em></span> <span class='ocrx_word' id='word_1_127' title='bbox 551 1480 766 1528; x_wconf 86' lang='lat' dir='ltr'><em>habuere</em></span> <span class='ocrx_word' id='word_1_128' title='bbox 801 1480 850 1527; x_wconf 88' lang='lat' dir='ltr'><em>in</em></span> <span class='ocrx_word' id='word_1_129' title='bbox 887 1480 1166 1528; x_wconf 84' lang='lat' dir='ltr'><em>civitatibus</em></span> <span class='ocrx_word' id='word_1_130' title='bbox 1198 1481 1295 1528; x_wconf 87' lang='lat' dir='ltr'><em>suis</em></span> <span class='ocrx_word' id='word_1_131' title='bbox 1332 1488 1546 1544; x_wconf 85' lang='lat' dir='ltr'><em>potesta-</em></span> 
     </span>
    </p>

    <p class='ocr_par' dir='ltr' id='par_1_18' title="bbox 162 1562 279 1603">
     <span class='ocr_line' id='line_1_19' title="bbox 162 1562 279 1603; baseline -0.009 0"><span class='ocrx_word' id='word_1_132' title='bbox 162 1562 279 1603; x_wconf 88' lang='lat' dir='ltr'><em>tem.</em></span> 
     </span>
    </p>

    <p class='ocr_par' dir='ltr' id='par_1_19' title="bbox 161 1629 1546 2207">
     <span class='ocr_line' id='line_1_20' title="bbox 229 1629 1546 1693; baseline 0.002 -15"><span class='ocrx_word' id='word_1_133' title='bbox 229 1630 346 1678; x_wconf 81' lang='lat' dir='ltr'><em>Pars</em></span> <span class='ocrx_word' id='word_1_134' title='bbox 369 1629 476 1678; x_wconf 85' lang='lat' dir='ltr'><em>haec</em></span> <span class='ocrx_word' id='word_1_135' title='bbox 498 1631 751 1693; x_wconf 85' lang='lat' dir='ltr'><em>potestatis</em></span> <span class='ocrx_word' id='word_1_136' title='bbox 784 1631 1126 1680; x_wconf 72' lang='lat' dir='ltr'><em>ecclesiasticae</em></span> <span class='ocrx_word' id='word_1_137' title='bbox 1157 1633 1546 1680; x_wconf 81' lang='lat' dir='ltr'><em>exeommunica-</em></span> 
     </span>
     <span class='ocr_line' id='line_1_21' title="bbox 161 1704 1543 1771; baseline 0.001 -19"><span class='ocrx_word' id='word_1_138' title='bbox 161 1704 233 1753; x_wconf 74' lang='lat' dir='ltr'><em>tio</em></span> <span class='ocrx_word' id='word_1_139' title='bbox 251 1704 447 1763; x_wconf 76' lang='lat' dir='ltr'><em>dicitur,</em></span> <span class='ocrx_word' id='word_1_140' title='bbox 467 1716 518 1754; x_wconf 82' lang='lat' dir='ltr'><em>et</em></span> <span class='ocrx_word' id='word_1_141' title='bbox 532 1705 873 1771; x_wconf 72' lang='grc' dir='ltr'>α’ποσυνᾶγωγον</span> <span class='ocrx_word' id='word_1_142' title='bbox 889 1717 1040 1762; x_wconf 72' lang='grc' dir='ltr'>ποιέινς</span> <span class='ocrx_word' id='word_1_143' title='bbox 1065 1715 1115 1756; x_wconf 82' lang='lat' dir='ltr'><em>et</em></span> <span class='ocrx_word' id='word_1_144' title='bbox 1130 1707 1253 1756; x_wconf 75' lang='lat' dir='ltr'><em>ritus</em></span> <span class='ocrx_word' id='word_1_145' title='bbox 1271 1717 1377 1756; x_wconf 81' lang='lat' dir='ltr'><em>erat</em></span> <span class='ocrx_word' id='word_1_146' title='bbox 1396 1708 1543 1755; x_wconf 79' lang='lat' dir='ltr'><em>etiam</em></span> 
     </span>
     <span class='ocr_line' id='line_1_22' title="bbox 162 1779 1546 1847; baseline 0.002 -19"><span class='ocrx_word' id='word_1_147' title='bbox 162 1795 194 1828; x_wconf 78' lang='lat' dir='ltr'><strong>a</strong></span> <span class='ocrx_word' id='word_1_148' title='bbox 212 1779 399 1830; x_wconf 86' lang='lat' dir='ltr'><em>Judaeis</em></span> <span class='ocrx_word' id='word_1_149' title='bbox 421 1781 657 1837; x_wconf 85' lang='lat' dir='ltr'><em>usitatus;</em></span> <span class='ocrx_word' id='word_1_150' title='bbox 699 1781 786 1829; x_wconf 87' lang='lat' dir='ltr'><em>sed</em></span> <span class='ocrx_word' id='word_1_151' title='bbox 815 1790 871 1829; x_wconf 91' lang='lat' dir='ltr'><em>ut</em></span> <span class='ocrx_word' id='word_1_152' title='bbox 902 1781 1109 1841; x_wconf 85' lang='lat' dir='ltr'><em>videtur,</em></span> <span class='ocrx_word' id='word_1_153' title='bbox 1146 1792 1259 1846; x_wconf 81' lang='lat' dir='ltr'><em>post</em></span> <span class='ocrx_word' id='word_1_154' title='bbox 1289 1784 1546 1847; x_wconf 86' lang='lat' dir='ltr'><em>captivita-</em></span> 
     </span>
     <span class='ocr_line' id='line_1_23' title="bbox 161 1856 1545 1922; baseline 0.002 -18"><span class='ocrx_word' id='word_1_155' title='bbox 161 1863 263 1904; x_wconf 91' lang='lat' dir='ltr'><em>tem</em></span> <span class='ocrx_word' id='word_1_156' title='bbox 303 1856 680 1920; x_wconf 86' lang='lat' dir='ltr'><em>Babylonicam;</em></span> <span class='ocrx_word' id='word_1_157' title='bbox 733 1873 847 1904; x_wconf 86' lang='lat' dir='ltr'><em>nam</em></span> <span class='ocrx_word' id='word_1_158' title='bbox 884 1873 983 1905; x_wconf 90' lang='lat' dir='ltr'><em>non</em></span> <span class='ocrx_word' id='word_1_159' title='bbox 1028 1858 1234 1922; x_wconf 87' lang='lat' dir='ltr'><em>legimus</em></span> <span class='ocrx_word' id='word_1_160' title='bbox 1270 1875 1545 1922; x_wconf 86' lang='lat' dir='ltr'><em>quenquam</em></span> 
     </span>
     <span class='ocr_line' id='line_1_24' title="bbox 163 1931 1545 1998; baseline 0.003 -19"><span class='ocrx_word' id='word_1_161' title='bbox 163 1939 278 1980; x_wconf 82' lang='lat' dir='ltr'><em>ante</em></span> <span class='ocrx_word' id='word_1_162' title='bbox 317 1931 369 1980; x_wconf 93' lang='lat' dir='ltr'><em>id</em></span> <span class='ocrx_word' id='word_1_163' title='bbox 409 1941 602 1996; x_wconf 87' lang='lat' dir='ltr'><em>tempus</em></span> <span class='ocrx_word' id='word_1_164' title='bbox 647 1932 885 1981; x_wconf 87' lang='lat' dir='ltr'><em>doctrinae</em></span> <span class='ocrx_word' id='word_1_165' title='bbox 930 1950 1078 1983; x_wconf 84' lang='lat' dir='ltr'><em>causa</em></span> <span class='ocrx_word' id='word_1_166' title='bbox 1122 1936 1332 1998; x_wconf 89' lang='lat' dir='ltr'><em>ejectum</em></span> <span class='ocrx_word' id='word_1_167' title='bbox 1373 1951 1478 1983; x_wconf 87' lang='lat' dir='ltr'><em>esse</em></span> <span class='ocrx_word' id='word_1_168' title='bbox 1519 1952 1545 1982; x_wconf 91' lang='lat' dir='ltr'><em>e</em></span> 
     </span>
     <span class='ocr_line' id='line_1_25' title="bbox 163 2008 1546 2072; baseline 0.002 -18"><span class='ocrx_word' id='word_1_169' title='bbox 163 2022 426 2071; x_wconf 77' lang='lat' dir='ltr'><em>synagoga,</em></span> <span class='ocrx_word' id='word_1_170' title='bbox 449 2024 608 2072; x_wconf 90' lang='lat' dir='ltr'><em>neque</em></span> <span class='ocrx_word' id='word_1_171' title='bbox 645 2008 812 2058; x_wconf 74' lang='lat' dir='ltr'><em>etiam.</em></span> <span class='ocrx_word' id='word_1_172' title='bbox 833 2009 882 2056; x_wconf 90' lang='lat' dir='ltr'><em>in</em></span> <span class='ocrx_word' id='word_1_173' title='bbox 919 2010 1232 2058; x_wconf 85' lang='lat' dir='ltr'><em>Testamento</em></span> <span class='ocrx_word' id='word_1_174' title='bbox 1265 2011 1423 2069; x_wconf 93' lang='lat' dir='ltr'><em>Novo,</em></span> <span class='ocrx_word' id='word_1_175' title='bbox 1460 2010 1546 2058; x_wconf 89' lang='lat' dir='ltr'><em>sed</em></span> 
     </span>
     <span class='ocr_line' id='line_1_26' title="bbox 165 2083 1545 2147; baseline 0.003 -17"><span class='ocrx_word' id='word_1_176' title='bbox 165 2083 507 2131; x_wconf 81' lang='lat' dir='ltr'><em>tantummodo</em></span> <span class='ocrx_word' id='word_1_177' title='bbox 529 2099 619 2147; x_wconf 91' lang='lat' dir='ltr'><em>pro</em></span> <span class='ocrx_word' id='word_1_178' title='bbox 643 2083 781 2132; x_wconf 79' lang='lat' dir='ltr'><em>malis</em></span> <span class='ocrx_word' id='word_1_179' title='bbox 817 2085 1034 2134; x_wconf 88' lang='lat' dir='ltr'><em>moribus</em></span> <span class='ocrx_word' id='word_1_180' title='bbox 1072 2086 1123 2133; x_wconf 90' lang='lat' dir='ltr'><em>in</em></span> <span class='ocrx_word' id='word_1_181' title='bbox 1160 2086 1442 2134; x_wconf 85' lang='lat' dir='ltr'><em>scandalum</em></span> <span class='ocrx_word' id='word_1_182' title='bbox 1466 2103 1545 2134; x_wconf 88' lang='lat' dir='ltr'><em>ec-</em></span> 
     </span>
     <span class='ocr_line' id='line_1_27' title="bbox 165 2157 340 2207; baseline 0.011 -2"><span class='ocrx_word' id='word_1_183' title='bbox 165 2157 340 2207; x_wconf 82' lang='lat' dir='ltr'><em>elesiae.</em></span> 
     </span>
    </p>

    <p class='ocr_par' dir='ltr' id='par_1_20' title="bbox 164 2232 1547 2744">
     <span class='ocr_line' id='line_1_28' title="bbox 231 2232 1547 2300; baseline 0.005 -21"><span class='ocrx_word' id='word_1_184' title='bbox 231 2232 760 2282; x_wconf 83' lang='lat' dir='ltr'><em>Exoommunicationis</em></span> <span class='ocrx_word' id='word_1_185' title='bbox 783 2251 897 2284; x_wconf 87' lang='lat' dir='ltr'><em>usus</em></span> <span class='ocrx_word' id='word_1_186' title='bbox 921 2244 971 2284; x_wconf 88' lang='lat' dir='ltr'><em>et</em></span> <span class='ocrx_word' id='word_1_187' title='bbox 992 2237 1207 2295; x_wconf 86' lang='lat' dir='ltr'><em>effectus,</em></span> <span class='ocrx_word' id='word_1_188' title='bbox 1232 2244 1493 2300; x_wconf 87' lang='lat' dir='ltr'><em>antequam</em></span> <span class='ocrx_word' id='word_1_189' title='bbox 1517 2254 1547 2284; x_wconf 88' lang='lat' dir='ltr'>a</span> 
     </span>
     <span class='ocr_line' id='line_1_29' title="bbox 164 2307 1544 2375; baseline 0.004 -21"><span class='ocrx_word' id='word_1_190' title='bbox 164 2315 412 2371; x_wconf 79' lang='lat' dir='ltr'><em>potestate</em></span> <span class='ocrx_word' id='word_1_191' title='bbox 430 2307 562 2356; x_wconf 82' lang='lat' dir='ltr'><em>civili</em></span> <span class='ocrx_word' id='word_1_192' title='bbox 575 2309 674 2356; x_wconf 84' lang='lat' dir='ltr'><em>vim</em></span> <span class='ocrx_word' id='word_1_193' title='bbox 696 2320 968 2374; x_wconf 83' lang='lat' dir='ltr'><em>acceperat,</em></span> <span class='ocrx_word' id='word_1_194' title='bbox 987 2311 1110 2359; x_wconf 83' lang='lat' dir='ltr'><em>alius</em></span> <span class='ocrx_word' id='word_1_195' title='bbox 1129 2328 1229 2360; x_wconf 89' lang='lat' dir='ltr'><em>non</em></span> <span class='ocrx_word' id='word_1_196' title='bbox 1253 2322 1374 2371; x_wconf 83' lang='lat' dir='ltr'><em>erat,</em></span> <span class='ocrx_word' id='word_1_197' title='bbox 1399 2329 1544 2375; x_wconf 87' lang='lat' dir='ltr'><em>quam</em></span> 
     </span>
     <span class='ocr_line' id='line_1_30' title="bbox 166 2383 1546 2450; baseline 0.003 -21"><span class='ocrx_word' id='word_1_198' title='bbox 166 2388 223 2430; x_wconf 89' lang='lat' dir='ltr'><em>ut</em></span> <span class='ocrx_word' id='word_1_199' title='bbox 245 2383 691 2433; x_wconf 80' lang='lat' dir='ltr'><em>excommunicatus</em></span> <span class='ocrx_word' id='word_1_200' title='bbox 713 2401 743 2432; x_wconf 87' lang='lat' dir='ltr'><strong>a</strong></span> <span class='ocrx_word' id='word_1_201' title='bbox 764 2401 865 2434; x_wconf 90' lang='lat' dir='ltr'><em>nou</em></span> <span class='ocrx_word' id='word_1_202' title='bbox 888 2386 1321 2435; x_wconf 81' lang='lat' dir='ltr'><em>excommunicatis</em></span> <span class='ocrx_word' id='word_1_203' title='bbox 1353 2387 1546 2450; x_wconf 87' lang='lat' dir='ltr'><em>fugien-</em></span> 
     </span>
     <span class='ocr_line' id='line_1_31' title="bbox 167 2457 1547 2525; baseline 0.002 -20"><span class='ocrx_word' id='word_1_204' title='bbox 167 2457 259 2506; x_wconf 86' lang='lat' dir='ltr'><em>dus</em></span> <span class='ocrx_word' id='word_1_205' title='bbox 277 2465 417 2506; x_wconf 78' lang='lat' dir='ltr'><em>esset.</em></span> <span class='ocrx_word' id='word_1_206' title='bbox 488 2457 559 2506; x_wconf 91' lang='lat' dir='ltr'><em>Ut</em></span> <span class='ocrx_word' id='word_1_207' title='bbox 591 2474 682 2522; x_wconf 88' lang='lat' dir='ltr'><em>pro</em></span> <span class='ocrx_word' id='word_1_208' title='bbox 718 2460 915 2510; x_wconf 88' lang='lat' dir='ltr'><em>ethnico</em></span> <span class='ocrx_word' id='word_1_209' title='bbox 938 2462 1213 2520; x_wconf 86' lang='lat' dir='ltr'><em>haberetur,</em></span> <span class='ocrx_word' id='word_1_210' title='bbox 1238 2462 1321 2525; x_wconf 91' lang='lat' dir='ltr'><em>qui</em></span> <span class='ocrx_word' id='word_1_211' title='bbox 1347 2461 1547 2510; x_wconf 89' lang='lat' dir='ltr'><em>Christi-</em></span> 
     </span>
     <span class='ocr_line' id='line_1_32' title="bbox 166 2534 1546 2596; baseline 0.004 -17"><span class='ocrx_word' id='word_1_212' title='bbox 166 2548 290 2581; x_wconf 79' lang='lat' dir='ltr'><em>anus</em></span> <span class='ocrx_word' id='word_1_213' title='bbox 313 2548 564 2596; x_wconf 82' lang='lat' dir='ltr'><em>nunquam</em></span> <span class='ocrx_word' id='word_1_214' title='bbox 593 2534 766 2594; x_wconf 85' lang='lat' dir='ltr'><em>fuerat,</em></span> <span class='ocrx_word' id='word_1_215' title='bbox 791 2551 890 2584; x_wconf 91' lang='lat' dir='ltr'><em>non</em></span> <span class='ocrx_word' id='word_1_216' title='bbox 926 2538 1144 2593; x_wconf 88' lang='lat' dir='ltr'><em>suffecit;</em></span> <span class='ocrx_word' id='word_1_217' title='bbox 1181 2553 1292 2585; x_wconf 92' lang='lat' dir='ltr'><em>cum</em></span> <span class='ocrx_word' id='word_1_218' title='bbox 1316 2536 1391 2584; x_wconf 87' lang='lat' dir='ltr'><em>his</em></span> <span class='ocrx_word' id='word_1_219' title='bbox 1415 2538 1546 2584; x_wconf 89' lang='lat' dir='ltr'><em>enim</em></span> 
     </span>
     <span class='ocr_line' id='line_1_33' title="bbox 167 2608 1544 2670; baseline 0.003 -15"><span class='ocrx_word' id='word_1_220' title='bbox 167 2608 331 2656; x_wconf 86' lang='lat' dir='ltr'><em>cibum</em></span> <span class='ocrx_word' id='word_1_221' title='bbox 372 2623 563 2656; x_wconf 86' lang='lat' dir='ltr'><em>sumere</em></span> <span class='ocrx_word' id='word_1_222' title='bbox 595 2608 764 2665; x_wconf 89' lang='lat' dir='ltr'><em>licuit;</em></span> <span class='ocrx_word' id='word_1_223' title='bbox 800 2627 911 2659; x_wconf 90' lang='lat' dir='ltr'><em>cum</em></span> <span class='ocrx_word' id='word_1_224' title='bbox 948 2611 1224 2660; x_wconf 86' lang='lat' dir='ltr'><em>Christiano</em></span> <span class='ocrx_word' id='word_1_225' title='bbox 1260 2627 1359 2659; x_wconf 89' lang='lat' dir='ltr'><em>non</em></span> <span class='ocrx_word' id='word_1_226' title='bbox 1391 2611 1544 2670; x_wconf 88' lang='lat' dir='ltr'><em>licuit,</em></span> 
     </span>
     <span class='ocr_line' id='line_1_34' title="bbox 167 2682 1544 2744; baseline 0.002 -13"><span class='ocrx_word' id='word_1_227' title='bbox 167 2692 225 2731; x_wconf 87' lang='lat' dir='ltr'><em>ut</em></span> <span class='ocrx_word' id='word_1_228' title='bbox 248 2682 396 2730; x_wconf 82' lang='lat' dir='ltr'><em>Paulo</em></span> <span class='ocrx_word' id='word_1_229' title='bbox 418 2690 531 2730; x_wconf 88' lang='lat' dir='ltr'><em>ante</em></span> <span class='ocrx_word' id='word_1_230' title='bbox 554 2691 803 2733; x_wconf 88' lang='lat' dir='ltr'><em>ostensum</em></span> <span class='ocrx_word' id='word_1_231' title='bbox 833 2694 906 2734; x_wconf 88' lang='lat' dir='ltr'><em>est</em></span> <span class='ocrx_word' id='word_1_232' title='bbox 930 2702 991 2735; x_wconf 84' lang='lat' dir='ltr'><em>ex</em></span> <span class='ocrx_word' id='word_1_233' title='bbox 1021 2693 1038 2735; x_wconf 95' lang='lat' dir='ltr'>l</span> <span class='ocrx_word' id='word_1_234' title='bbox 1070 2686 1181 2734; x_wconf 88' lang='lat' dir='ltr'><em>Cor.</em></span> <span class='ocrx_word' id='word_1_235' title='bbox 1207 2703 1252 2734; x_wconf 87' lang='lat' dir='ltr'><em>v.</em></span> <span class='ocrx_word' id='word_1_236' title='bbox 1277 2692 1324 2744; x_wconf 90' lang='lat'><em>9,</em></span> <span class='ocrx_word' id='word_1_237' title='bbox 1351 2692 1425 2744; x_wconf 91' lang='lat'><em>10,</em></span> <span class='ocrx_word' id='word_1_238' title='bbox 1450 2694 1544 2735; x_wconf 88' lang='lat' dir='ltr'><em>etc.</em></span> 
     </span>
    </p>

    <p class='ocr_par' dir='ltr' id='par_1_21' title="bbox 236 2757 1545 2826">
     <span class='ocr_line' id='line_1_35' title="bbox 236 2757 1545 2826; baseline 0.003 -21"><span class='ocrx_word' id='word_1_239' title='bbox 236 2757 306 2805; x_wconf 90' lang='lat' dir='ltr'><em>Ut</em></span> <span class='ocrx_word' id='word_1_240' title='bbox 327 2767 491 2805; x_wconf 76' lang='lat' dir='ltr'><em>autem</em></span> <span class='ocrx_word' id='word_1_241' title='bbox 513 2757 622 2807; x_wconf 87' lang='lat' dir='ltr'><em>illos</em></span> <span class='ocrx_word' id='word_1_242' title='bbox 645 2774 705 2807; x_wconf 85' lang='lat' dir='ltr'><em>ex</em></span> <span class='ocrx_word' id='word_1_243' title='bbox 728 2761 934 2810; x_wconf 83' lang='lat' dir='ltr'><em>ooetibus</em></span> <span class='ocrx_word' id='word_1_244' title='bbox 958 2764 1056 2811; x_wconf 83' lang='lat' dir='ltr'><em>suis</em></span> <span class='ocrx_word' id='word_1_245' title='bbox 1078 2770 1162 2811; x_wconf 85' lang='lat' dir='ltr'><em>aut</em></span> <span class='ocrx_word' id='word_1_246' title='bbox 1180 2761 1439 2826; x_wconf 84' lang='lat' dir='ltr'><em>synagogis</em></span> <span class='ocrx_word' id='word_1_247' title='bbox 1462 2778 1545 2810; x_wconf 83' lang='lat' dir='ltr'><em>ex-</em></span> 
     </span>
    </p>
   </div>
   <div class='ocr_carea' id='block_1_4' title="bbox 167 2832 1544 2960">
    <p class='ocr_par' dir='ltr' id='par_1_22' title="bbox 167 2832 1544 2960">
     <span class='ocr_line' id='line_1_36' title="bbox 167 2832 1544 2896; baseline 0.004 -16"><span class='ocrx_word' id='word_1_248' title='bbox 167 2832 438 2889; x_wconf 88' lang='lat' dir='ltr'><em>cluderent,</em></span> <span class='ocrx_word' id='word_1_249' title='bbox 463 2833 560 2896; x_wconf 74' lang='lat' dir='ltr'><em>juS,</em></span> <span class='ocrx_word' id='word_1_250' title='bbox 583 2833 676 2882; x_wconf 85' lang='lat' dir='ltr'><em>nisi</em></span> <span class='ocrx_word' id='word_1_251' title='bbox 698 2850 729 2882; x_wconf 79' lang='lat' dir='ltr'>a</span> <span class='ocrx_word' id='word_1_252' title='bbox 761 2834 960 2885; x_wconf 87' lang='lat' dir='ltr'><em>domino</em></span> <span class='ocrx_word' id='word_1_253' title='bbox 996 2837 1090 2885; x_wconf 80' lang='lat' dir='ltr'><em>loci</em></span> <span class='ocrx_word' id='word_1_254' title='bbox 1122 2852 1420 2896; x_wconf 86' lang='lat' dir='ltr'><em>concessum,</em></span> <span class='ocrx_word' id='word_1_255' title='bbox 1444 2838 1544 2886; x_wconf 87' lang='lat' dir='ltr'><em>sive</em></span> 
     </span>
     <span class='ocr_line' id='line_1_37' title="bbox 301 2922 1409 2960; baseline 0.004 -4"><span class='ocrx_word' id='word_1_256' title='bbox 301 2922 425 2957; x_wconf 69' lang='lat' dir='ltr'><em>von.</em></span> <span class='ocrx_word' id='word_1_257' title='bbox 447 2923 531 2956; x_wconf 86' lang='lat'>111.</span> <span class='ocrx_word' id='word_1_258' title='bbox 1324 2926 1356 2960; x_wconf 81' lang='grc' dir='ltr'>Β</span> <span class='ocrx_word' id='word_1_259' title='bbox 1378 2927 1409 2960; x_wconf 79' lang='grc' dir='ltr'><em>Β</em></span> 
     </span>
    </p>
   </div>
   <div class='ocr_carea' id='block_1_5' title="bbox 0 1302 27 2047">
    <p class='ocr_par' dir='ltr' id='par_1_23' title="bbox 0 1302 27 2047">
     <span class='ocr_line' id='line_1_38' title="bbox 0 1302 27 2047; baseline 0 1189"><span class='ocrx_word' id='word_1_260' title='bbox 0 1302 27 2047; x_wconf 95' lang='lat' dir='ltr'><em> </em></span> 
     </span>
    </p>
   </div>
   <div class='ocr_carea' id='block_1_6' title="bbox 0 2398 14 2573">
    <p class='ocr_par' dir='ltr' id='par_1_24' title="bbox 0 2398 14 2573">
     <span class='ocr_line' id='line_1_39' title="bbox 0 2398 14 2573; textangle 90"><span class='ocrx_word' id='word_1_261' title='bbox 0 2561 3 2573; x_wconf 88' lang='grc'><em>,.</em></span> <span class='ocrx_word' id='word_1_262' title='bbox 0 2474 14 2549; x_wconf 51' lang='grc' dir='ltr'><em>.,,.,Ὗ.,</em></span> <span class='ocrx_word' id='word_1_263' title='bbox 0 2439 8 2464; x_wconf 72' lang='grc'><em>,,,</em></span> <span class='ocrx_word' id='word_1_264' title='bbox 10 2398 13 2401; x_wconf 40' lang='grc' dir='ltr'>ι</span> 
     </span>
    </p>
   </div>
  </div>
 </body>
</html>
