1968 3236
183 390 212 424 C
219 391 241 422 A
250 391 287 423 P.
298 391 371 422 XL!
380 391 409 422 1.

199 447 384 467 s--fd

195 484 240 511 De
252 487 391 520 potestate

194 526 394 555 ecclesiastica.

442 246 536 289 366
762 253 832 287 DE
861 251 1116 286 c1V1'rA'rE
1144 251 1498 285 CHRISTIANA.

444 366 712 424 crederent,
747 365 1032 413 docentibus
1056 363 1147 411 sibi
1171 363 1496 411 obediendum
1522 378 1626 410 esse
1650 369 1823 411 contra

445 443 654 490 civitatis
683 458 781 490 suae
820 441 951 504 leges
989 447 1039 487 et
1072 439 1304 486 mandata
1331 455 1516 502 regum,
1542 438 1627 486 sed
1653 439 1822 487 admo-

443 534 557 565 nere
577 534 657 565 eos
675 526 730 565 ut
748 517 1012 564 adventum
1037 515 1232 573 Christi,
1258 531 1368 562 cum
1392 515 1630 578 patientia
1652 523 1702 562 et
1723 515 1822 563 fide

442 602 492 640 et
528 609 637 640 cum
665 591 943 640 obedientia
972 591 1160 654 legibus
1195 590 1406 638 civitatis
1436 591 1617 649 debita,
1639 591 1822 639 vellent

441 677 708 731 expectare.

507 744 795 791 Mandatum
832 743 926 790 illis
958 742 1127 789 datum
1168 749 1243 789 est
1269 741 1470 802 (Matth.
1494 741 1660 789 xxviii.
1692 743 1768 803 19)
1791 758 1823 790 a

442 818 632 866 Christo
670 820 886 875 tertium,
919 818 1184 882 baptizare
1225 817 1276 864 in
1312 817 1503 864 nomine
1538 816 1734 875 Patris,
1769 824 1821 864 et

439 893 577 952 Filii,
602 902 652 942 et
676 895 902 959 Spiritus
928 893 1119 941 Sancti.
1205 892 1339 942 Quid
1372 899 1535 940 autem
1567 900 1642 940 est
1663 892 1822 956 bapti-

439 969 572 1017 zari?
656 971 713 1018 In
737 986 911 1032 aquam
935 968 1172 1032 immergi.
1258 968 1356 1016 Sed
1386 967 1437 1015 in
1460 983 1637 1031 aquam
1660 967 1711 1015 in
1734 983 1821 1015 no-

439 1046 568 1093 mine
592 1046 752 1109 aliquo
776 1045 1014 1108 immergi,
1035 1043 1154 1106 quid
1177 1044 1285 1091 est?
1357 1044 1537 1091 Sensus
1561 1043 1821 1091 verborum

440 1122 613 1168 horum
659 1129 748 1181 est,
782 1120 1006 1183 immergi
1040 1119 1209 1166 fideles
1246 1126 1302 1166 ut
1337 1119 1531 1182 signum
1565 1133 1821 1181 regenera-

440 1198 612 1252 tionis;
649 1205 697 1244 et
733 1197 865 1260 quod
896 1196 978 1259 qui
1014 1196 1082 1243 sic
1106 1195 1478 1258 immerguntur,
1503 1193 1670 1241 fideles
1694 1210 1745 1242 se
1767 1194 1821 1242 in

442 1273 637 1320 civitate
646 1273 737 1320 Dei
756 1274 884 1320 cives
901 1272 1089 1319 futuros
1105 1287 1225 1330 esse,
1242 1286 1433 1333 nempe,
1453 1270 1503 1317 in
1522 1269 1718 1317 civitate
1727 1270 1819 1318 Dei

442 1349 633 1408 Patris,
670 1349 884 1397 ecclesiae
924 1348 1231 1402 fundatoris;
1279 1347 1370 1394 Dei
1412 1345 1552 1404 Filii,
1599 1345 1818 1409 ejusdem

442 1425 656 1472 ecclesiae
680 1424 1029 1487 redemptoris3
1067 1423 1159 1471 Dei
1185 1422 1427 1486 SpirituS,
1452 1421 1668 1469 ecclesiae
1692 1422 1820 1485 ejus-

442 1500 552 1546 dem
598 1500 979 1548 sanctificatoris.
1058 1500 1168 1546 Hoc
1215 1505 1291 1546 est
1334 1506 1535 1560 pactum
1579 1504 1817 1544 nostrum.

443 1575 686 1623 Quoniam
736 1584 900 1623 tamen
953 1591 1124 1638 regum
1178 1581 1483 1622 terrenorum
1547 1572 1818 1620 authoritas

442 1658 554 1697 ante
589 1650 717 1697 diem
745 1651 916 1713 judicii
952 1649 1243 1713 deponenda
1278 1664 1380 1696 non
1417 1656 1519 1696 est:
1560 1648 1651 1709 (sic
1688 1647 1819 1695 enim

442 1726 678 1787 expressis
713 1727 870 1774 verbis
911 1743 940 1774 a
980 1727 1028 1774 S.
1060 1726 1208 1774 Paulo
1242 1726 1512 1774 affirmatur
1553 1731 1571 1772 l
1603 1723 1712 1772 Cor.
1736 1740 1815 1772 xv.

442 1806 521 1858 22,
547 1806 626 1858 23,
651 1807 711 1848 24
732 1820 742 1847 ε
781 1801 920 1848 Sicut
945 1802 995 1849 in
1014 1801 1209 1849 Adamo
1235 1817 1397 1848 omnes
1421 1799 1713 1858 moriuntur,
1740 1799 1816 1847 ita

443 1883 494 1923 et
528 1876 578 1923 in
619 1876 819 1924 Christo
856 1895 1015 1925 omnes
1052 1876 1447 1939 vivfficabzmtur,
1483 1875 1818 1939 unusquisque

443 1958 603 1998 autem
629 1954 679 1999 in
702 1969 789 1999 Suo
814 1953 1002 2011 ordine,
1020 1953 1262 2017 primitioe
1290 1951 1522 2009 Christus
1537 1970 1554 2006 ‚·
1581 1950 1760 1998 deinde
1779 1949 1818 1997 ii

443 2027 529 2089 qui
559 2034 671 2073 sunt
704 2027 909 2085 Christi,
941 2029 1026 2091 qui
1066 2029 1116 2076 in
1154 2029 1413 2076 adventum
1448 2027 1556 2090 eju-s·
1588 2025 1819 2074 credide-

442 2109 557 2149 runt
573 2121 591 2156 ‚·
627 2102 805 2149 deinde
812 2103 957 2163 finis,
974 2121 1078 2150 cum
1102 2103 1380 2151 tradiderit
1403 2118 1610 2166 regnum
1633 2101 1744 2149 Deo
1767 2107 1818 2148 et

444 2177 608 2235 Patri,
645 2194 750 2224 cum
795 2180 1108 2225 evacuaverit
1155 2195 1335 2226 omnem
1376 2177 1722 2242 principatum
1765 2182 1818 2224 et

432 2254 768 2315 potestatem)
789 2270 806 2299 :
841 2252 1148 2300 manifestum
1173 2261 1260 2312 est,
1285 2255 1335 2301 in
1368 2253 1610 2316 baptismo
1646 2258 1816 2300 nostro

440 2343 538 2375 non
580 2327 875 2375 constituere
911 2344 998 2375 nos
1036 2328 1085 2375 in
1118 2329 1439 2392 nosmetipsos
1469 2327 1817 2376 authoritatem

439 2403 599 2461 aliam,
624 2419 721 2466 qua
755 2403 869 2450 vitae
904 2411 1084 2451 nostrae
1111 2405 1327 2452 actiones
1351 2412 1566 2452 externae
1590 2401 1816 2466 regendae

438 2485 552 2525 sunt
576 2499 587 2533 ;
625 2478 710 2526 sed
732 2478 1059 2541 promittimus
1085 2488 1276 2528 tantum
1299 2497 1389 2544 pro
1414 2480 1682 2528 directione
1705 2494 1818 2527 nos-

439 2561 516 2600 tra
538 2553 588 2601 in
619 2553 699 2601 via
732 2553 899 2601 salutis
933 2561 1128 2602 aeternae
1153 2555 1426 2604 doctrinam
1463 2555 1599 2619 sequi
1622 2561 1816 2618 aposto-

437 2627 595 2676 licam.

505 2703 709 2760 Quarto,
733 2702 784 2750 in
811 2702 1067 2760 mandatis,
1091 2713 1385 2767 potestatem
1409 2705 1593 2753 habent
1614 2711 1818 2768 peccata

438 2777 722 2825 remittendi
746 2785 795 2825 et
818 2777 1084 2836 retinendi,
1099 2778 1150 2826 id
1173 2788 1262 2838 est,
1279 2779 1480 2844 ligandi
1497 2788 1547 2828 et
1565 2778 1789 2828 solvendi
1795 2796 1815 2834 ‚-

438 2866 547 2913 quae
581 2858 794 2914 potestas
829 2851 1006 2901 dicitur
1041 2854 1187 2903 etiam
1223 2856 1360 2919 regni
1389 2855 1600 2904 coelestis
1630 2854 1815 2916 claves,
