1968 3236
436 241 529 283 352
754 250 823 282 DE
851 248 1105 282 crvl'rA'rE
1133 248 1484 282 CHRISTIANA.

178 380 281 414 cAP.
301 381 392 414 xm.
415 362 614 426 facite:
638 378 797 410 nonne
812 369 976 425 aperte
1000 377 1089 424 pro
1114 376 1171 408 eo
1195 369 1429 424 tempore,
1448 376 1548 408 non
1563 359 1654 407 sibi
1673 374 1802 408 sum-

191 436 380 458 s——r-—ae

177 482 222 510 De
236 483 394 511 Servatoris

434 454 562 486 mam
580 445 882 501 potestatem,
908 437 994 484 sed
1013 436 1106 484 illis
1125 436 1373 484 attribuit?
1413 436 1493 484 Sic.
1517 435 1662 483 etiam
1684 435 1803 484 facit

174 527 264 554 nostri
291 527 372 554 bena
438 513 573 573 (Luc.
599 514 678 561 xii.
710 515 787 574 14)
813 532 822 560 :
865 513 986 568 Quis
1005 529 1076 559 me
1100 512 1352 560 constituit
1371 512 1592 575 judicem
1615 518 1704 560 aut
1727 511 1803 560 di-

173 569 244 596 dicti
269 570 371 598 officio.

433 588 636 635 visorem
681 603 831 651 super
867 591 997 635 vos?
1080 588 1204 635 Item
1245 588 1372 648 (Joh.
1402 587 1483 634 xii.
1520 588 1638 649 47):
1688 587 1802 635 Non

432 664 539 710 veni
574 664 646 710 ad
669 662 1012 725 judicandum,
1037 662 1131 710 sed
1150 662 1222 710 ad
1241 662 1529 710 salvandum
1563 662 1799 710 mundum.

431 739 660 786 Attamen
685 738 733 786 in
758 739 886 786 hunc
911 738 1145 786 mundum
1181 738 1314 785 venit
1352 737 1571 785 Christus
1597 746 1652 785 ut
1691 753 1800 801 reg-

430 822 569 862 naret
604 822 653 861 et
689 813 947 877 judicaret,
986 813 1071 861 sed
1104 812 1339 860 mundum
1374 812 1608 860 futurum.
1678 813 1800 861 Cum

430 890 556 936 enim
599 898 725 937 esset
773 890 999 947 Messiah,
1042 889 1092 936 id
1129 898 1217 947 est,
1258 896 1433 936 unctus
1478 888 1716 946 sacerdos,
1751 896 1802 936 et

428 966 665 1028 propheta
688 966 777 1013 Dei
802 981 1068 1029 supremus,
1092 972 1381 1028 potestatem
1404 964 1583 1011 habere
1607 979 1800 1011 omnem

428 1042 684 1103 oportebat
724 1041 874 1100 illum,
913 1057 1057 1104 quam
1095 1040 1330 1088 habuerat
1367 1047 1451 1088 aut
1490 1040 1651 1087 Moses
1686 1056 1798 1103 pro-

426 1116 587 1178 pheta,
611 1123 694 1163 aut
730 1116 904 1163 summi
940 1116 1230 1175 sacerdotes,
1262 1124 1346 1163 aut
1380 1115 1462 1179 qui
1497 1115 1695 1163 summis
1727 1131 1800 1164 sa·

426 1191 699 1239 cerdotibus
723 1199 1057 1240 successerunt
1080 1208 1235 1255 reges.
1255 1200 1256 1203 ’
1286 1192 1410 1239 Item
1435 1206 1657 1254 expresse
1681 1190 1799 1239 dicit

427 1267 630 1315 Sanctus
644 1268 671 1315 J
676 1268 907 1327 ohannes,
923 1268 1046 1332 (cap.
1064 1284 1108 1315 v.
1127 1270 1228 1330 22):
1258 1267 1414 1315 Pater
1425 1266 1630 1330 judicat
1650 1267 1798 1314 nemi-

424 1359 543 1400 nem,
590 1343 684 1390 sed
704 1343 949 1405 judii-ium
983 1359 1118 1390 omne
1159 1342 1396 1390 commisit
1417 1342 1551 1405 filio,
1623 1341 1796 1405 Neque

423 1424 585 1465 tamen
625 1425 863 1481 repugnat
901 1419 994 1466 hoc
1030 1435 1141 1466 cum
1164 1426 1303 1467 textu
1328 1418 1428 1477 illo,
1453 1434 1546 1464 non
1577 1418 1687 1465 veni
1727 1418 1800 1466 ad

411 1492 738 1553 judicandum
772 1494 1007 1542 mundum.
1080 1495 1207 1542 Nam
1230 1501 1391 1542 textus
1419 1493 1499 1540 hic
1530 1492 1590 1540 de
1614 1493 1795 1543 mundo

422 1576 676 1631 praesente,
701 1570 823 1617 alter
847 1570 906 1617 de
933 1570 1116 1618 mundo
1149 1578 1353 1618 venturo
1390 1569 1636 1632 loquitur;
1671 1569 1795 1616 sieut

424 1643 569 1690 etiam
593 1651 753 1692 textus
776 1645 854 1692 ille
878 1645 1074 1706 (Matth.
1099 1646 1196 1693 xix.
1222 1648 1318 1706 28),
1342 1645 1426 1692 ubi
1464 1644 1684 1691 Christus
1721 1643 1793 1691 di-

424 1718 520 1765 cit:
567 1719 660 1765 Vos
691 1721 776 1782 qui
810 1721 1004 1784 sequuti
1032 1721 1154 1768 estis
1191 1737 1264 1768 me
1306 1721 1355 1767 in
1397 1719 1791 1783 regeneratione,

423 1808 526 1840 cum
549 1794 893 1857 sederitfllius
917 1795 1122 1843 hominis
1146 1795 1195 1843 in
1219 1796 1337 1843 sede
1360 1794 1639 1857 majestati-s·
1673 1810 1791 1853 suoe,

420 1867 656 1915 sedebitis
680 1876 729 1916 et
757 1886 839 1916 ros
862 1887 1013 1934 super
1036 1871 1181 1918 sedes
1205 1869 1475 1927 duodecim,
1504 1867 1792 1931 judicante-s·

422 1942 674 1991 duodecim
695 1945 852 1992 trihus
871 1945 1098 1994 Israeli&

487 2019 538 2066 Si
577 2019 795 2067 Christus
836 2037 966 2083 ergo,
1000 2021 1194 2085 quando
1234 2021 1284 2068 in
1321 2030 1452 2068 terra
1491 2019 1790 2079 versabatur,

419 2109 622 2157 regnum
658 2094 708 2141 in
741 2095 835 2143 hoc
869 2097 1048 2145 mundo
1090 2114 1189 2145 non
1229 2097 1457 2150 haberet;
1497 2111 1606 2159 quae
1647 2110 1792 2142 causa

419 2177 522 2216 erat
561 2169 770 2232 (rogabit
809 2170 997 2234 aliquis)
1042 2173 1279 2220 adventus
1324 2170 1506 2235 primi?
1574 2170 1789 2229 Venisse,

416 2244 699 2308 respondeo,
723 2253 780 2292 ut
803 2245 905 2292 Deo
930 2247 1060 2294 Patri
1095 2263 1182 2310 per
1213 2255 1409 2310 pactum
1441 2261 1621 2294 novum
1648 2245 1789 2292 resti-

416 2326 574 2367 tueret
589 2336 806 2383 regnum,
826 2322 955 2383 quod
978 2339 1006 2369 a
1023 2323 1202 2386 populo
1222 2323 1272 2370 in
1298 2322 1534 2370 electione
1560 2321 1692 2369 Sauli
1715 2336 1790 2368 re-

412 2395 596 2457 jectum
627 2394 800 2443 fuerat.
871 2397 1017 2444 Quod
1045 2406 1101 2445 ut
1132 2398 1329 2457 faceret,
1367 2397 1622 2461 oportebat
1652 2395 1788 2443 illum

417 2470 724 2519 manifestum
769 2469 928 2518 facere
962 2473 1271 2534 praedicando
1317 2481 1368 2520 et
1402 2471 1621 2520 docendo
1657 2470 1788 2534 quod

415 2544 516 2607 ipse
563 2537 765 2597 Messias
799 2553 903 2592 erat
937 2562 966 2592 a
998 2548 1245 2609 prophetis
1279 2549 1574 2611 promissus;
1613 2554 1664 2594 et
1696 2562 1786 2609 pro

414 2619 625 2681 peccatis
650 2619 899 2669 bominum
922 2620 1166 2669 victimam
1190 2638 1239 2670 se
1263 2624 1451 2680 offerre,
1477 2629 1526 2669 et
1549 2620 1787 2684 siquidem

414 2710 444 2740 a
465 2694 644 2756 populo
667 2695 695 2742 J
700 2693 842 2743 udaeo
864 2710 962 2742 non
986 2697 1296 2759 reciperetur,
1323 2713 1496 2745 vocare
1532 2696 1594 2744 ad
1617 2696 1784 2744 obedi-

416 2769 595 2816 entiam
621 2786 679 2818 ex
702 2770 927 2832 gentibus
968 2787 1133 2819 omnes
1166 2773 1248 2835 qui
1283 2773 1332 2820 in
1367 2789 1477 2820 eum
1513 2771 1780 2820 crederent.

416 2843 582 2906 Itaque
602 2845 747 2892 officii
769 2845 1035 2898 Servatoris
1059 2847 1227 2905 nostri,
1252 2846 1367 2895 dum
1392 2855 1609 2896 versatus
1634 2855 1708 2896 est
1731 2847 1781 2895 in
