1968 3236
552 235 622 268 nn
651 234 838 268 REGNo
865 235 1264 270 TENEBRARUM.
1500 228 1589 271 491

219 343 333 392 xvii.
358 342 443 402 21)
470 344 731 402 vacabant,
755 345 853 392 nisi
887 345 960 392 ad
997 345 1254 393 dicendum
1283 352 1373 394 aut
1395 346 1598 394 audien-
1630 367 1875 402 mmmm.

221 417 332 466 dum
365 417 564 482 aliquid
598 420 720 466 nori,
793 420 962 483 Itaque
998 421 1078 483 qui
1115 421 1205 468 sibi
1226 422 1518 470 videbantur
1547 424 1598 471 in
1650 423 1819 445 *q*-

218 492 522 557 philosophia
545 494 819 556 profecisse,
837 495 1010 542 docere
1034 496 1152 543 alios
1176 505 1443 560 coeperunt,
1458 498 1597 547 Plato
1649 470 1832 563 ffiiffli&

218 569 271 617 in
294 568 586 626 AeaclemIct,
623 570 911 617 Aristoteles
946 570 995 616 in
1030 570 1212 633 Lyce0,
1237 571 1319 619 alii
1355 572 1405 619 in
1440 572 1598 629 Stoa;
1648 555 1840 595 ⁹¹¹³¹⁰⁸⁰⁹h¹⁸

220 660 330 708 quae
376 645 484 692 loca
532 645 726 703 sclmloe,
778 654 828 693 et
874 645 1226 708 disputationes
1274 663 1442 695 eorum
1490 648 1600 696 dia—

220 720 368 768 triboe
391 721 774 784 appellabantur.
834 721 931 784 Ipsi
955 730 1118 768 autem
1141 738 1309 770 eorum
1334 731 1600 771 sectatores

217 796 497 845 nominibus
534 797 632 843 suis
670 797 1107 859 distinguebantur.
1177 798 1304 845 Nam
1329 799 1412 862 qui
1437 798 1598 846 Plato-

218 886 331 919 nem
369 871 562 933 sequuti
603 879 731 929 sunt,
768 871 1060 918 Academici
1078 889 1097 926 ;
1143 873 1226 934 qui
1269 873 1597 931 Aristotelem,

221 946 554 1011 Peripatetici
573 965 590 1001 ;
626 955 676 994 et
699 947 782 1009 qui
805 947 1065 1004 Zenonem,
1090 945 1250 994 Stoici
1271 947 1431 996 vocati
1455 955 1596 1003 sunt;

219 1037 330 1084 quae
362 1021 628 1080 distinctio,
652 1038 751 1069 una
779 1038 890 1068 cum
927 1020 1212 1069 differentiis
1250 1021 1597 1082 doctrinarum,

218 1097 484 1161 permansit
517 1113 669 1159 usque
707 1097 770 1144 ad
804 1106 1026 1160 tempora
1040 1097 1329 1164 §ervatoris
1355 1098 1525 1156 nostri,
1550 1105 1600 1146 et

218 1188 307 1236 per
340 1180 495 1220 totam
530 1173 775 1235 Europam
809 1181 859 1219 et
883 1172 1050 1219 Asiam
1084 1172 1185 1220 fere
1220 1174 1416 1236 cognita
1451 1174 1599 1221 etiam

219 1248 413 1296 illorum
437 1256 710 1311 temporum
732 1247 1044 1310 philosophos
1068 1247 1196 1295 inter
1219 1264 1269 1295 se
1290 1249 1525 1296 distinxit.

285 1323 445 1371 Etiam
485 1323 537 1370 in
572 1322 744 1370 Judaea
780 1322 958 1370 scholae
996 1331 1136 1370 erant
1172 1324 1392 1386 publicae,
1424 1323 1510 1371 sed
1548 1324 1600 1372 in

219 1398 496 1463 synagogis,
529 1398 611 1444 ubi
643 1398 774 1460 leges
803 1397 1086 1445 Judaeorum
1119 1399 1311 1460 publice
1346 1399 1599 1462 explicatae

219 1481 271 1521 et
301 1473 558 1536 disputatae
593 1481 763 1527 erant;
799 1479 855 1520 ut
894 1473 1073 1520 scholae
1097 1474 1472 1534 Libertinorum,
1508 1475 1601 1539 Cy-

218 1564 507 1606 renaeorum‚
532 1548 987 1606 Alexandrinorum,
1012 1556 1063 1595 et
1082 1548 1301 1597 Cilicum.

286 1624 419 1673 Quid
457 1632 620 1672 autem
654 1625 866 1672 humano
902 1624 1071 1687 generi
1111 1624 1290 1672 scholae
1318 1625 1600 1673 Graecorum

217 1698 478 1764 profuere?
549 1699 685 1747 Plato
724 1698 920 1762 quidem
948 1699 1053 1763 ipse
1075 1699 1388 1763 philosophus
1413 1708 1462 1747 et
1484 1715 1601 1763 geo-

217 1782 376 1824 metra
415 1774 618 1836 insignis
659 1783 796 1828 erat;
832 1774 919 1822 sed
950 1774 1071 1822 nulli
1105 1774 1156 1822 id
1197 1774 1365 1823 debuit
1405 1775 1598 1823 scholae.

220 1849 502 1908 Commoda,
527 1866 636 1913 quae
667 1866 697 1897 a
730 1850 932 1914 physica
971 1858 1020 1897 et
1060 1851 1330 1913 geometria
1368 1851 1600 1898 habemus

218 1925 380 1983 hodie,
406 1924 684 1973 Archimedi
719 1925 964 1983 debemus,
989 1925 1174 1972 homini
1205 1925 1382 1974 scholae
1405 1926 1597 1973 nullius.

221 2001 401 2050 Schola
418 2000 756 2063 Peripatetico„
777 2016 885 2063 quae
905 2008 1107 2047 caeteras
1131 2016 1298 2047 omnes
1322 2017 1409 2047 sua
1432 2001 1600 2063 loqua-

220 2076 370 2124 citate
402 2075 521 2122 fecit
557 2075 903 2133 conticescere,
936 2074 1054 2138 quid
1086 2075 1234 2123 habet
1274 2083 1452 2138 praeter
1493 2075 1597 2122 dia-

219 2151 407 2199 lectieae
430 2158 481 2198 et
503 2150 758 2198 rhetoricae
782 2151 999 2215 argutias
1019 2150 1035 2197 ?
1106 2150 1254 2213 Cujus
1288 2151 1599 2213 phaenomeni

218 2226 456 2275 naturalis
494 2242 706 2284 causam,
743 2242 842 2274 non
873 2226 1097 2274 omnibus
1142 2226 1348 2283 obviam,
1385 2225 1599 2273 reddidit

219 2302 576 2365 intelligibilem
598 2301 614 2348 ἒ
685 2301 797 2360 Sed,
823 2302 914 2350 etsi
938 2301 1134 2350 inutiles
1158 2301 1350 2358 scholae,
1375 2300 1599 2349 innocuae

219 2385 385 2426 tamen
408 2377 644 2425 hactenus
674 2376 887 2424 fuerunt.
958 2376 1278 2439 Philosophia,
1302 2376 1447 2423 sectis
1470 2376 1601 2423 inter

220 2468 271 2501 se
306 2468 459 2516 usque
494 2452 559 2500 ad
587 2468 800 2515 pugnam
825 2451 1239 2508 dissentientibus,
1263 2450 1413 2498 libera
1436 2459 1599 2498 tamen

220 2528 455 2576 hactenus
492 2538 611 2576 erat.
678 2528 852 2576 Jurare
891 2527 942 2574 in
966 2527 1113 2574 verba
1145 2526 1421 2573 Aristotelis
1455 2542 1600 2574 nemo

222 2603 503 2666 cogebatur,
528 2618 806 2666 quanquam
834 2603 962 2650 illius
986 2602 1214 2664 dogmata
1235 2600 1380 2648 latius
1404 2608 1602 2665 recepta

223 2684 363 2725 erant
386 2693 530 2741 quam
554 2686 795 2725 sectarum
818 2678 1128 2741 reliquarum.

289 2752 462 2815 Neque
484 2751 668 2800 Judaeis
705 2752 928 2815 profuere
964 2751 1143 2799 scholae
1167 2766 1299 2806 suae;
1334 2751 1383 2798 in
1409 2750 1600 2814 quibus,

223 2827 313 2876 etsi
331 2828 408 2876 lex
425 2838 475 2876 et
492 2827 745 2891 prophetae
767 2827 957 2876 assidue
979 2834 1354 2890 exponerentur,
1370 2826 1599 2875 Messium
