1968 3236
530 268 814 302 APPEme
842 268 914 301 Ao
943 268 1280 302 Luvu'rnAN.
1493 259 1595 301 513

211 377 426 436 nomina,
462 378 591 426 inter
621 395 729 442 quae
772 379 1111 442 interponitur,
1146 394 1250 426 esse
1288 378 1487 426 nomina
1521 378 1593 426 di-

211 467 462 501 versarum
498 469 676 512 rerum,
702 454 772 501 ita
807 454 1089 517 conjunctio
1124 461 1199 501 est
1224 453 1469 517 significat
1506 470 1596 503 no-

210 527 360 586 mina,
408 528 536 576 inter
582 546 691 593 quae
738 530 1080 593 interponitur,
1129 546 1235 578 esse
1281 529 1479 578 nomina
1525 531 1595 578 rei

211 602 446 667 ejusdem.
518 604 689 668 Itaque
713 620 770 652 ea
793 605 1005 663 nomina,
1030 621 1140 669 quae
1163 622 1193 653 a
1216 604 1390 669 copula
1412 612 1489 653 est
1513 605 1596 654 de-

210 678 448 737 rivantur,
468 688 523 727 ut
546 681 780 738 essentia,
817 681 1018 739 entitas,
1043 697 1166 739 esse,
1193 680 1392 728 Hebraei
1415 680 1597 730 habere

211 769 312 803 non
357 764 639 818 potuerunt,
685 772 775 803 nec
821 755 915 803 illis
961 756 1316 819 aequivalentia.
1423 757 1597 805 Latine

212 828 408 888 dicitur,
425 836 567 877 terra
583 837 697 877 erat
721 847 876 878 vacua
894 849 912 885 ;
939 831 1198 889 Hebraice,
1216 837 1359 879 terra
1378 832 1597 879 existens

210 920 385 963 vacua,
410 906 493 953 ubi
517 906 577 953 ab
602 906 798 953 homine
824 907 998 954 Latino
1018 923 1116 955 non
1153 907 1444 955 audiebatur
1466 915 1595 966 erat,

212 979 300 1028 sed
326 982 484 1041 (erat)
513 981 714 1045 aliquid
732 982 966 1030 existens.

278 1055 344 1103 A.
382 1056 516 1105 Quid
539 1056 836 1104 eredendum
869 1064 944 1105 est
971 1074 1059 1121 per
1092 1074 1263 1106 vocem
1285 1058 1427 1116 hane,
1454 1074 1598 1106 crea-

212 1136 294 1178 tor
309 1133 339 1178 ἓ
408 1132 549 1179 Anne
573 1131 809 1180 mundum
832 1132 961 1181 hunc
979 1150 1009 1181 a
1031 1122 1182 1182 ffi'nilo
1205 1133 1390 1182 factum
1415 1149 1520 1182 esse
1546 1133 1563 1180 ἓ

279 1205 344 1254 Β.
382 1207 527 1255 Certe
551 1224 611 1255 ex
635 1208 787 1256 nihilo
810 1229 822 1263 ;
859 1224 957 1256 non
981 1218 1038 1256 ut
1063 1209 1367 1267 Aristoteles,
1403 1211 1475 1256 ex'
1497 1225 1599 1256 ma-

211 1281 337 1329 teria
359 1283 716 1345 praeexistente.
785 1283 1024 1347 Expresse
1060 1284 1190 1332 enim
1226 1284 1412 1332 dictum
1449 1292 1524 1332 est
1547 1285 1598 1332 in

213 1356 480 1420 Scripturis
506 1358 681 1414 Sacris,
700 1358 863 1406 omnia
877 1358 1009 1407 facta
1026 1375 1130 1408 esse
1148 1375 1208 1407 ex
1231 1359 1399 1407 nihilo.
1436 1360 1598 1407 Etiam

211 1431 519 1492 Aristoteles,
544 1434 628 1497 qui
660 1433 896 1481 mundum
920 1434 1041 1483 dicit
1064 1450 1169 1483 esse
1205 1442 1458 1494 aeternum,
1484 1435 1599 1483 sibi-

211 1515 315 1555 met
335 1507 427 1571 ipsi
451 1509 759 1557 contradicit.
796 1509 1006 1558 Materia
1027 1510 1158 1558 enim
1175 1526 1274 1558 non
1290 1509 1485 1566 dicitur,
1504 1510 1598 1557 nisi

212 1581 274 1630 de
297 1598 395 1646 qua
426 1583 610 1647 aliquid
643 1584 828 1632 factum
864 1593 950 1632 est.
1025 1585 1308 1649 Symbolum
1349 1601 1466 1647 ergo
1503 1585 1598 1633 hoc

213 1655 348 1717 dicit,
364 1658 523 1706 Deum
542 1659 782 1707 factorem
800 1675 905 1707 esse
923 1659 1140 1707 omnium
1158 1675 1319 1707 rerum
1340 1675 1401 1707 ex
1414 1660 1567 1708 nihilo
1584 1682 1597 1715 ;

212 1741 280 1792 et,
304 1734 438 1798 quod
462 1736 696 1798 sequitur,
720 1751 809 1783 sua
831 1735 879 1782 vi
914 1735 1062 1783 habet
1094 1742 1149 1783 ut
1183 1735 1376 1793 existat,
1412 1750 1513 1782 non
1536 1735 1598 1782 ab

212 1808 343 1865 alim
378 1819 430 1858 et
462 1810 670 1874 proinde
694 1810 843 1858 etiam
867 1810 1033 1858 existit
1061 1810 1123 1857 ab
1147 1818 1364 1864 aeterno;
1401 1818 1451 1857 et
1485 1810 1601 1873 quia

211 1898 314 1933 non
329 1884 426 1933 fuit
449 1886 532 1949 qui
557 1886 663 1934 Deo
683 1886 821 1934 dedit
839 1894 895 1934 ut
914 1885 1162 1944 existeret,
1180 1885 1303 1933 nihil
1335 1885 1482 1933 etiam
1505 1885 1599 1933 erit

214 1959 348 2023 quod
369 1960 530 2024 ipsum
551 1962 700 2010 faciet
722 1978 823 2010 non
843 1961 1068 2009 existere.
1136 1961 1226 2008 Est
1245 1976 1363 2024 ergo
1382 1960 1513 2008 Deus
1536 1960 1598 2007 ab

213 2041 398 2083 aeterno
417 2045 468 2083 et
491 2036 543 2084 in
566 2045 821 2085 aeternum.
893 2037 1018 2086 Quae
1032 2052 1148 2084 vero
1166 2044 1332 2084 creata
1354 2044 1484 2093 sunt,
1498 2051 1598 2083 non

214 2117 332 2158 sunt
369 2110 432 2158 ab
470 2118 672 2170 aeterno,
696 2112 810 2175 quia
832 2119 1031 2167 creata;
1078 2111 1129 2158 in
1162 2119 1402 2159 aeternum
1434 2122 1598 2158 autem

214 2190 374 2243 erunt,
409 2200 507 2248 qua
541 2185 700 2234 forma
733 2195 785 2234 et
821 2187 982 2250 specie
1011 2186 1115 2234 vult
1152 2186 1312 2240 Deus;
1348 2201 1463 2233 nam
1504 2200 1600 2231 coe-

212 2258 316 2307 lum
352 2267 404 2306 et
434 2267 566 2308 terra
593 2261 974 2320 renovabuntur,
999 2269 1050 2310 et
1080 2277 1358 2324 quanquam
1391 2259 1600 2307 mundus

215 2334 550 2398 conflagrabit,
573 2351 673 2383 non
695 2343 861 2384 tamen
890 2337 1255 2394 annihilabitur,
1291 2335 1377 2383 sed
1410 2351 1599 2398 perma-

214 2409 403 2457 nebunt
416 2410 549 2458 entia
566 2411 728 2459 realia.
787 2411 918 2460 Deus
941 2420 1104 2460 autem
1129 2411 1212 2474 qui
1236 2425 1392 2473 neque
1415 2410 1478 2457 ab
1502 2409 1599 2457 alio

214 2499 373 2547 neque
413 2501 444 2533 a
483 2501 535 2533 se
573 2485 734 2534 factus
780 2495 868 2546 est,
903 2503 1001 2535 non
1035 2494 1196 2551 potest
1229 2485 1408 2533 mutari
1443 2500 1600 2547 neque

214 2560 633 2623 metamorphosin
655 2561 776 2624 pati,
794 2577 952 2625 neque
975 2579 1006 2610 a
1028 2578 1079 2609 se
1104 2576 1264 2623 neque
1288 2561 1348 2607 ab
1364 2560 1488 2614 alio;
1514 2558 1600 2607 sed

215 2642 292 2681 est
315 2634 646 2693 immutabilis,
670 2643 720 2683 et
754 2636 880 2697 (sine
898 2636 1136 2684 mixtione
1160 2635 1243 2682 illa
1267 2634 1596 2694 Aristoteliea)

216 2709 612 2773 simplicissimus
682 2710 807 2759 Quae
829 2711 993 2759 omnia
1011 2711 1263 2766 attributa,
1280 2709 1498 2772 simplex,
1514 2709 1602 2756 im-

216 2784 477 2843 mutabiliS,
493 2793 721 2844 aeternuS,
738 2786 865 2834 sicut
879 2802 940 2835 ex
957 2786 1116 2834 verbis
1131 2784 1336 2848 symboli
1352 2783 1600 2831 deducun-

355 2874 479 2908 vox„
499 2874 585 2909 ιιι.
1388 2873 1420 2907 1.
1438 2874 1467 2907 ι.
