1968 3236
663 258 734 293 DE
761 257 1036 293 cnvrrAm.
1457 247 1547 291 155

163 369 418 419 manifeste
442 369 700 418 debiliores
724 379 836 418 sunt
862 387 1006 434 quam
1030 378 1088 419 ut
1106 370 1233 418 tueri
1273 383 1325 417 se
1359 368 1548 432 possint

161 445 302 505 uniti,
325 445 656 509 unusquisque
685 462 869 505 eorum,
894 446 1110 510 periculo
1147 445 1446 503 imminente,
1483 443 1547 492 ad

161 521 277 571 vitae
298 537 399 570 suae
422 521 840 570 conservationem
873 522 974 570 sive
1015 521 1133 585 fuga
1167 521 1268 570 sive
1298 520 1546 569 deditione

161 603 325 662 potest
360 610 450 660 pro
490 611 578 643 suo
618 597 820 645 arbitrio
850 598 961 660 jure
991 597 1063 644 uti
1085 618 1097 651 ;
1134 595 1545 660 quemadmodum

160 671 347 721 faciunt
370 671 550 720 milites
573 688 753 735 magno
779 673 998 720 exercitu
1030 671 1364 730 circumventi,
1388 671 1430 719 si
1451 670 1546 734 ipsi

161 747 306 812 pauci
328 747 442 805 sint,
460 763 597 795 arma
620 747 880 811 deponere,
903 748 1056 795 vitam
1075 755 1257 811 petere,
1275 747 1353 795 vel
1374 746 1545 810 fugere

159 823 325 887 potius
344 822 505 871 solent
519 838 666 886 quam
680 823 742 870 ab
766 823 984 870 hostibus
1008 822 1182 870 occidi.
1252 822 1416 885 Atque
1437 822 1545 870 haec

160 897 223 946 de
238 898 431 962 juribus
449 914 634 954 eorum,
655 898 739 961 qni
763 914 1001 946 summam
1020 899 1203 946 habent
1233 905 1544 962 potestatem,

159 973 403 1022 sufficiant
420 989 480 1021 ex
503 973 574 1020 rei
592 982 770 1021 natura
784 973 1008 1021 deducta.

218 1049 483 1097 Videamus
493 1050 595 1112 jam
612 1048 672 1096 de
688 1049 859 1096 eadem
873 1064 926 1096 re
945 1048 1062 1112 quid
1077 1048 1258 1097 docent
1277 1049 1545 1113 Scripturae

161 1125 342 1174 Sacrae.
401 1124 480 1172 Ad
503 1125 694 1172 Mosem
712 1125 920 1188 populus
939 1124 1235 1172 Israeliticus
1263 1124 1439 1185 (Exod.
1463 1141 1543 1173 xx.

167 1202 269 1263 19),
292 1201 362 1248 sic
390 1200 638 1263 loquitur:
676 1199 906 1264 Loquere
933 1206 987 1247 tu
1015 1199 1275 1259 nobiseum,
1299 1207 1350 1247 et
1373 1201 1548 1249 audie-

159 1292 266 1324 mus
280 1294 300 1331 ,·
323 1274 419 1323 sed
431 1274 679 1323 nobiscum
694 1291 756 1322 ne
769 1274 1005 1339 loquatur
1019 1275 1173 1333 Deus,
1188 1292 1248 1323 ne
1262 1276 1545 1325 moriamur.

159 1350 443 1400 Debebatur
465 1365 583 1413 ergo
598 1350 726 1398 Mosi
741 1366 772 1398 a
787 1350 969 1414 populo
987 1351 1253 1399 Israelitico
1266 1352 1549 1415 plenissima

159 1435 212 1476 et
239 1426 465 1475 absoluta
486 1426 779 1474 obedientia.
848 1426 923 1474 De
949 1427 1060 1490 jure
1083 1443 1254 1490 regum
1291 1428 1421 1476 Deus
1444 1429 1547 1492 ipse

163 1504 210 1564 (1
233 1502 364 1551 Sam.
384 1501 482 1549 viii.
514 1502 746 1563 11—17),
788 1517 877 1565 per
915 1502 1191 1551 Samuelem
1225 1503 1345 1551 dicit
1366 1523 1377 1551 :
1414 1504 1547 1552 Hcec

158 1577 260 1627 erit
281 1577 417 1625 ratio
441 1576 556 1640 ipsa
571 1576 715 1641 regis
736 1577 824 1641 qai
840 1576 1080 1641 regnabit
1102 1593 1256 1642 saper
1278 1579 1545 1642 confines

159 1660 352 1702 vestros
374 1651 609 1716 accipiet,
634 1658 689 1699 ut
710 1651 807 1699 sibi
826 1652 1064 1717 disponat
1104 1653 1155 1701 in
1178 1654 1410 1702 curribus
1439 1656 1547 1703 suis

160 1735 212 1777 et
249 1728 303 1777 in
341 1726 589 1792 equitibus
621 1727 744 1786 suis,
768 1734 819 1775 et
856 1734 912 1775 ut
945 1736 1155 1777 currant
1194 1736 1313 1778 ante
1348 1746 1545 1779 currum

157 1820 296 1852 sum
312 1822 330 1858 ,-
377 1809 428 1851 et
467 1803 541 1851 ad
582 1803 940 1868 disponendum
985 1804 1084 1852 sibi
1128 1805 1448 1866 chiliarcho-3,
1495 1813 1545 1854 et

149 1879 426 1946 μήσεται·
442 1879 810 1944 quinquagenis
825 1899 845 1934 ‚·
878 1886 929 1927 et
942 1880 1017 1928 ad
1025 1881 1268 1929 arandum
1284 1898 1411 1930 arva
1433 1898 1543 1941 sua,

158 1962 210 2004 et
231 1954 306 2003 ad
330 1954 603 2003 metendam
635 1970 839 2002 messem
875 1972 1030 2014 suam,
1066 1963 1117 2004 et
1152 1956 1225 2004 ad
1240 1957 1543 2021 faciendum

159 2031 487 2080 instrumenta
522 2029 706 2078 bellica
739 2047 848 2088 sua,
873 2038 924 2078 et
958 2031 1283 2080 instrumenta
1312 2049 1542 2081 curruum

158 2121 383 2160 σκοπιῆς
404 2105 795 2167 siniiliterfilias
808 2113 1007 2154 vestras
1021 2108 1243 2172 accipiet
1259 2108 1309 2155 in
1324 2125 1542 2174 unguen-

159 2181 343 2240 tarius,
378 2180 428 2228 in
470 2196 671 2245 coquas,
709 2187 761 2228 et
797 2181 848 2229 in
876 2182 1125 2247 pistrices
1139 2201 1159 2238 ;
1194 2183 1345 2230 etiam
1384 2200 1544 2248 agros·

158 2262 367 2314 vestros,
385 2262 436 2304 et
449 2256 619 2304 vineas
639 2263 854 2316 vestras,
879 2273 942 2305 ac
957 2257 1142 2306 oliveta
1161 2265 1331 2306 vestra
1353 2258 1542 2323 optima

158 2331 395 2396 accipiet,
418 2338 470 2379 et
483 2331 627 2379 dabit
649 2332 811 2380 servis
826 2332 932 2380 suis
947 2350 967 2387 ‚·
989 2347 1257 2396 servosque
1270 2340 1475 2392 vestros,
1490 2341 1543 2382 et

158 2405 379 2456 ancillas
417 2413 629 2466 vestras,
665 2424 728 2455 αι·
755 2408 967 2470 juvenes
998 2408 1467 2472 praestantissimos,
1490 2415 1542 2456 et

158 2483 329 2533 asinos
341 2489 535 2531 vestros
548 2483 783 2549 accipiet,
792 2482 1145 2547 adhibebitque
1158 2483 1232 2530 ad
1241 2499 1365 2548 opus
1377 2498 1540 2531 suum.-

155 2574 350 2624 greges
372 2565 566 2607 vestros
599 2558 868 2607 decimabit
882 2577 902 2613 ;
935 2558 1146 2622 denique
1180 2574 1267 2605 vos
1304 2558 1453 2605 eritis
1491 2560 1552 2606 ei·

156 2633 304 2682 cervi.
373 2633 599 2682 Potentia
636 2634 742 2682 haec
778 2633 1003 2682 absoluta
1042 2641 1131 2690 est,
1172 2648 1362 2695 nempe,
1408 2634 1540 2680 cives

157 2724 322 2757 omes
339 2709 483 2774 regis
495 2709 631 2757 servi
643 2715 772 2757 sunt.
809 2709 1011 2766 Rursus,
1027 2708 1194 2756 audita
1207 2708 1395 2755 ratione
1410 2708 1540 2771 regis

157 2784 233 2832 sui
253 2784 462 2848 populus
491 2785 698 2832 assensit
736 2793 901 2832 tamen
941 2784 1109 2831 dicens
1132 2783 1265 2842 (vers
1294 2785 1539 2843 19—20);

158 2858 254 2907 sed
276 2874 369 2907 rex
384 2860 606 2924 praeerit
621 2860 777 2919 nobis,
802 2866 856 2907 ut
879 2859 1030 2906 simus
1059 2874 1148 2905 nos
1187 2873 1380 2922 quoque
1410 2858 1539 2906 sicut
