1910 3236
0 1979 22 2258 vssWQ-:q-Nm.
0 1842 13 1969 *W*

709 239 778 273 m:
806 239 1046 273 nonina.
1477 226 1559 269 121

255 346 345 395 Est
358 347 478 406 haec,
502 348 633 397 dicet
647 350 835 413 aliquiS,
855 351 1014 414 legum
1035 348 1328 398 naturalium
1346 346 1574 395 deductio
1622 370 1723 401 eff,
1740 369 1820 401 xv,

190 421 414 471 subtilior
445 440 589 487 quam
613 434 667 472 ut
691 426 895 489 intelligi
920 427 981 473 ab
1005 425 1229 473 omnibus
1251 422 1424 487 possit,
1450 438 1571 486 quo-

190 512 299 545 rum
323 499 533 547 maxima
550 516 663 563 pars
686 501 927 549 alimentis
943 501 1105 549 studet
1122 508 1208 547 aut
1222 498 1569 563 voluptatibus.

191 572 269 621 Ne
291 581 454 623 tamen
486 576 631 623 etiam
656 577 944 624 tardissimis
968 575 1292 624 excusationis
1325 574 1461 622 locus
1494 589 1572 621 re-

189 647 453 712 linquatur,
478 652 722 698 contraxit
746 667 827 699 eas
864 651 1117 714 Scriptura
1140 651 1290 698 Sacra
1323 649 1375 697 in
1405 664 1570 707 unam,

190 739 394 787 eamque
411 725 608 773 brevem
625 735 674 774 et
691 727 1013 790 perspicuam,
1029 725 1571 789 sententiam,quoecun-

189 815 286 864 qne
318 799 467 847 vultis
481 802 675 865 facere
710 801 843 849 vobis
878 801 1108 859 homines,
1146 800 1205 848 id
1215 800 1392 863 facite
1428 799 1533 847 illis
1552 817 1572 854 ;

190 882 241 922 et
261 875 553 939 philosophi,
577 877 715 941 quod
735 877 828 924 tibi
842 876 972 939 fieri
995 892 1086 923 non
1110 876 1200 933 vis,
1225 874 1380 922 alteri
1403 892 1463 923 ne
1478 875 1571 939 se-

190 950 336 998 ceris.
408 952 571 1000 Quare
606 953 669 1000 ad
703 961 857 1000 totam
892 952 1048 1015 legem
1083 950 1354 999 naturalem
1386 951 1572 1014 perdis-

190 1025 411 1082 cendam,
449 1027 545 1074 alia
582 1044 633 1074 re
671 1044 792 1091 opus
829 1043 929 1075 non
961 1034 1050 1085 est,
1084 1042 1230 1090 quam
1266 1034 1321 1073 ut
1357 1026 1573 1074 actiones

190 1100 372 1149 alienas
397 1118 506 1149 cum
532 1102 710 1151 nostris
733 1103 1049 1166 pensitantes,
1074 1102 1123 1149 in
1147 1101 1349 1149 alteram
1383 1101 1572 1150 lancem

190 1177 552 1236 transferamus,
577 1194 638 1225 ne
674 1179 923 1242 passiones
957 1178 1168 1241 propriae
1205 1177 1410 1240 ponderi
1444 1178 1572 1226 forte

192 1252 376 1316 aliquid
393 1253 687 1302 addiderint.

253 1328 412 1391 ‘Leges
435 1329 679 1377 naturales
702 1330 921 1392 obligant
945 1329 996 1376 in
1009 1328 1142 1392 foro
1175 1329 1383 1386 interm,
1408 1329 1458 1376 id
1481 1338 1571 1388 est,

191 1418 359 1451 earum
384 1405 721 1468 transgressio,
741 1421 839 1452 non
864 1404 1047 1452 crimen
1061 1404 1272 1467 proprie,
1291 1404 1377 1451 sed
1398 1404 1570 1452 vitium

191 1478 451 1527 dicendum
486 1489 575 1527 est.
646 1480 744 1528 Sed
778 1480 826 1528 in
850 1480 982 1545 foro
1017 1486 1223 1527 eoeterno
1258 1495 1357 1527 non
1381 1496 1572 1543 semper

190 1553 425 1618 obligant.
484 1555 611 1603 Nam
630 1556 713 1620 qui
737 1556 842 1604 illas
866 1556 1145 1604 observaret
1168 1563 1301 1614 tunc,
1325 1556 1518 1619 quando
1541 1573 1572 1603 a

194 1630 384 1678 caeteris
406 1639 802 1690 contemnuntur,
827 1632 1018 1679 caeteris
1041 1630 1209 1695 praeda
1231 1640 1373 1689 esset,
1398 1638 1571 1679 contra

190 1705 562 1754 fundamentum
596 1707 814 1754 omnium
848 1707 1011 1771 legum
1046 1706 1358 1765 naturalium,
1394 1723 1570 1770 nempe

191 1790 379 1830 naturae
395 1783 845 1831 ‘conservationem.
915 1784 1162 1842 Attamen,
1187 1783 1383 1846 quando
1406 1782 1467 1830 de
1490 1799 1571 1831 ea-

191 1857 396 1905 rundem
420 1858 756 1906 observatione
780 1875 810 1906 a
833 1859 1022 1907 caeteris
1046 1866 1244 1907 cautum
1264 1866 1352 1916 est,
1370 1866 1488 1907 tunc
1511 1859 1568 1917 is,

192 1932 278 1996 qui
301 1948 381 1981 eas
404 1949 502 1981 non
527 1934 766 1993 observat,
788 1934 984 1993 bellum,
999 1950 1099 1982 non
1115 1950 1288 1997 pacem
1311 1935 1500 1997 quaerit.

261 2009 440 2072 Legem
464 2025 673 2068 omnem,
697 2010 749 2057 in
770 2009 877 2058 foro
900 2010 1096 2058 interno
1130 2009 1442 2073 obligantem,
1467 2010 1568 2058 fac-

193 2091 301 2132 tum
322 2084 473 2132 violat
506 2101 606 2133 non
640 2085 787 2133 modo
821 2085 918 2148 legi
952 2085 1266 2144 contrarium,
1301 2085 1388 2133 sed
1420 2086 1568 2133 etiam

191 2175 478 2224 congruum,
494 2161 534 2208 si
557 2161 854 2209 contrarium
872 2168 1010 2224 putet
1033 2161 1074 2209 is
1097 2161 1181 2225 qui
1197 2161 1329 2209 facit.
1399 2161 1568 2210 Quan-

194 2251 340 2299 quam
374 2236 503 2284 enim
537 2237 665 2285 actio
699 2237 803 2301 ipsa
824 2236 971 2285 fuerit
993 2237 1259 2285 secundum
1289 2237 1461 2300 legem,
1486 2254 1570 2285 vo-

193 2311 354 2360 luntas
377 2321 550 2360 contra
573 2320 693 2360 erat.
763 2314 891 2361 Nam
914 2313 965 2361 in
982 2313 1090 2362 foro
1104 2314 1297 2362 interno
1316 2313 1446 2361 solus
1464 2313 1568 2360 ani-

194 2402 306 2435 mus
327 2403 439 2435 reus
462 2388 532 2435 fit.

258 2462 454 2511 Eaedem
499 2462 647 2527 lege8‚
684 2464 799 2526 quia
834 2464 898 2512 ad
935 2464 1058 2512 velle
1098 2472 1290 2512 tantum
1331 2463 1568 2527 obligant,

192 2537 333 2595 velle,
352 2537 566 2600 inquam,
594 2546 875 2586 constanter
907 2546 957 2587 et
990 2539 1193 2597 sincere,
1216 2537 1382 2585 faciles
1404 2538 1569 2585 obser-

192 2620 311 2661 vatu
332 2621 478 2668 sunt;
512 2613 642 2661 solus
666 2622 872 2662 conatus
894 2613 1085 2662 sufficit.
1155 2613 1254 2662 Qui
1277 2613 1382 2660 illas
1405 2612 1569 2660 obser-

195 2703 309 2735 vare
327 2696 562 2750 quantum
584 2697 745 2751 potest
769 2697 972 2737 conatus
996 2697 1084 2746 est,
1104 2687 1380 2736 observavit
1398 2694 1447 2735 et
1465 2688 1570 2750 jus-

194 2770 274 2811 tus
292 2772 382 2810 est.

262 2838 445 2901 Legum
480 2839 774 2888 naturalium
807 2839 1011 2887 scientia
1046 2854 1159 2886 vera
1194 2845 1243 2885 et
1277 2837 1381 2886 sola
1403 2837 1567 2886 ethica

1631 426 1809 442 —a—q*

1629 463 1673 491 ne
1685 462 1799 498 legibus

1628 511 1740 534 mum
1754 505 1827 534 alii·-
