1968 3236
155 397 180 427 C
186 397 210 428 Α
218 398 258 430 P.
279 398 310 429 X
316 397 339 429 1,
344 398 390 429 lv
395 420 406 431 .

203 453 384 471 ”qa—d

176 490 221 518 De
235 490 361 518 tenebris

174 533 374 570 spiritualibus

175 577 212 604 ab
225 576 393 614 interpreti»

174 619 253 647 tione
265 629 325 647 non
334 623 413 648 recta

175 662 400 700 scripturarum.

438 257 535 298 466
785 267 855 299 DE
884 266 1071 299 REGNo
1098 266 1507 301 TENEBRARUM,

440 375 620 423 habent
660 376 797 423 ultra
838 376 1105 423 mercedem
1130 395 1141 422 ε
1192 376 1244 423 id
1282 376 1415 438 quod
1453 377 1513 424 de
1549 377 1828 425 hominibus

439 452 660 509 mortuis,
702 459 815 499 ante
848 451 1257 499 resurrectionem
1299 468 1560 516 corporum
1607 468 1825 508 suorum,

440 528 751 575 manifestum
789 536 863 574 est
886 547 895 574 :
935 543 1103 574 verum
1127 528 1167 575 si
1191 528 1494 590 intelligatur
1532 527 1593 576 de
1634 528 1829 576 immor-

439 603 628 650 talitate
653 603 920 650 electorum
943 612 1056 666 post
1080 604 1209 650 diem
1222 603 1413 666 judicii,
1433 620 1603 651 verum
1621 620 1720 652 non
1737 611 1825 652 est.

505 679 663 725 Locus
687 678 824 737 alius,
850 679 933 741 qui
956 678 1151 726 videtur
1169 679 1330 726 facere
1349 695 1438 742 pro
1458 679 1827 728 immortalitate

437 754 612 802 animae
648 754 873 812 naturali,
898 754 979 801 ille
1004 761 1092 812 est,
1117 754 1202 801 ubi
1228 755 1458 802 Servator
1482 762 1647 802 noster
1670 754 1828 802 Abra-

436 830 649 888 hamum,
677 830 913 887 Isaacum,
940 837 990 877 et
1011 830 1250 878 Jacobum
1275 830 1439 877 vivere
1464 830 1688 878 affirmat.
1749 830 1828 878 Ad

437 905 567 967 quod
605 905 906 968 respondeo;
943 906 1108 953 vivere
1145 905 1358 969 quidem,
1383 922 1483 954 non
1507 914 1673 954 tamen
1697 914 1826 965 actu,

436 981 522 1028 sed
557 989 798 1044 quatenus
828 981 1150 1044 promissione
1189 981 1277 1028 Dei
1303 981 1418 1029 vitae
1442 989 1639 1029 aeternae
1664 989 1715 1028 et
1750 997 1826 1029 re-

435 1057 667 1119 surgendi
690 1058 812 1105 certi
837 1068 979 1112 sunt;
1016 1057 1069 1105 id
1100 1065 1189 1115 est,
1215 1056 1384 1120 scripti
1409 1064 1523 1104 sunt
1545 1057 1670 1105 libro
1694 1058 1824 1115 vitae,

433 1132 699 1196 vivuntque
735 1149 793 1180 eo
836 1148 980 1180 sensu
1006 1149 1102 1195 quo
1133 1132 1350 1180 Adamus
1383 1148 1441 1180 eo
1484 1131 1563 1180 die
1603 1140 1824 1181 mortuus

434 1215 552 1266 erat,
579 1224 674 1270 quo
700 1207 760 1255 de
785 1207 949 1255 fructu
973 1208 1129 1255 vetito
1154 1207 1387 1270 gustavit.
1458 1207 1503 1254 A
1527 1207 1821 1271 quibusdam

434 1283 582 1330 etiam
605 1300 694 1346 pro
732 1283 1100 1331 immortalitate
1123 1283 1299 1331 animae
1330 1282 1592 1330 adducitur
1615 1283 1667 1330 id
1690 1283 1822 1346 quod

434 1359 483 1406 in
510 1360 651 1408 Novo
675 1360 989 1407 Testamento
1014 1368 1244 1407 narratur
1263 1359 1324 1407 de
1349 1359 1512 1406 Divite
1532 1366 1582 1407 et
1606 1359 1822 1416 Lazaro;

433 1435 518 1482 sed
548 1436 764 1483 narratio
799 1436 896 1494 illa,
922 1435 1037 1498 quia
1075 1435 1310 1498 parabola
1345 1442 1435 1493 est,
1471 1434 1593 1482 nihil
1630 1435 1823 1498 probat.

433 1511 674 1558 Praeterea
697 1510 841 1568 addo,
867 1511 999 1574 quod
1021 1526 1182 1574 neque
1207 1511 1258 1558 in
1283 1510 1537 1574 Scriptura
1552 1510 1717 1569 Sacra,
1737 1526 1823 1558 ne-

433 1601 526 1647 que
549 1586 600 1632 in
626 1586 847 1649 Liturgia
877 1594 1062 1643 nostra,
1099 1602 1193 1634 vox
1231 1586 1314 1633 illa
1337 1586 1502 1633 anima
1527 1585 1822 1634 immortalis

432 1661 630 1708 omnino
654 1661 917 1709 invenitur.

499 1736 625 1784 Sunt
656 1745 820 1785 autem
842 1737 1148 1785 Testamenti
1174 1736 1303 1784 Novi
1326 1735 1436 1783 loca
1459 1735 1684 1799 quaedam
1708 1735 1819 1795 alia,

431 1827 540 1874 quae
563 1812 793 1860 videntur
820 1812 1242 1860 immortalitatem
1265 1811 1535 1859 attribuere
1559 1811 1708 1860 etiam
1742 1827 1819 1860 re-

428 1888 609 1950 probis.
681 1888 942 1936 Manifeste
963 1887 1091 1935 enim
1117 1887 1311 1944 dicitur,
1334 1886 1467 1949 quod
1481 1895 1742 1950 resurgent
1755 1887 1819 1936 ad

422 1962 662 2025 judicium
686 1964 927 2021 ultimum,
953 1972 1103 2027 atque
1127 1963 1242 2011 inde
1266 1963 1408 2010 ibunt
1428 1963 1659 2027 inignem
1679 1970 1819 2011 aeter-

426 2054 551 2096 num,
577 2040 830 2087 cruciatu-s·
855 2047 1085 2096 antemos,
1116 2055 1300 2103 poenas
1325 2045 1560 2097 ceternas,
1588 2038 1817 2102 quodque

426 2113 476 2160 in
500 2114 594 2162 illis
612 2115 791 2163 vermis
810 2115 1127 2162 conscientioe
1147 2131 1392 2179 nunquam
1406 2114 1646 2162 morietur
1665 2134 1683 2170 ;
1707 2131 1817 2178 quae

426 2190 589 2238 omnia
628 2190 836 2254 intelligi
875 2190 1046 2238 volunt
1083 2190 1279 2253 plurimi
1306 2205 1394 2252 per
1430 2196 1664 2238 ceternam
1687 2206 1816 2238 mor-

426 2270 537 2312 tem.
575 2266 699 2313 Mihi
723 2282 838 2313 vero
858 2265 1002 2312 nimis
1028 2265 1205 2312 durum
1224 2265 1418 2312 videtur
1434 2264 1494 2313 de
1512 2265 1616 2314 Deo
1636 2265 1815 2326 dicere,

425 2341 506 2402 qui
531 2348 669 2403 pater
693 2348 768 2388 est
793 2340 1252 2399 misericordiarum,
1293 2341 1376 2403 qui
1399 2340 1518 2388 facit
1542 2340 1592 2388 in
1616 2341 1742 2389 coelo
1766 2350 1815 2390 et

423 2414 472 2461 in
496 2423 627 2463 terra
644 2415 878 2479 quicquid
901 2415 1023 2473 vult,
1050 2415 1101 2462 in
1125 2417 1263 2479 cujus
1283 2415 1507 2463 manibus
1527 2424 1642 2464 sunt
1665 2416 1815 2464 corda

421 2489 675 2539 hominum
699 2491 933 2549 omnium,
960 2491 1043 2554 qui
1066 2491 1117 2538 in
1140 2491 1418 2539 hominibus
1451 2498 1682 2554 operatur
1706 2500 1812 2539 tum

421 2565 580 2614 facere
603 2575 709 2614 tum
733 2566 872 2625 velle,
893 2574 942 2614 et
976 2567 1080 2613 sine
1117 2567 1256 2629 cujus
1296 2567 1458 2630 gratia
1493 2566 1646 2614 libera
1667 2582 1812 2615 nemo

422 2641 569 2689 habet
606 2658 764 2705 neque
788 2641 1158 2689 inclinationem
1182 2642 1245 2689 ad
1275 2642 1460 2689 bonum
1494 2657 1657 2704 neque
1694 2640 1814 2689 resi-

421 2716 710 2778 piscentiam
729 2733 760 2764 a
782 2716 927 2775 malo,
952 2716 1083 2778 quod
1117 2724 1323 2779 peccata
1344 2717 1600 2765 hominum
1622 2717 1813 2765 crucia-

421 2791 551 2839 tibus
586 2792 830 2847 extremis,
866 2791 1131 2855 majoribus
1167 2808 1313 2854 quam
1349 2792 1606 2855 quisquam
1637 2792 1810 2855 imagi-

421 2866 526 2912 nari
564 2875 740 2929 potest,
782 2875 833 2914 et
875 2867 978 2914 siue
1019 2867 1116 2914 fine
1164 2867 1413 2931 temporis,
1459 2868 1633 2931 punire
1673 2866 1808 2916 velit.
