1968 3236
188 380 483 436 missionem,
524 396 667 428 omne
706 381 982 428 censebitur
1016 396 1105 444 pro
1140 388 1362 444 tempore
1397 379 1865 435 delibe-CAamzvn,

189 455 362 511 randi3
399 456 513 519 quia
536 457 867 519 unusquisque
891 472 978 520 per
1011 456 1381 504 meditationem
1415 456 1578 519 legum
1619 457 1827 526 m

189 531 435 595 corrigere
454 531 622 579 debuit
639 532 917 594 passionum
937 547 1134 579 suarum
1153 531 1578 596 irregularitatem.
1615 541 1686 591 13⁰⁸ss
1694 550 1815 569 exem·-

259 606 355 654 Ubi
380 606 459 653 lex
473 606 665 669 publice
682 616 731 654 et
750 606 942 654 assidue
958 622 1123 654 coram
1138 607 1319 670 populo
1335 607 1515 670 legitur
1528 615 1581 655 et
1616 585 1851 656 ‘3¹12ssssss

191 682 476 746 explicatur,
493 683 694 741 crimen,
710 682 842 746 quod
861 683 916 730 fit
934 691 1108 730 contra
1124 683 1299 746 legem,
1315 683 1471 746 majus
1489 690 1581 741 est,

192 774 337 822 quam
364 757 448 805 ubi
472 758 654 821 absque
678 758 764 805 tali
789 758 1114 806 instructione
1147 758 1492 822 relinquuntur
1515 758 1585 806 ci-

190 849 292 892 voe,
307 849 419 882 cum
435 833 735 892 difficultate,
754 833 1115 892 incertitudine,
1135 842 1185 882 et
1208 827 1585 898 occupationum

189 910 498 974 propriarum
517 909 802 966 cessatione,
823 926 932 972 quae
951 910 1048 957 sint
1071 909 1204 972 leges
1226 910 1288 957 ab
1307 909 1585 957 hominibus

192 985 395 1049 privatis
419 986 686 1047 quaesituri.
757 986 872 1032 Pars
897 985 1027 1032 enim
1059 985 1276 1033 criminis
1309 985 1586 1034 infirmitati

193 1061 441 1108 communi
460 1061 721 1108 tribuenda
752 1071 841 1109 est.
912 1060 1010 1108 Sed
1034 1061 1084 1108 in
1107 1076 1223 1108 casu
1246 1061 1409 1124 priore
1433 1061 1587 1124 negli-

193 1136 362 1199 gentia
402 1137 661 1185 manifesta
695 1146 787 1195 est,
813 1153 922 1200 quae
954 1137 1057 1184 sine
1094 1152 1297 1184 summae
1330 1138 1588 1200 potestatis

31 1275 34 1278 Δ
194 1220 481 1275 contemptu
504 1212 666 1275 aliquo
690 1228 794 1260 esse
818 1228 918 1260 non
940 1220 1119 1275 potest.

0 1269 43 1351 l„
264 1287 413 1335 Facta
430 1295 601 1335 contra
618 1287 998 1350 legem,disertis
1012 1287 1172 1334 verbis
1190 1288 1359 1342 vetita,
1368 1288 1409 1335 si
1422 1296 1588 1335 tamen

28 1417 39 1439 ᾇ
196 1380 227 1412 a
247 1363 526 1427 legislatore
561 1364 830 1411 manifestis
865 1363 1018 1426 signis
1052 1363 1203 1411 tacite
1239 1365 1587 1427 approbentur,

23 1457 41 1498 g
197 1439 388 1487 minora
410 1448 525 1487 sunt
548 1439 768 1498 crimina,
787 1455 935 1503 quam
958 1439 999 1486 si
1016 1439 1284 1502 legislatori
1306 1436 1591 1487 viderentur

26 1518 50 1546 θ’
198 1514 470 1578 displicere.
541 1515 665 1562 Cum
703 1515 832 1562 enim
867 1514 1176 1578 legislatoris,
1211 1515 1263 1562 id
1297 1523 1387 1573 est,
1413 1515 1591 1563 summi

27 1563 64 1659 ξ’·
197 1590 499 1654 imperantis,
523 1590 749 1639 voluntas
782 1591 982 1655 cognita
1016 1591 1172 1639 instar
1193 1591 1314 1655 legis
1339 1591 1418 1650 sit,
1443 1607 1591 1654 quam

0 1670 2 1672 ’
31 1658 58 1690 ¹2³
197 1666 374 1730 saepius
397 1667 662 1714 observant
685 1667 817 1714 cives
854 1682 1001 1730 quam
1024 1666 1182 1730 legem
1208 1667 1470 1730 scriptam;
1505 1683 1592 1731 ap-

36 1731 53 1753 ὓ
196 1750 371 1805 parent
394 1741 445 1789 in
468 1741 563 1789 hoc
587 1757 704 1790 casu
723 1742 832 1790 duae
854 1742 987 1805 leges
1001 1743 1288 1798 contrariae;
1323 1743 1488 1806 itaque
1507 1742 1593 1806 qui

197 1817 356 1881 legem
380 1817 613 1880 scriptam
635 1817 836 1877 violant,
871 1817 1091 1865 totaliter
1114 1827 1480 1878 excusarentur,
1498 1818 1594 1866 nisi

199 1891 333 1956 quod
362 1892 589 1940 voluntas
626 1894 803 1941 summi
839 1893 1124 1957 imperantis
1163 1894 1308 1943 aliter
1348 1911 1496 1958 quam
1533 1910 1594 1942 ex

198 1968 359 2017 verbis
380 1968 503 2032 legis
521 1969 863 2033 cognoscenda
884 1986 985 2018 non
1008 1970 1088 2018 sit.
1159 1971 1406 2020 Quoniam
1428 1978 1595 2019 autem

198 2058 301 2092 non
322 2044 470 2092 modo
494 2045 932 2109 transgressionem
956 2045 1096 2109 legis,
1115 2045 1203 2094 sed
1226 2046 1375 2094 etiam
1398 2047 1594 2110 neglec-

201 2126 305 2172 tam
339 2119 469 2183 regis
507 2119 811 2168 voluntatem
857 2121 1171 2184 consequitur
1211 2138 1358 2184 poena
1398 2122 1561 2185 aliqua
1580 2143 1593 2177 ;

199 2193 398 2254 (favoris
415 2194 543 2242 enim
568 2194 691 2260 regii
710 2196 906 2258 jactura
927 2212 1074 2259 poena
1092 2196 1318 2260 quaedam
1342 2199 1464 2259 est);
1500 2197 1595 2244 cri-

201 2285 316 2318 men
334 2277 494 2318 totum
512 2270 814 2334 delinquenti
836 2272 1069 2336 imputari
1092 2272 1314 2336 iniquum
1338 2281 1427 2321 est.
1497 2273 1594 2320 Ex-

203 2345 351 2410 empli
374 2362 535 2405 causa,
559 2347 880 2410 singularium
912 2348 1093 2396 civium
1117 2348 1493 2412 digladiationes
1515 2348 1594 2395 lex

203 2421 386 2484 scripta
405 2421 633 2485 prohibet
657 2432 706 2470 et
730 2423 890 2486 capite
912 2424 1084 2487 punit;
1121 2433 1309 2480 contra,
1326 2424 1408 2487 qui
1427 2424 1595 2486 hujus-

203 2495 337 2544 modi
359 2504 606 2545 certamen
630 2497 708 2545 vel
732 2507 927 2546 recusat
943 2498 1022 2546 vel
1046 2498 1261 2547 declinat
1283 2506 1595 2562 provocatus,

204 2572 508 2635 contemptui
525 2572 750 2631 habetur,
768 2588 927 2637 neque
950 2574 1324 2622 existimationis
1347 2573 1596 2632 laesionem

203 2645 283 2695 lex
297 2645 396 2694 ulla
413 2646 597 2710 scripta
615 2657 830 2711 reparat;
855 2649 1003 2697 etiam
1017 2649 1280 2712 aliquando
1298 2650 1359 2696 ab
1375 2649 1496 2711 ipso,
1513 2649 1596 2712 qui

206 2736 441 2770 summam
474 2722 625 2770 habet
658 2732 972 2786 potestatem,
995 2739 1198 2771 munere
1229 2724 1363 2771 omni
1397 2724 1598 2772 militari

206 2794 435 2861 indignus
458 2798 780 2846 existimatur.
850 2800 1198 2857 Quamobrem,
1217 2800 1257 2847 si
1282 2799 1598 2847 existimatio-

208 2871 285 2919 nis
318 2888 466 2920 causa
495 2873 830 2935 provocationi
867 2874 1176 2937 respondeat,
1201 2874 1596 2938 quandoquidem

0 234 18 459 ᾗ
699 270 771 303 nn
798 270 1073 304 olvxrxrss.
1482 260 1579 303 219

0 817 8 859 b
