1968 3236
504 253 573 287 nn
600 252 854 287 clvl'rArr.
882 251 1233 287 cnnlsTuNA.
1457 243 1552 286 349

182 381 279 415 non
309 373 471 414 tamen
491 373 576 413 aut
593 365 760 413 Esdrae
781 372 864 413 aut
889 365 969 413 alii
988 365 1212 428 cuiquam
1227 364 1555 428 promiserunt

182 440 520 490 obedientiam.
589 439 793 498 Deinde,
813 457 912 488 non
938 440 1091 488 multo
1115 446 1227 503 post
1240 439 1418 487 subditi
1436 438 1553 487 facti

182 523 298 565 sunt
319 516 620 570 Graecorum3
647 531 676 563 a
694 531 900 579 quorum
920 514 1287 578 daemonologia,
1308 531 1418 562 cum
1442 513 1555 562 doc-

182 592 314 640 trina
347 590 687 639 cabalistarum
711 590 871 648 mista,
897 606 1065 638 eorum
1100 590 1269 653 religio
1302 589 1555 653 insigniter

183 675 415 731 corrupta
453 674 553 714 est:
602 666 685 722 ita,
724 675 779 714 ut
820 683 849 714 a
882 666 1165 714 confusione
1206 674 1310 714 tum
1354 665 1554 729 politiae,

181 751 288 792 tum
310 742 557 806 religionis
576 758 758 800 eorum,
778 742 839 789 de
863 750 1143 805 supremam
1162 742 1211 789 iu
1231 749 1438 804 utraque
1457 741 1556 789 col-

182 818 269 883 ligi
291 818 410 866 nihil
435 818 601 881 possit.
673 818 925 866 Quantum
954 833 1071 880 ergo
1095 817 1272 865 attinet
1294 816 1356 864 ad
1389 816 1558 863 Testa-

183 893 705 948 mentumVetus,nihil
723 892 923 956 impedit
942 892 1059 956 quin
1078 891 1437 950 concludamus,
1452 898 1557 939 tum

183 984 421 1018 summam
444 976 733 1032 potestatem
765 968 970 1025 civilem,
1003 976 1109 1015 tum
1143 974 1471 1030 suprematum
1506 967 1558 1014 in

183 1045 328 1093 rebus
346 1044 537 1101 divinis,
554 1059 743 1107 semper
758 1043 807 1090 in
825 1059 924 1091 una
942 1051 992 1091 et
1007 1043 1174 1091 eadem
1190 1058 1397 1106 persona
1410 1042 1556 1090 fuisse

182 1121 483 1184 conjunctos.
996 1148 1030 1194 '3

679 1370 897 1418 CAPUT
934 1371 1062 1418 XLI.

335 1485 396 1517 DE
421 1485 710 1517 SERVAToms
736 1486 904 1517 NOSTRI
930 1486 1179 1518 BENEDICTI
1206 1486 1407 1518 OFFICIO-

185 1562 400 1611 Orrrcn
411 1562 680 1610 Servatoris
698 1563 852 1610 nostri
869 1563 1135 1626 reperimus
1148 1563 1199 1611 in
1209 1563 1470 1626 Scripturis
1485 1579 1560 1611 sa-

185 1638 281 1687 eris
297 1646 395 1686 tres
422 1646 583 1702 partes
606 1659 617 1693 ;
642 1638 849 1701 primam
872 1637 1237 1704 Redemptor-is,
1254 1639 1354 1687 sive
1379 1638 1560 1686 Serva-

186 1713 314 1762 toris
328 1732 348 1769 ;
384 1713 646 1762 secundam
668 1714 917 1773 Pastoris,
943 1714 1042 1762 sive
1064 1714 1373 1773 Consiliarii,
1405 1713 1458 1761 id
1488 1720 1562 1760 est

185 1789 319 1838 missi
343 1789 446 1837 Deo
477 1789 540 1837 ad
575 1789 941 1837 conversionem
979 1789 1246 1837 electorum
1282 1789 1558 1852 prophetae:

184 1865 380 1914 tertiam
419 1865 593 1929 Regis,
618 1864 791 1912 oeterm'
819 1864 1007 1930 Regin
1044 1864 1130 1913 sed
1153 1865 1281 1912 sieut
1304 1864 1484 1921 Moses,
1510 1871 1560 1911 et

187 1940 488 2004 temporibus
519 1939 618 1988 suis
642 1939 817 1987 summi
852 1939 1144 1999 sacerdotes,
1168 1940 1257 1987 sub
1283 1940 1426 1987 Patre
1457 1954 1559 1987 suo.

187 2017 352 2080 Atque
374 2015 450 2064 his
471 2015 627 2063 tribus
650 2015 868 2078 partibus
890 2015 1185 2079 respondent
1207 2015 1303 2063 tria
1324 2023 1560 2078 tempora.

189 2091 318 2140 Nam
340 2091 391 2140 in
413 2091 571 2155 primo
597 2091 700 2154 ejus
724 2089 951 2150 adventu,
975 2106 1062 2154 per
1083 2091 1158 2139 sui
1188 2091 1337 2154 ipsius
1364 2097 1562 2154 propter

189 2173 391 2230 peccata
422 2173 590 2214 nostra
622 2165 919 2214 oblationem
952 2165 1003 2213 in
1038 2181 1182 2214 cruce
1208 2181 1297 2213 nos
1327 2165 1559 2213 redemit:

190 2241 556 2291 conversionem
590 2249 808 2289 nostram
842 2250 1070 2304 operatus
1106 2249 1194 2301 est,
1230 2241 1409 2304 partim
1443 2241 1561 2303 ipse,

189 2316 307 2365 dum
321 2325 426 2365 erat
450 2317 500 2365 in
520 2317 677 2374 terris,
696 2316 915 2365 docendo
936 2339 948 2373 ;
983 2317 1161 2380 partim
1186 2324 1415 2380 operatur
1433 2331 1563 2363 nunc

190 2407 344 2456 usque
365 2408 452 2455 per
474 2392 720 2440 ministros
744 2408 870 2440 suos.
941 2393 1055 2440 Post
1076 2392 1339 2440 adventum
1363 2391 1467 2454 ejus
1489 2405 1563 2438 se-

191 2467 407 2515 cundum
441 2467 666 2530 regnabit
710 2482 853 2531 super
898 2467 1077 2516 electos
1110 2482 1239 2525 suos,
1275 2474 1325 2514 et
1357 2481 1562 2528 regnum

193 2542 297 2605 ejus
319 2541 514 2589 durabit
535 2542 586 2590 in
609 2549 861 2590 aeternum.

261 2615 341 2663 Ad
375 2615 585 2677 qfficium
624 2616 958 2680 redemptoris,
995 2616 1046 2664 id
1080 2626 1169 2675 est,
1205 2616 1347 2674 illius,
1372 2615 1454 2678 qui
1487 2630 1563 2662 re-

195 2689 488 2753 demptionis
532 2690 741 2753 pretium
785 2690 944 2750 solvit,
989 2691 1241 2754 pertinuit,
1276 2698 1331 2737 ut
1370 2689 1565 2738 victima

195 2765 352 2823 fieret,
389 2771 439 2812 et
483 2763 764 2827 iniquitates
807 2774 1000 2814 nostras
1045 2766 1195 2814 ferret
1239 2764 1563 2828 auferretque.

197 2838 346 2889 Quod
367 2846 530 2887 tamen
548 2839 619 2888 ita
640 2840 1005 2904 intelligendum
1028 2849 1118 2898 est,
1142 2857 1240 2889 non
1262 2847 1318 2887 ut
1339 2855 1428 2903 pro
1451 2855 1562 2903 pee-

1608 384 1708 416 CAP.
1725 384 1801 416 XL.

1610 439 1797 458 s—-qp--ae

1592 479 1637 507 Do
1651 481 1718 517 jure
1737 478 1818 512 renni

1591 522 1645 550 Dei
1673 522 1704 550 in
1730 521 1819 549 Abn-

1590 565 1685 598 hamo,
1716 564 1810 596 Mose,

1590 609 1711 636 summis
1728 615 1819 635 saeer-

1591 651 1715 682 dotibus.
1731 654 1761 678 et
1778 658 1818 677 re-

1590 696 1676 732 gibus
1695 694 1714 723 J
1718 693 1818 722 uda.
