1910 3236
403 207 493 249 llO
917 216 988 248 DE
1017 216 1259 250 HOMINE.

134 349 236 381 CAP.
256 349 355 381 xw.
396 335 573 374 natura
591 327 697 390 ipsa
712 326 959 389 corrumpi
977 327 1368 390 praesumendum
1384 334 1472 386 est,
1488 343 1645 391 neque
1664 343 1782 391 ergo

130 446 175 474 De
189 412 303 474 dua'bus
326 447 382 483 pri.
395 402 742 465 recipiendum.
794 401 965 464 Neque
981 403 1314 450 accusationes
1330 419 1567 466 expressae
1582 419 1669 467 per
1683 411 1784 451 tor-

129 490 184 518 mis
206 490 380 540 legibusna»
396 484 563 524 menta
596 493 685 540 pro
722 477 1014 525 testimoniis
1049 478 1286 526 habendae
1320 487 1447 526 sunt.
1517 479 1784 527 Tormenta

130 533 379 606 {iifflfflssfissde
396 553 525 599 enim
558 552 881 615 explorationi
913 561 1106 599 tantum
1140 553 1442 607 inserviunt;
1479 561 1528 601 et
1552 554 1783 617 quicquid

395 636 553 675 tortus
579 629 858 686 confitetur,
879 627 942 675 ad
959 628 1307 676 relaxationem
1326 629 1631 677 cruciatuum
1646 645 1783 693 spec-

391 711 479 762 tat,
504 720 605 751 non
622 704 686 751 ad
703 705 1036 767 torquentium
1059 705 1446 752 instructionem.
1519 705 1629 754 Sive
1654 707 1782 753 enim

392 796 508 827 vera
528 779 627 827 sive
651 780 773 827 falsa
793 781 1096 828 confessione
1111 797 1161 828 se
1182 781 1423 844 expediat,
1444 781 1554 844 jure
1573 781 1625 829 id
1647 782 1782 841 facit,

388 856 497 918 jure
522 855 720 918 inquam
743 856 896 903 vitam
920 856 1168 918 propriam
1194 856 1527 904 conservandi.

458 931 620 978 Verba
641 946 730 994 per
753 946 819 989 se,
839 938 893 978 ut
918 938 1032 978 ante
1057 930 1173 989 dixi,
1193 931 1414 979 homines
1438 931 1501 979 ad
1525 940 1784 995 pactorum

391 1007 759 1069 praestationem
778 1007 1146 1070 constringendi
1163 1007 1261 1054 vim
1280 1024 1380 1055 non
1403 1008 1602 1056 habent.
1673 1008 1784 1056 Duo

392 1092 557 1129 autem
582 1082 626 1129 ei
659 1083 729 1129 rei
754 1082 936 1129 auxilia
972 1091 1167 1129 tantum
1199 1090 1328 1141 sunt,
1353 1083 1602 1142 nimirum,
1626 1092 1786 1132 metus

392 1158 557 1206 damni
576 1174 605 1204 a
623 1157 885 1205 violatione
900 1158 1050 1220 pacti,
1070 1158 1148 1205 vel
1175 1159 1290 1221 quia
1309 1159 1494 1218 fallere,
1512 1167 1570 1207 ut
1592 1159 1785 1223 signum

391 1233 712 1296 impotentiae,
734 1233 1075 1296 dedignentur.
1135 1235 1381 1283 Posterior
1401 1235 1507 1283 haec
1533 1252 1680 1284 causa
1701 1252 1786 1299 ge-

392 1309 630 1357 nerositas
666 1309 788 1357 adeo
826 1325 936 1356 rara
974 1319 1063 1367 est,
1088 1317 1144 1358 ut
1174 1311 1226 1358 in
1255 1311 1470 1359 rationes
1495 1311 1661 1359 venire
1684 1328 1786 1359 non

393 1385 581 1434 debeat.
653 1385 795 1433 Solus
814 1394 972 1432 metus
989 1386 1370 1434 considerandus
1394 1394 1483 1446 est,
1502 1387 1641 1451 isque
1666 1387 1786 1435 duo-

391 1477 501 1509 rum
523 1477 773 1524 generum,
797 1477 1005 1524 quorum
1029 1462 1154 1509 alter
1175 1472 1248 1510 est
1270 1471 1431 1511 metus
1454 1463 1785 1526 potentiarum

392 1536 723 1595 invisibilium,
739 1536 863 1584 alter
880 1544 1038 1584 metus
1053 1538 1289 1599 potentiae
1304 1538 1530 1586 humanae
1548 1559 1559 1593 ;
1586 1547 1636 1586 et
1653 1538 1787 1601 prior

393 1612 590 1675 quidem
608 1619 767 1659 metus
783 1618 857 1659 est
871 1614 965 1675 maj
972 1613 1068 1659 oris
1083 1614 1337 1675 potentiae3
1363 1614 1606 1677 posterior
1619 1623 1785 1661 autem

391 1688 547 1751 major
564 1695 738 1735 metus.
810 1688 975 1735 Metus
993 1689 1126 1750 prior
1144 1705 1174 1735 a
1191 1705 1279 1736 sua
1297 1690 1531 1752 cujusque
1549 1689 1786 1753 religione

393 1772 483 1822 est,
511 1763 766 1826 ineratque
804 1762 1082 1810 hominibus
1118 1771 1233 1811 ante
1269 1781 1464 1812 omnem
1499 1765 1785 1813 societatem

393 1838 598 1886 civilem.
650 1838 894 1886 Posterior
911 1846 1069 1886 metus
1089 1855 1200 1887 cum
1221 1840 1500 1888 civitatibus
1516 1848 1661 1890 natus
1681 1849 1783 1896 est:

392 1913 478 1962 sed
495 1914 558 1962 ad
573 1913 819 1977 cogendos
837 1914 1057 1962 homines
1072 1914 1133 1962 ad
1148 1924 1405 1978 pactorum
1419 1917 1786 1979 praestationem

391 2006 491 2038 non
515 1989 708 2037 sufficit.
763 1990 820 2037 In
845 1989 1126 2037 conditione
1145 1991 1276 2038 enim
1299 2000 1490 2039 naturae
1510 1992 1787 2041 differentia

390 2066 721 2129 potentiarum
739 2082 839 2113 non
855 2065 1163 2125 discernitur,
1179 2067 1273 2114 nisi
1296 2083 1383 2130 per
1401 2075 1630 2115 eventum
1653 2068 1783 2116 belli.

392 2142 567 2205 Itaque
591 2149 707 2189 ante
730 2141 1014 2189 societatem
1039 2141 1247 2201 civilem,
1273 2151 1324 2190 et
1357 2143 1545 2206 quoties
1578 2143 1785 2192 societas

392 2217 547 2265 civilis
565 2233 653 2280 per
669 2217 851 2264 bellum
867 2218 1255 2281 interrumpitur,
1280 2219 1401 2266 nihil
1420 2227 1506 2278 est,
1529 2236 1626 2282 quo
1640 2227 1786 2283 pacta

392 2293 672 2340 confirmari
696 2300 871 2341 contra
889 2293 1183 2356 cupiditates
1205 2294 1460 2343 hominum
1478 2295 1650 2344 melius
1672 2311 1785 2359 pos-

391 2377 520 2427 sunt,
546 2385 692 2432 quam
728 2376 887 2416 metus
923 2370 1112 2432 agentis
1136 2368 1406 2424 invisibilis,
1432 2387 1579 2434 quem
1601 2379 1783 2420 vocant

392 2461 562 2493 omnes
592 2445 765 2503 Deum,
791 2444 995 2492 diversis
1026 2445 1201 2493 ritibus
1238 2445 1513 2494 adorantes.
1582 2446 1663 2494 Ad
1700 2447 1784 2494 fir-

391 2520 572 2568 manda
590 2536 708 2584 ergo
727 2527 872 2584 pacta
888 2520 1249 2584 paciscentibus
1272 2523 1602 2570 necessarium
1626 2522 1783 2571 visum

393 2604 481 2655 est,
505 2604 562 2644 ut
597 2612 685 2660 per
720 2595 882 2654 deum,
923 2612 1068 2659 quem
1108 2597 1408 2654 metuebant,
1433 2606 1579 2661 pacta
1613 2614 1701 2646 sua
1731 2613 1783 2646 se

391 2673 698 2735 praestituros
722 2687 828 2719 esse
847 2673 1087 2735 jurarent.
1156 2672 1185 2719 J
1190 2680 1495 2721 uramentum
1521 2681 1683 2722 autem
1709 2680 1783 2720 est

383 2747 710 2812 promissioni
749 2747 990 2811 adjuncta
1013 2747 1250 2812 formula
1286 2749 1548 2808 orationis,
1574 2765 1673 2814 qua
1696 2748 1783 2814 qui

386 2824 657 2887 promittit,
681 2823 781 2871 nisi
809 2823 1109 2889 promissum
1140 2823 1466 2888 prce-stiterit,
1491 2825 1632 2872 deum
1654 2823 1782 2872 ulto-
