1910 3236
94 368 197 399 CAP.
225 368 287 399 lv.

98 423 287 443 μγὴκ

100 464 144 492 De
155 472 292 491 sermone.

338 224 398 266 24
862 229 932 261 DE
963 227 1206 260 HOMINE.

342 360 491 392 unam
516 342 811 405 singularem
833 361 844 395 ;
881 348 937 387 ut
961 339 1163 396 Petrus,
1180 336 1452 396 Johanne-s‘,
1468 337 1551 385 hic
1574 337 1728 396 homo,

343 419 445 467 lzoec
470 418 639 466 arbor.
713 416 820 464 Alia
842 423 1004 462 autem
1028 412 1196 460 multis
1220 412 1365 460 rebus
1384 421 1499 460 sunt
1523 429 1730 461 commu-

344 496 428 542 m'a
450 514 468 549 ;
503 503 559 542 ut
583 494 736 550 homo,
767 506 935 555 equu8‚
974 488 1160 536 arbor:
1196 505 1312 536 nam
1346 488 1730 552 unumquodque

344 587 527 628 eorum,
570 568 661 616 etsi
703 567 902 614 unicum
942 566 1021 621 sit,
1056 564 1323 612 multarum
1363 571 1528 613 tamen
1565 580 1730 612 rerum

343 644 712 709 particularium
730 657 910 689 nomen
926 647 1016 688 est.
1067 639 1315 703 Respectu
1332 648 1496 688 autem
1511 639 1730 688 omnium

343 721 535 768 illorum
570 717 953 782 particularium,
982 724 1191 764 vocatur
1225 716 1523 764 universale.
1593 715 1731 763 Nihil

343 797 471 844 enim
495 796 546 842 in
571 810 734 842 rerum
758 800 936 840 natura
957 791 1234 840 universale
1259 799 1334 840 est
1361 800 1542 855 praeter
1564 807 1731 839 rerum

341 871 605 925 vocabula3
642 885 755 917 nam
774 885 851 916 res
870 868 1137 916 nominatae
1155 875 1268 916 sunt
1282 884 1452 916 omnes
1466 866 1730 916 individuae

341 956 390 996 et
414 947 698 1010 singulares.

407 1023 629 1072 Pluribus
685 1021 830 1068 rebus
882 1036 1063 1068 nomen
1115 1020 1389 1068 universale
1445 1020 1730 1084 impositum

339 1101 539 1148 unicum
578 1106 668 1156 est,
711 1105 915 1161 propter
952 1097 1159 1160 alicujus
1198 1096 1447 1160 qualitatis
1487 1097 1565 1144 vel
1601 1097 1730 1145 acci-

340 1176 498 1224 dentis
522 1173 906 1223 similitudinem.
979 1173 1170 1236 Itaque,
1189 1181 1246 1220 ut
1269 1189 1451 1220 nomen
1474 1172 1730 1236 proprium

340 1259 540 1300 revocat
565 1250 628 1298 ad
651 1250 867 1297 animum
893 1265 998 1296 rem
1015 1265 1166 1296 unam
1191 1255 1393 1307 certam,
1417 1264 1598 1296 nomen
1620 1248 1730 1296 uni-

340 1327 526 1376 versale
550 1332 747 1374 revocat
770 1341 876 1372 rem
900 1341 960 1372 ex
985 1324 1151 1372 multis
1175 1341 1326 1372 unam
1347 1340 1706 1388 quamcunque.

408 1402 675 1450 Nominum
717 1410 881 1448 autem
922 1400 1287 1457 universalium,
1328 1399 1425 1447 alia
1465 1400 1730 1464 amplioris,

341 1480 434 1527 alia
470 1477 727 1526 strictioris
765 1477 1139 1541 significationis
1175 1483 1305 1534 sunt,
1341 1476 1412 1523 ita
1452 1484 1510 1524 ut
1550 1493 1730 1525 nomen

341 1554 547 1617 amplius
580 1569 760 1601 nomen
794 1553 1011 1600 strictius
1047 1551 1314 1600 contineat.
1383 1551 1510 1611 Alia,
1547 1568 1730 1611 rursus,

341 1638 455 1679 sunt
493 1629 827 1693 amplitudinis
865 1628 1082 1693 aequalis,
1122 1635 1172 1676 et
1214 1627 1638 1691 comprehendunt
1678 1645 1730 1676 se

340 1715 526 1754 mutuo.
598 1706 823 1769 Exempli
863 1722 1025 1763 causa,
1065 1721 1245 1752 nomen
1288 1720 1469 1770 corpus
1510 1720 1731 1768 compre-

340 1783 510 1830 hendit
537 1799 715 1830 nomen
749 1781 1002 1840 hominem,
1032 1789 1082 1829 et
1115 1788 1357 1844 praeterea
1390 1780 1605 1844 aliquid3
1641 1797 1730 1829 no-

341 1858 473 1906 mina
518 1866 683 1905 autem
730 1857 868 1905 homo
923 1865 974 1906 et
1024 1856 1280 1904 rationale
1334 1856 1542 1920 aequalia
1598 1866 1730 1917 sunt,

341 1933 808 1995 comprehendentia
849 1949 901 1981 se
941 1941 1133 1980 mutuo.
1206 1932 1304 1980 Sed
1338 1932 1613 1981 notandum
1648 1933 1730 1982 hic

341 2015 431 2066 est,
457 2008 588 2071 quod
611 2025 698 2071 per
720 2025 902 2056 nomen
922 2024 1023 2056 non
1042 2023 1234 2072 semper
1248 2007 1567 2072 intelligimus
1585 2024 1730 2056 voca-

339 2083 507 2131 bulum
531 2084 746 2142 unicum,
774 2093 830 2133 ut
860 2084 1187 2148 grammatici,
1226 2083 1313 2132 sed
1348 2083 1614 2146 aliquando
1642 2100 1731 2148 per

341 2159 824 2207 circumlocutionem
856 2160 1023 2208 multis
1060 2159 1310 2208 vocabulis
1341 2175 1522 2207 nomen
1545 2175 1729 2216 unum;

340 2242 396 2282 ut
431 2236 579 2283 verba
617 2235 738 2294 haec,
787 2236 874 2299 qui
921 2235 1150 2284 consulta
1188 2241 1414 2300 patrum,
1455 2234 1543 2299 qui
1589 2235 1731 2300 leges

327 2311 551 2375 juraque
574 2318 760 2370 servat,
783 2312 985 2360 unicum
1004 2328 1182 2360 nomen
1203 2318 1293 2370 est,
1314 2318 1364 2358 et
1387 2310 1573 2358 nomini
1585 2312 1730 2375 justo

339 2386 649 2448 aequivalens.

406 2462 497 2509 Per
536 2462 898 2525 impositionem
935 2463 1064 2511 hanc
1106 2462 1360 2511 nominum
1395 2461 1644 2525 amplioris
1681 2470 1733 2512 et

340 2537 597 2585 strictioris
644 2537 1029 2601 significationis,
1086 2537 1505 2602 computationem
1559 2554 1731 2588 conse·

340 2612 650 2673 quentiarum
672 2613 724 2660 in
749 2614 1130 2678 cogitationibus
1165 2613 1496 2661 convertimus
1520 2613 1572 2661 in
1596 2629 1732 2662 com-

339 2687 645 2748 putationem
683 2691 1145 2753 consequentiarum
1173 2690 1226 2737 in
1262 2688 1558 2737 nominibus.
1629 2691 1728 2739 Ex-

340 2763 485 2824 empli
503 2779 662 2822 causa,
688 2764 727 2811 is
751 2765 836 2827 qui
860 2766 989 2813 omni
1018 2765 1255 2814 sermonis
1277 2780 1371 2813 usu
1394 2772 1544 2823 caret,
1572 2766 1730 2830 qualis

339 2845 412 2883 est
436 2838 517 2900 qui
543 2847 703 2887 mutus
728 2849 778 2888 et
803 2841 979 2889 surdus
1011 2849 1155 2890 natus
1189 2846 1279 2899 est,
1311 2840 1350 2888 si
1375 2840 1590 2904 positum
1615 2849 1729 2890 ante
