1968 3236
396 253 492 295 356
730 259 800 292 DE
827 255 1081 291 CIVITATE
1107 253 1459 288 CHRISTIANA.

140 396 242 428 clu»,
264 395 355 427 xm,
396 374 527 421 tione
546 387 712 420 eorum
731 369 962 426 omnium,
980 367 1063 430 qui
1080 366 1279 413 nomina
1302 365 1540 413 dederunt
1563 363 1771 412 Christo.

158 450 343 471 '‘W“
399 449 580 497 Eodem
605 447 718 503 ritu,
746 443 1013 492 Servatoris
1036 441 1191 488 nostri
1209 442 1363 504 jussu,
1387 441 1462 488 usi
1488 447 1601 487 sunt
1631 455 1773 503 apos-

139 492 184 519 De
198 491 355 519 servatoris

139 535 324 584 myst-rime-
398 524 485 571 toli
500 529 549 570 et
563 521 770 569 ministri
785 519 964 567 Christi
978 533 1143 565 omnes
1157 533 1311 580 usque
1325 517 1486 564 hodie.
1513 517 1671 565 Quam
1687 515 1774 563 ha-

139 577 325 606 d¹⁰²¹⁰ffi⁰¹⁰'
398 599 504 646 buit
526 599 646 645 ritus
664 594 1002 659 baptizationis
1027 593 1264 656 originem
1287 593 1509 656 primam,
1534 592 1583 639 in
1610 591 1773 654 Scrip-

401 674 522 720 turis
543 672 699 719 Sacris
717 687 815 718 non
833 669 1120 717 declaratur.
1177 667 1274 715 Sed
1292 667 1610 715 imitationem
1628 666 1776 714 fuisse

400 749 518 811 legis
559 747 787 795 Mosaicae
824 747 954 793 circa
985 745 1214 808 leprOSOS‚
1251 744 1533 806 conjectura
1569 750 1644 790 est
1675 754 1776 788 non

401 824 741 887 improbabilis.
812 823 1047 885 Leprosos
1072 820 1200 867 enim
1225 826 1364 866 extra
1394 827 1554 866 castra
1584 816 1776 866 Israelis

401 900 631 947 custodiri
649 899 852 963 jubebat
871 898 963 955 lex,
985 896 1141 944 donec
1165 911 1194 942 a
1217 894 1467 942 sacerdote
1489 892 1776 957 pronuntia·

400 984 569 1022 rentur
603 975 786 1032 mundi,
817 982 867 1021 et
899 980 1017 1021 tunc
1053 971 1316 1019 solenniter
1349 970 1498 1018 lavati
1531 971 1583 1017 in
1616 976 1778 1017 castra

401 1052 558 1099 denuo
593 1050 963 1113 recipiebantur.
1035 1049 1202 1095 Potest
1236 1063 1352 1107 ergo
1388 1062 1508 1105 esse,
1543 1053 1600 1093 ut
1635 1053 1778 1108 typus

400 1127 479 1174 hic
502 1127 648 1174 fuerit
671 1125 850 1173 lavacri
868 1123 1190 1187 baptismalis;
1215 1123 1266 1169 in
1285 1138 1396 1185 quo,
1417 1122 1500 1185 qui
1521 1137 1610 1184 per
1630 1120 1780 1168 fidem

401 1220 430 1250 a
473 1202 659 1266 peccati
698 1202 834 1264 lepra
877 1199 1099 1247 mundati
1144 1205 1299 1256 erant,
1335 1197 1695 1261 recipiebantur
1728 1195 1780 1243 in

403 1278 668 1325 ecclesiam.
737 1277 825 1323 Est
857 1275 1004 1322 etiam
1038 1274 1319 1337 conjectura
1343 1273 1491 1320 ducta
1514 1289 1544 1320 a
1566 1286 1779 1319 ceremo-

402 1354 493 1400 niis
517 1352 834 1409 ethnicorum,
859 1350 943 1397 sed
966 1350 1017 1397 in
1041 1365 1155 1397 casu
1175 1348 1386 1412 quodam
1403 1348 1647 1396 rarissime
1665 1362 1783 1394 con-

404 1429 640 1490 tingente.
671 1426 878 1475 Quando
899 1426 1028 1473 enim
1047 1425 1234 1487 aliquiS‚
1250 1440 1339 1488 pro
1357 1431 1551 1472 mortuo
1570 1422 1781 1482 habitus,

404 1503 552 1550 vitam
589 1502 865 1565 recepisset,
905 1501 1068 1549 caeteri
1106 1500 1329 1547 homines
1367 1498 1782 1547 conversationem

406 1595 517 1625 cum
557 1578 654 1636 illo,
682 1585 912 1640 tanquam
950 1593 1062 1625 cum
1101 1583 1310 1639 spectro,
1342 1575 1653 1633 horruerunt,
1687 1573 1782 1621 nisi

406 1663 519 1701 ante
543 1653 593 1700 in
617 1669 868 1700 numerum
891 1652 1142 1700 hominum
1164 1667 1252 1714 per
1275 1650 1568 1698 lavationem
1597 1649 1783 1713 recipe-

409 1736 558 1786 retur,
596 1744 652 1776 eo
688 1729 831 1776 modo
867 1745 962 1791 quo
996 1728 1205 1775 infantes
1251 1742 1418 1774 recens
1453 1725 1556 1773 nati
1586 1725 1647 1773 ab
1693 1725 1784 1772 im-

411 1805 651 1852 munditia
673 1812 891 1852 materna
913 1805 1063 1852 lavari
1087 1810 1474 1857 consueverunt;
1520 1809 1667 1864 atque
1689 1800 1784 1848 hoc

409 1896 498 1942 pro
523 1880 887 1942 regeneratione
912 1879 1118 1942 quadam
1136 1878 1419 1926 habebatur.
1457 1877 1598 1924 Ritus
1621 1882 1786 1924 autem

411 1955 490 2002 hic
522 1955 571 2001 in
605 1955 821 2002 Judaeam
851 1955 1042 2002 videtur
1077 1953 1325 2017 irrepsisse
1353 1952 1651 2016 temporibus
1674 1950 1785 2010 illis,

414 2030 588 2092 quibus
612 2030 885 2076 Alexander
909 2037 958 2077 et
982 2045 1284 2077 successores
1309 2029 1411 2091 ejus
1430 2028 1481 2075 in
1497 2026 1681 2075 Judaeis
1699 2025 1786 2074 do-

414 2105 738 2152 minabantur.
775 2104 1245 2167 Veruntamen,quia
1262 2104 1410 2151 ritum
1427 2103 1661 2167 gentilem
1679 2102 1788 2150 Ser-

414 2188 630 2229 vatorem
663 2188 883 2227 nostrum
918 2188 1053 2228 tanto
1093 2182 1278 2228 honore
1327 2179 1517 2243 dignari
1562 2178 1787 2237 voluisse,

414 2256 663 2320 probabile
703 2271 798 2304 non
846 2264 946 2310 est;
1000 2257 1147 2303 ritum
1192 2255 1419 2319 baptismi
1465 2254 1788 2302 imitationem

414 2332 561 2379 fuisse
607 2331 726 2393 legis
762 2330 1003 2387 Mosaicae,
1039 2332 1158 2379 mihi
1205 2331 1401 2395 quidem
1446 2330 1641 2378 videtur
1684 2345 1788 2378 esse

415 2407 687 2454 verisimile.
758 2406 1124 2453 Sacramentum
1149 2414 1312 2454 autem
1332 2422 1484 2454 coenae
1503 2405 1788 2464 Dominicae‚

416 2482 591 2530 veteris
613 2481 805 2543 paschae
828 2480 1033 2527 imitatio
1058 2482 1314 2529 manifesta
1341 2490 1429 2529 est.
1500 2481 1637 2528 Sicut
1659 2481 1788 2529 enim

417 2557 530 2621 agni
552 2556 790 2620 paschalis
806 2571 928 2612 esuS,
949 2557 1343 2605 commemoratio
1362 2564 1466 2605 erat
1488 2556 1790 2604 liberationis

418 2632 582 2695 populi
606 2630 855 2679 Israelitici
879 2646 908 2676 a
931 2631 1160 2678 servitute
1184 2632 1500 2695 AEgyptiaca;
1548 2631 1619 2680 ita
1641 2631 1790 2680 etiam

419 2708 468 2755 in
504 2724 643 2755 coena
662 2705 930 2763 Dominica,
957 2705 1129 2754 fractio
1163 2708 1300 2769 panis
1335 2707 1712 2766 sacramentalis,
1740 2713 1791 2755 et

419 2783 518 2830 vini
564 2783 748 2839 effusio,
800 2782 1194 2828 commemoratio
1241 2790 1315 2829 est
1360 2783 1659 2831 liberationis
1701 2797 1792 2846 per

419 2865 623 2906 mortem
649 2855 827 2905 Christi
851 2871 880 2903 a
902 2856 1132 2904 servitute
1156 2858 1358 2919 peccati.
