1968 3236
127 811 152 842 C
158 811 183 841 A
188 810 213 841 P
219 832 228 842 .
241 810 267 840 Χ
275 810 300 840 Χ
307 810 335 841 Χ
342 810 353 840 Ι
359 810 390 840 11

166 865 347 886 ⁹5—ae

130 906 174 933 De
186 915 312 937 nurnero,
324 915 360 932 an

128 949 269 986 tiquitate,
283 957 377 984 scopo,

128 992 339 1024 a11tl10ritate‚et
349 992 390 1018 in-

128 1035 299 1071 terpretibus
307 1035 390 1062 libro-

128 1087 193 1105 rum
206 1087 359 1106 sacrorum.

405 289 501 340 270
725 299 796 332 DE
823 296 1077 332 CIVITATE
1105 297 1459 331 CHRISTIANA.

849 529 1062 577 CAPUT
1097 529 1337 576 XXXIII.

407 648 467 679 DE
504 647 719 688 NUMBRO,
758 645 1092 687 ANTIQUITATE,
1135 645 1291 687 SCOP0‚
1329 645 1683 688 AUTHORITATE,
1724 645 1782 676 ET

626 712 1001 744 INTERPRETIBUS
1026 712 1268 743 LIBRORUM
1294 712 1564 743 SACRORUM.

476 790 621 838 Libri
645 790 794 838 Sacri
831 790 900 837 illi
938 796 1066 847 sunt,
1103 789 1186 852 qui
1219 805 1308 852 pro
1343 790 1456 838 vitae
1492 789 1782 837 Christianae

363 923 370 927 ,
409 882 592 913 canone
617 866 715 912 sive
739 865 908 928 regula
931 865 1142 912 habendi
1161 874 1288 912 sunt.
1348 865 1591 913 Quoniam
1619 873 1782 913 autem

409 941 598 988 vivendi
622 940 801 1003 regulae
838 941 931 988 illis
968 941 1142 1003 quibus
1176 941 1574 1003 praescribuntur,
1599 940 1640 988 si
1675 940 1783 988 illas

407 1020 661 1066 observare
680 1018 971 1081 obligantur,
990 1019 1122 1081 leges
1145 1026 1258 1065 sunt
1279 1039 1291 1073 ;
1329 1018 1532 1081 quaestio
1551 1019 1707 1066 oritur
1721 1018 1782 1066 de

405 1095 605 1157 legibus,
645 1109 734 1157 per
756 1100 916 1140 totum
951 1094 1119 1141 orbem
1143 1093 1488 1151 Christianum,
1513 1102 1618 1141 tum
1642 1102 1761 1142 natu

405 1171 583 1218 ralibus
628 1177 733 1217 tum
778 1169 1014 1228 civilibus,
1062 1185 1274 1232 quanam
1319 1169 1616 1216 authoritate
1651 1169 1783 1232 leges

404 1246 545 1293 factae
580 1246 689 1293 sint.
761 1245 1054 1308 Quanquam
1089 1245 1217 1292 enim
1252 1245 1302 1292 in
1341 1244 1593 1307 Scriptura
1617 1244 1781 1303 Sacra,

407 1337 523 1383 quas
546 1320 676 1383 leges
707 1320 1041 1383 unusquisque
1065 1335 1150 1367 rex
1175 1320 1274 1367 sive
1298 1328 1453 1368 coetus
1478 1319 1783 1368 Christianus

406 1395 699 1443 constituere
732 1395 782 1442 in
808 1394 1023 1443 dominio
1049 1411 1135 1443 suo
1174 1395 1364 1454 debeat,
1395 1395 1650 1443 definitum
1682 1411 1782 1443 non

406 1471 496 1525 sit;
534 1486 652 1534 quas
688 1479 852 1518 tamen
889 1470 1184 1518 constituere
1214 1487 1315 1518 non
1340 1471 1501 1529 debet,
1527 1470 1783 1525 definitum

406 1554 492 1594 est.
562 1546 683 1594 Cum
699 1553 861 1594 autem
882 1554 1130 1597 ostensum
1151 1546 1213 1594 sit
1231 1562 1393 1610 supra,
1412 1546 1535 1604 illos,
1553 1546 1637 1609 qui
1656 1562 1784 1594 sum-

406 1639 533 1670 mam
555 1623 736 1669 habent
758 1622 810 1669 in
829 1622 1023 1670 civitate
1048 1638 1135 1670 sua
1157 1630 1466 1685 potestatem,
1491 1621 1620 1670 solos
1641 1621 1784 1685 legis-

405 1698 581 1745 latores
605 1713 724 1756 esse‚
759 1697 975 1760 sequitur
1011 1698 1160 1745 libros
1197 1698 1304 1745 illos
1342 1698 1469 1745 solos
1505 1697 1783 1755 canonicos,

404 1774 455 1821 id
479 1780 566 1832 est,
591 1774 722 1836 leges
747 1789 850 1821 esse
870 1773 920 1820 in
935 1789 1225 1836 unaquaque
1250 1773 1460 1832 civitate,
1482 1789 1591 1836 quae
1609 1771 1783 1820 summi

404 1849 685 1912 imperantis
728 1848 1024 1896 authoritate
1059 1848 1173 1896 latae
1213 1857 1338 1895 sunt.
1431 1847 1783 1911 Imperantium

405 1924 621 1972 omnium
644 1925 910 1987 imperator
933 1925 1064 1972 Deus
1079 1923 1274 1987 quidem
1295 1931 1381 1982 est,
1403 1930 1452 1971 et
1466 1923 1536 1971 illi
1554 1939 1584 1971 a
1597 1923 1783 1971 civibus

404 1999 680 2062 praestanda
702 2007 775 2047 est
799 1999 1104 2052 obedientia;
1142 1999 1375 2062 quicquid
1408 1999 1459 2046 in
1483 1999 1783 2046 contrarium

403 2075 574 2137 jubeat
597 2091 682 2123 rex
706 2083 944 2123 terrenus.
1016 2074 1112 2123 Sed
1136 2075 1196 2122 de
1220 2074 1496 2123 obedientia
1532 2075 1638 2122 Deo
1661 2090 1785 2138 prae·

406 2151 579 2198 standa
613 2151 941 2199 controversia
975 2150 1108 2198 nulla
1143 2158 1234 2208 est,
1260 2149 1345 2197 sed
1368 2149 1566 2214 quando
1590 2157 1639 2197 et
1661 2148 1788 2214 quid

405 2227 631 2290 loquutus
669 2227 733 2274 sit
770 2227 929 2281 Deus;
979 2226 1030 2274 id
1065 2226 1197 2289 quod
1233 2226 1294 2273 ab
1335 2226 1410 2285 iis,
1437 2225 1612 2287 quibus
1650 2224 1785 2272 nulla

407 2301 521 2349 data
543 2309 617 2350 est
638 2302 870 2350 revelatio
894 2302 1288 2366 supernaturalis,
1325 2301 1437 2349 sciri
1471 2317 1568 2349 non
1604 2308 1782 2364 potest,

407 2377 498 2424 nisi
520 2393 607 2441 per
626 2377 866 2425 rationem
889 2378 1021 2425 illam
1043 2378 1331 2435 naturalem,
1352 2393 1448 2440 qua
1465 2376 1599 2440 pacis
1622 2383 1672 2424 et
1683 2377 1785 2440 jus-

405 2451 524 2499 titiae
560 2452 838 2500 obtinendae
875 2469 1021 2500 eausa
1055 2453 1340 2501 authoritati
1375 2467 1673 2500 summarum
1695 2466 1783 2514 po-

407 2535 637 2575 testatum
678 2543 780 2575 sese
827 2529 1168 2577 submiserunt.
1263 2529 1443 2587 Quare,
1488 2527 1646 2575 nullos
1690 2541 1783 2589 ego

407 2602 554 2651 libros
578 2619 667 2667 pro
693 2603 946 2667 Scriptura
970 2604 1118 2651 Sacra
1140 2619 1402 2667 agnoscere
1418 2603 1586 2659 debeo,
1603 2610 1783 2665 praeter

409 2693 489 2724 eos
514 2694 633 2741 quos
657 2678 862 2725 sancivit
885 2678 1100 2726 Ecclesia
1116 2679 1400 2742 Anglicana.
1460 2677 1674 2728 Quinam
1696 2693 1782 2726 au-

409 2759 507 2799 tem
531 2753 600 2800 illi
623 2753 733 2800 libri
758 2753 871 2811 sint,
900 2769 999 2800 non
1024 2761 1098 2801 est
1120 2770 1240 2816 opus
1262 2754 1356 2802 hoc
1379 2754 1488 2802 loco
1513 2767 1781 2801 recensere.

408 2826 705 2875 Testamenti
751 2827 940 2875 Veteris
981 2837 1205 2876 numerat
1244 2830 1272 2877 J
1277 2829 1484 2892 osephus
1521 2827 1695 2891 viginti
1733 2835 1784 2876 et

410 2899 530 2949 duos
551 2920 562 2949 ε
601 2918 789 2965 nempe,
815 2902 968 2950 Mosis
993 2902 1221 2966 quinque,
1247 2904 1600 2967 Prophetarum
1623 2902 1784 2952 trede-
