1968 3236
413 263 507 305 502
744 271 814 304 DE
843 271 1027 304 REGNo
1056 269 1458 303 TENEBRARUM.

131 404 232 436 CAp,
249 405 374 438 mm,
412 389 526 428 cent
542 381 804 444 Scripturae
825 381 1000 438 Sacrae,
1016 379 1213 442 regibus
1238 387 1288 427 et
1310 380 1638 443 potestatibus
1661 394 1791 428 sum-

163 460 355 526 m
411 457 501 504 mis
526 472 787 518 eorumque
819 456 1068 514 ministris,
1107 455 1254 502 etiam
1287 456 1507 515 ethnicis,
1532 472 1562 504 a
1585 455 1791 503 subditis

164 541 322 591 abfinani,
410 533 507 580 suis
534 531 836 589 Christianis,
862 547 961 578 non
1004 531 1066 577 ob
1101 538 1285 578 metum
1321 539 1514 579 tantum
1553 531 1639 580 sed
1675 547 1790 579 con-

160 583 350 621 Ph¹¹⁰⁸⁰p¹¹¹⁸'
410 607 624 655 scientiae
647 622 807 664 causa,
832 614 888 653 ut
911 622 941 653 a
964 605 1067 653 Deo
1093 606 1155 653 ad
1187 607 1371 654 bonum
1404 614 1626 655 nostrum
1664 606 1792 655 ordi-

408 683 551 739 natis,
589 682 911 729 obediendum
954 697 1074 729 esse.
1146 682 1289 730 Unde
1329 683 1479 746 igitur
1514 691 1634 732 nata
1677 690 1792 731 sunt

409 758 468 805 de
492 757 740 820 religione,
772 758 823 804 in
848 757 1122 816 Germania,
1160 758 1335 817 Gallia,
1361 767 1411 806 et
1440 759 1635 822 Anglia,
1663 758 1792 806 bella

410 833 583 891 civilia,
608 833 701 880 nisi
724 850 754 880 a
775 833 1085 896 philosophia
1108 834 1270 882 ethica
1307 842 1356 882 et
1378 835 1578 898 politica
1600 835 1792 883 Aristo·

406 909 529 968 telis,
555 916 604 956 et
628 925 796 956 eorum
821 908 904 972 qui
921 909 1233 956 Aristotelem
1257 910 1451 972 sequuti
1476 918 1591 958 sunt
1610 911 1790 958 Roma-

407 984 618 1032 norum?
688 985 921 1032 Mensura
942 985 1059 1032 boni
1094 992 1143 1032 et
1178 985 1292 1032 mali
1327 986 1381 1033 in
1418 986 1552 1033 omni
1594 986 1791 1034 civitate

407 1069 480 1108 est
503 1061 595 1108 lex.
666 1060 952 1107 Aristoteles
977 1067 1141 1108 autem
1162 1060 1395 1108 virtutem
1418 1070 1469 1109 et
1491 1061 1664 1109 vitium
1689 1077 1790 1110 non

405 1136 592 1199 legibus
618 1135 852 1192 definivit,
872 1135 958 1183 sed
975 1136 1119 1183 laude
1143 1144 1194 1183 et
1216 1137 1458 1200 vituperio
1478 1137 1609 1201 apud
1626 1137 1755 1186 cives
1774 1158 1787 1193 ;

404 1227 575 1275 regum
614 1211 832 1259 omnium
871 1211 1130 1275 imperium
1173 1212 1489 1275 tyrannidem
1523 1220 1700 1269 vocat;
1737 1214 1789 1261 in
1839 1248 1842 1251 »

405 1286 704 1335 democratia
745 1288 849 1335 sola
889 1287 1164 1335 libertatem
1200 1303 1304 1335 esse
1337 1287 1472 1347 dicit,
1511 1296 1561 1336 et
1594 1288 1714 1352 ipse,
1737 1297 1790 1337 et

403 1372 515 1426 post
554 1364 690 1411 illum
731 1364 993 1427 scriptores
1032 1363 1241 1411 Romani
1274 1363 1507 1427 plerique,
1543 1364 1605 1412 ab
1644 1364 1788 1413 unius

405 1439 659 1502 Tarquinii
683 1439 812 1503 regis
837 1440 949 1488 odio
974 1439 1185 1488 hominis
1210 1440 1382 1487 vitium
1405 1440 1455 1488 in
1478 1440 1688 1488 formam
1710 1456 1789 1489 re-

402 1515 597 1577 giminis
643 1514 1009 1572 transferentes,
1054 1515 1189 1563 nullo
1238 1515 1434 1578 quidem
1480 1523 1787 1579 argumento,

403 1591 484 1638 sed
510 1591 730 1654 exemplo
750 1592 936 1639 civibus
960 1607 1123 1639 rerum
1146 1607 1383 1639 novarum
1420 1591 1609 1655 cupidis
1642 1600 1786 1655 grato

403 1666 612 1728 quidem,
638 1667 723 1714 sed
756 1667 1037 1730 pernitioso.
1110 1667 1216 1714 Hos
1247 1667 1492 1726 authoreS,
1518 1667 1702 1717 Graecae
1737 1675 1787 1716 et

401 1741 587 1789 Latinae
610 1743 929 1806 philosophiae
970 1751 1020 1790 et
1059 1742 1352 1806 eloquentiae
1389 1759 1550 1801 causa,
1582 1744 1786 1806 Juvenes

402 1833 512 1864 cum
527 1818 577 1865 in
595 1818 992 1867 universitatibus
1010 1819 1317 1877 docerentur,
1328 1819 1601 1867 doctrinam
1615 1835 1785 1868 eorum

400 1908 694 1941 venenosam
735 1895 877 1942 simul
919 1895 1231 1951 imbiberunt,
1275 1902 1324 1942 et
1359 1894 1419 1942 de
1453 1894 1599 1954 bono,
1637 1894 1783 1955 malo,

394 1969 544 2030 justo,
580 1970 777 2033 injusto,
819 1970 1024 2034 legibus,
1069 1977 1118 2018 et
1157 1970 1409 2033 religione,
1449 1985 1537 2018 suo
1579 1971 1786 2035 quisque

399 2045 600 2093 arbitrio
630 2047 888 2095 statuebat.
961 2047 1092 2094 Hinc
1127 2046 1321 2093 initium
1346 2054 1452 2093 erat
1474 2045 1590 2094 mali
1613 2047 1782 2095 nostri.

400 2120 528 2167 Nam
552 2128 601 2168 et
617 2122 996 2184 praedicatorum
1016 2137 1194 2184 magna
1211 2137 1340 2184 pars,
1365 2122 1449 2184 qui
1473 2121 1534 2169 de
1559 2121 1784 2170 doctrina

399 2211 485 2243 sua
525 2197 719 2260 egregie
767 2197 1058 2254 sentiebant,
1097 2204 1146 2244 et
1190 2196 1273 2244 alii
1318 2196 1528 2244 lectione
1569 2197 1783 2260 politicae

399 2271 581 2320 Graecae
605 2279 655 2320 et
678 2272 879 2331 Latinae,
914 2272 1207 2320 videbantur
1241 2272 1332 2320 sibi
1366 2273 1531 2336 magni
1564 2273 1781 2336 politici;

397 2346 537 2393 alteri
572 2348 686 2411 quia
715 2348 765 2395 in
790 2341 1009 2406 ecclesia,
1034 2348 1174 2396 alteri
1194 2348 1308 2412 quia
1338 2348 1389 2395 in
1413 2355 1543 2395 statu
1565 2363 1656 2411 pro
1679 2364 1784 2396 am-

397 2421 580 2470 bitione
618 2439 706 2470 sua
738 2439 838 2471 non
861 2424 1207 2486 procedebant,
1231 2424 1413 2472 bellum
1447 2423 1588 2471 civile
1611 2439 1784 2472 accen-

398 2496 576 2546 derunt
597 2519 608 2553 ;
644 2499 695 2546 in
720 2515 815 2562 quo
838 2499 966 2547 bello
991 2499 1132 2547 multi
1157 2500 1336 2547 civium
1366 2498 1610 2564 myriades
1633 2498 1782 2547 occisi

399 2581 527 2631 sunt,
553 2582 602 2622 et
624 2590 709 2622 rex
732 2574 935 2638 indigna
957 2583 1114 2623 morte
1138 2575 1425 2623 trucidatus.

462 2648 606 2696 Tanti
631 2649 853 2697 constitit
877 2649 1102 2697 didicisse
1125 2650 1455 2713 eloquentiam
1484 2658 1534 2699 et
1567 2649 1782 2713 philoso-

397 2722 561 2784 phiam
579 2725 799 2773 Graecam
823 2733 873 2773 et
898 2725 1120 2773 Latinam
1141 2744 1152 2772 ς
1189 2726 1283 2773 nisi
1300 2734 1466 2774 autem
1488 2725 1781 2789 praedicato-

398 2813 473 2844 res
495 2799 743 2861 populum,
769 2807 820 2847 et
842 2799 1184 2847 universitates
1220 2807 1400 2849 nostrae
1434 2801 1781 2864 praedicatores

397 2871 525 2934 ipsos
549 2874 718 2922 melius
743 2874 966 2933 doceant,
981 2874 1108 2922 forte
1129 2875 1305 2923 iterum
1323 2875 1397 2923 ad
1423 2875 1624 2939 Trojam
1637 2892 1780 2941 mag·

397 2963 484 2993 nus
511 2949 731 2996 mittam·
757 2948 999 2997 Achilles.

1956 260 1968 317 ³³.

1954 314 1968 388 ξ

1951 381 1968 519 ἔ

1958 514 1968 567 ς

1956 578 1968 649 i

1962 675 1968 756 {f

1959 868 1968 887 1

1958 950 1968 968 ἢ
