1968 3236
475 226 545 259 nn
573 226 833 259 mvn-Are
862 225 1218 259 cnmswANA.
1443 216 1497 269 4¹
1512 214 1540 264 7

149 352 455 410 praeceptum
488 344 597 402 hoe,
622 344 878 392 consilium
902 342 1099 407 quidem
1123 358 1294 391 sanum
1314 357 1432 400 esse,
1457 341 1543 389 sed
1576 356 1680 388 cm‘.
1697 355 1809 387 xm.

151 420 312 484 legem
331 435 429 467 non
451 435 572 467 esse.
1594 410 1790 494 m„

220 495 380 544 Locus
405 494 624 542 decimus
659 502 732 541 est
772 494 889 542 Luc.
915 510 962 541 x.
996 499 1086 541 16:
1128 493 1227 550 Qui
1263 508 1346 540 vos
1383 492 1542 549 audit,
1590 499 1794 529 ecclc-siwin-

151 587 228 618 me
250 570 395 619 audit
411 588 430 624 ‚·
465 577 515 617 et
547 570 634 633 qui
666 586 749 616 vos
773 576 1097 633 aspernatur,
1123 585 1197 616 me
1219 573 1541 634 aspernatur.

153 646 368 694 Dubium
393 645 591 709 quidem
617 661 716 692 non
739 653 829 702 est,
849 645 967 708 quin
987 645 1236 692 Christum
1256 650 1544 708 aspernetur

151 721 431 784 quicunque
447 730 739 784 aspernatur
754 736 838 768 eos
858 736 980 784 quos
997 720 1219 768 Christus
1237 720 1383 767 misit.
1445 718 1543 767 Sed

149 811 182 844 a
212 796 408 844 Christo
443 797 576 844 missi
606 797 688 859 qui
720 805 849 854 sunt,
875 805 1053 859 praeter
1083 812 1182 854 eos,
1208 796 1291 859 qui
1321 803 1542 859 pastores

150 872 410 919 constituti
425 881 541 919 sunt
555 888 643 935 per
657 872 1005 919 authoritatem
1021 870 1316 935 legitimam?
1354 871 1418 918 Et
1434 870 1542 934 quis

149 955 242 1005 est,
262 947 346 1010 qui
371 948 589 1010 legitime
609 947 861 995 ordinatus
881 956 969 1005 est,
986 947 1078 995 nisi
1098 964 1127 995 a
1144 955 1340 1011 pastore
1359 963 1447 994 suo
1467 961 1544 994 su-

147 1023 353 1087 premo?
415 1023 540 1071 Quis
561 1023 769 1086 denique
793 1023 844 1070 in
862 1023 1060 1070 civitate
1080 1022 1359 1070 Christiana
1375 1030 1543 1085 pastor

148 1098 245 1147 rite
263 1098 520 1146 ordinatus
539 1108 629 1157 est,
654 1099 748 1146 nisi
772 1115 802 1146 a
824 1106 1068 1172 potesgzte
1089 1098 1301 1146 civitatis
1326 1096 1541 1145 summa?

150 1173 326 1222 Inferri
350 1190 468 1237 ergo
494 1190 554 1222 ex
578 1175 671 1222 hoc
696 1182 835 1222 textu
867 1180 1047 1237 potest,
1078 1173 1230 1230 illum,
1260 1173 1345 1235 qui
1376 1189 1542 1236 regem

149 1265 291 1298 suum
317 1249 654 1297 Christianum
683 1249 838 1307 audit,
863 1249 1033 1297 audire
1066 1249 1345 1303 Christum;
1382 1249 1542 1295 illum·

150 1341 263 1389 que,
288 1325 371 1388 qui
407 1325 684 1372 doctrinam
708 1324 838 1387 regis
874 1325 947 1372 sui
983 1324 1174 1387 legibus
1203 1324 1542 1372 confirmatam

149 1409 456 1464 aspernatur,
490 1401 650 1463 ipsum
686 1401 934 1448 Christum
958 1399 1223 1463 aspernari.
1295 1399 1417 1457 Imo,
1454 1415 1541 1447 rex

156 1475 484 1534 Christianus,
513 1484 755 1539 quatenus
779 1484 946 1539 pastor
979 1482 1173 1523 tantum
1197 1483 1273 1522 est
1296 1483 1345 1522 et
1369 1474 1542 1522 doctor

147 1551 347 1609 civium,
372 1567 473 1599 non
498 1551 618 1599 facit
641 1559 695 1599 ut
721 1551 961 1599 doctrinae
986 1552 1090 1614 ejus
1114 1551 1246 1613 leges
1270 1551 1382 1598 sint.
1452 1551 1540 1597 Le-

147 1643 235 1692 ges
273 1627 525 1690 obligant3
564 1627 628 1675 ad
667 1627 967 1674 credendum
1005 1642 1121 1674 vero
1156 1642 1300 1674 nemo
1333 1626 1538 1688 obligari

147 1710 326 1767 potest,
357 1702 444 1751 sed
478 1702 542 1750 ad
576 1702 795 1750 actiones
828 1710 1021 1750 tantum
1054 1709 1104 1749 et
1140 1702 1304 1759 verba,
1341 1701 1383 1749 si
1419 1717 1540 1764 opus

149 1779 229 1828 sit.
300 1779 375 1826 Ex
399 1794 496 1842 quo
515 1778 734 1841 sequitur
751 1794 935 1837 rursus,
953 1777 1103 1840 leges,
1119 1793 1239 1841 quas
1257 1777 1431 1825 fecerit
1454 1793 1540 1824 rex

150 1854 202 1903 in
219 1870 309 1902 sua
335 1854 532 1902 civitate
560 1854 926 1913 ecclesiasticas,
956 1853 1152 1901 easdem
1188 1869 1293 1901 esse
1317 1853 1449 1916 leges
1472 1853 1540 1901 ci-

148 1929 287 1978 viles.

217 2004 375 2052 Locus
398 2003 691 2052 undecimus
716 2013 790 2052 est
813 2011 994 2063 textus,
1014 2004 1066 2051 in
1084 2020 1376 2068 quocunque
1399 2019 1540 2067 apos-

150 2078 281 2128 tolus
307 2095 398 2143 pro
426 2079 635 2127 consilio
671 2080 822 2128 verbo
855 2080 1013 2128 utitur
1039 2080 1221 2144 aliquo,
1257 2079 1388 2143 quod
1425 2095 1541 2127 con-

152 2154 260 2202 silio
298 2170 411 2202 eum
450 2154 656 2218 imperio
695 2155 761 2203 sit
796 2171 1076 2210 commune;
1111 2163 1169 2203 ut
1208 2156 1259 2202 in
1298 2171 1396 2217 quo
1427 2155 1542 2202 obe-

159 2229 396 2277 dientiam
429 2237 574 2278 vocat
597 2230 855 2278 consilium
890 2231 1094 2294 alicujus
1118 2230 1271 2293 sequi,
1295 2238 1351 2278 ut
1382 2235 1397 2277 l
1430 2230 1540 2277 Cor.

154 2305 220 2353 xi.
245 2311 274 2353 2
294 2323 306 2351 2
344 2303 520 2352 Laudo
544 2320 658 2352 vero
682 2306 1016 2370 vos,fratre8,
1042 2306 1179 2370 quod
1198 2305 1358 2353 omnia
1381 2305 1542 2352 memi-

153 2379 319 2437 nistis,
338 2385 389 2427 et
408 2379 539 2427 sicut
566 2380 764 2428 tradidi
791 2381 942 2440 vobi-5,
969 2381 1269 2429 traditiones
1296 2379 1541 2427 retinetis.

157 2454 305 2505 Quod
335 2462 391 2502 ut
424 2454 667 2517 significet
700 2455 989 2505 traditiones
1027 2457 1161 2505 Pauli
1195 2456 1327 2518 leges
1374 2455 1540 2513 fuisse,

156 2538 242 2579 aut
263 2528 397 2578 aliud
413 2538 595 2592 praeter
609 2530 880 2590 consilium,
899 2532 1044 2595 longe
1063 2532 1200 2579 abest
1220 2552 1232 2586 ;
1258 2539 1307 2579 et
1331 2539 1387 2578 ut
1404 2530 1542 2578 loeus

156 2605 253 2663 ine,
297 2611 312 2652 Ι
356 2604 524 2653 Thess.
560 2605 624 2653 iv.
649 2611 710 2654 2:
762 2606 941 2655 Nostis
979 2608 1120 2666 enim,
1155 2609 1264 2671 qn'ae
1304 2606 1543 2654 mandata

158 2679 440 2729 dederimus
463 2679 601 2727 vobis
616 2698 634 2728 .·
681 2681 766 2729 ubi
798 2698 895 2730 vox
919 2682 1091 2731 Graeca
1123 2682 1368 2744 significat
1391 2680 1543 2728 tradi-

158 2756 347 2810 tiones;
383 2770 493 2818 quae
515 2770 613 2803 non
637 2755 785 2820 leges,
804 2757 892 2805 sed
922 2758 1125 2806 consilia
1155 2764 1299 2805 sunt:
1335 2764 1385 2804 et
1405 2756 1543 2804 locus

159 2837 190 2879 2
214 2829 382 2879 Thess.
402 2845 470 2877 m
504 2835 576 2889 14,
620 2836 700 2878 15:
754 2823 902 2888 {Quod
936 2833 983 2880 εἰ
1019 2832 1131 2896 quis
1171 2847 1265 2879 non
1297 2830 1543 2879 auscultet

297 2919 422 2953 vot.
440 2919 526 2954 111.
1323 2921 1354 2954 Ε
1378 2921 1409 2954 Ε
