1968 3236
521 221 592 255 DE
619 220 875 255 cwmxrss
899 218 1255 254 cnms‘ruNA.
1482 208 1573 270 3301
1619 262 1625 268 ¹

199 337 343 379 terra
379 332 677 391 transibunt,
702 333 796 380 secl
828 349 933 379 mea
967 330 1117 379 verba
1151 346 1245 378 non
1283 328 1581 387 transibunt,
1600 345 1866 380 muxxxw.

199 404 252 454 id
274 414 363 466 est,
387 407 619 471 quicquid
643 408 842 471 promisi
866 409 965 454 fiet.
1014 407 1139 454 Item
1156 406 1406 454 Johannes
1424 405 1570 452 Evan-
1623 401 1847 480 Dm&

198 483 375 547 gelista
398 482 528 541 (Joh.
554 483 585 530 i.
618 487 675 542 1),
702 484 749 530 in
775 483 869 530 hoc
894 498 1052 539 sensu,
1079 480 1271 528 verbum
1297 480 1398 528 Dei
1420 480 1584 543 appel·
1621 490 1829 528 &Propheta

200 560 271 608 lat
292 558 451 622 ipsum
475 558 742 616 Christum,
768 567 817 606 et
839 558 985 621 paulo
1013 565 1140 620 post,
1166 556 1360 604 verbum
1379 556 1585 620 sactum

200 640 277 682 est
324 648 460 680 caro.
548 632 777 680 Christus
812 633 940 680 enim
977 649 1006 679 a
1039 632 1279 695 principio
1323 631 1588 694 promissus

201 717 293 768 est,
331 709 473 771 (Gen.
510 709 584 769 i.)‚
621 716 831 772 eratque
872 708 922 755 in
950 707 1209 773 princ-Ipio
1244 707 1384 772 apud
1414 707 1588 763 Deum,

200 800 377 848 nempe
400 792 659 832 venturum
679 784 813 831 illum
839 784 899 831 ab
923 791 1108 831 aeterno
1134 783 1417 830 decreverat
1441 783 1588 842 Deus,

202 867 255 909 et
275 868 638 922 assumpturum
664 875 860 906 earnem
879 859 1157 906 humanam.
1228 859 1399 922 Itaque
1417 858 1591 915 Serva?

203 943 283 985 tor
322 944 492 983 noster
530 950 588 982 eo
623 935 733 982 loco
772 934 1045 997 appellatur
1079 933 1290 992 verbnm,
1332 950 1431 981 non
1478 934 1593 997 quia

203 1011 428 1060 Christus
452 1018 579 1057 esset
597 1010 885 1074 promissio,
911 1008 996 1056 sed
1020 1025 1103 1056 res
1121 1009 1393 1072 promissa.
1473 1008 1592 1056 Ver-

205 1086 315 1135 bum
337 1086 431 1133 hoc
456 1086 584 1133 idem
608 1086 635 1133 J
641 1085 871 1142 ohannes,
895 1085 946 1132 in
972 1085 1187 1145 Epistola
1209 1085 1366 1148 prima
1392 1085 1447 1145 (i.
1469 1091 1510 1143 l,
1527 1087 1592 1146 2),

204 1161 417 1225 appellat
450 1160 645 1207 terbum
673 1160 798 1216 ritae,
833 1169 883 1207 et
913 1139 1063 1208 ritdm
1087 1166 1324 1207 oeternam
1348 1177 1459 1225 quaes
1482 1167 1595 1208 erat

206 1236 348 1301 apud
379 1235 582 1283 Patrem
608 1254 626 1290 ,·
674 1243 725 1283 et
759 1236 809 1283 in
847 1236 1140 1299 Apocalypsi
1175 1236 1272 1283 xix.
1308 1243 1379 1294 13,
1428 1252 1595 1283 nomen

206 1312 317 1374 ejus
349 1317 426 1358 est
456 1310 653 1358 verbum
684 1311 799 1367 Dei,
822 1310 961 1373 quasi
998 1310 1197 1368 diceret,
1221 1310 1300 1358 hic
1337 1319 1411 1359 est
1450 1327 1595 1374 quem

205 1394 466 1434 venturum
502 1401 607 1433 esse
643 1385 775 1432 Deus
816 1386 878 1433 ab
916 1393 1100 1433 aeterno
1142 1385 1438 1444 decreverat,
1463 1393 1511 1434 et
1542 1386 1595 1433 in

206 1461 449 1525 principio
487 1460 657 1508 mundi
685 1461 989 1524 promiserat.
1061 1460 1196 1508 Nihil
1224 1477 1341 1524 ergo
1369 1461 1450 1509 hic
1479 1461 1597 1509 dici·

207 1544 290 1585 tur
313 1536 374 1583 de
398 1536 734 1584 incarnatione
757 1536 834 1583 vel
858 1535 1178 1598 promissione
1202 1537 1333 1583 vocis
1361 1545 1448 1584 aut
1470 1537 1593 1595 soni,

207 1611 296 1660 sed
318 1611 379 1659 de
403 1611 739 1658 incarnatione
763 1611 912 1675 ipsius
937 1610 1169 1673 Deifilii.

276 1686 402 1734 Sunt
424 1686 572 1734 etiam
596 1686 706 1734 loca
726 1686 962 1734 nonnulla
985 1687 1035 1733 in
1056 1686 1310 1749 Scriptura
1329 1687 1493 1746 Sacra,
1511 1688 1596 1735 ubi

209 1761 407 1811 verbum
442 1761 544 1809 Dei
577 1762 777 1825 ponitur
821 1777 912 1825 pro
949 1761 1110 1808 verbis
1150 1762 1396 1825 aequitatis
1436 1771 1487 1811 et
1522 1779 1597 1810 ra-

211 1837 375 1896 tionis,
400 1837 491 1885 etsi
514 1853 672 1900 neque
696 1853 726 1884 a
747 1837 987 1900 propheta
1016 1837 1222 1900 prolata,
1247 1853 1406 1901 neque
1434 1854 1464 1885 a
1490 1838 1595 1887 viro

211 1920 400 1962 sancto.
487 1913 615 1961 Nam
662 1913 902 1960 Pharaolz
939 1911 1145 1960 Nechao
1188 1913 1412 1961 idolatra
1452 1922 1558 1962 erat
1583 1934 1595 1969 ;

213 1988 409 2052 quando
432 1997 596 2037 tamen
620 1989 792 2036 nuntio
815 1989 962 2036 misso
984 1989 1013 2036 J
1017 1989 1168 2036 osiam
1192 1990 1398 2048 monuit,
1422 2006 1483 2037 ne
1507 1989 1598 2037 sibi

214 2063 464 2112 invadenti
501 2064 814 2113 Carchemish
848 2072 1132 2127 opponeret,
1167 2065 1315 2112 verba
1348 2066 1452 2128 ejus
1486 2081 1598 2129 pro-

215 2137 348 2186 fecta
368 2154 472 2187 esse
506 2139 736 2187 dicuntur
770 2140 832 2187 ab
855 2155 939 2187 ore
963 2139 1082 2194 Dei;
1118 2140 1265 2187 etiam
1288 2140 1461 2198 Josias,
1487 2141 1601 2203 quia

217 2213 376 2261 verbis
420 2213 514 2262 illis
558 2230 658 2262 non
703 2215 933 2272 obedivit,
968 2215 1136 2278 praelio
1176 2216 1365 2263 occisus
1410 2223 1498 2275 est,
1544 2224 1601 2264 ut

217 2287 379 2351 legere
402 2296 475 2336 est
497 2295 527 2337 2
553 2289 732 2337 Chron.
756 2306 899 2338 xxxv.
925 2296 1005 2348 21,
1031 2297 1112 2348 22,
1137 2297 1217 2338 23.

296 2361 502 2410 Verbum
532 2363 634 2411 Dei
656 2364 914 2427 aliquando
939 2365 1087 2412 etiam
1111 2366 1319 2413 sumitur
1339 2381 1428 2428 pro
1451 2365 1603 2413 dicta-

220 2436 353 2485 mine
375 2446 523 2485 rectae
545 2439 748 2486 rationis
773 2460 786 2494 ;
821 2447 878 2487 ut
901 2440 1096 2503 quando
1119 2441 1170 2487 in
1194 2441 1422 2488 cordibus
1444 2441 1602 2488 homi-

221 2527 341 2560 nnm
374 2512 608 2575 scriptum
642 2513 837 2573 dicitur,
861 2523 919 2562 ut
950 2515 1073 2563 Psal.
1099 2515 1261 2563 xxxvi.
1288 2521 1346 2563 31
1373 2534 1385 2562 :
1419 2516 1599 2564 Jerem.

221 2586 354 2635 xxxi.
379 2592 471 2641 33;
496 2594 547 2635 et
572 2588 733 2636 multis
756 2589 862 2637 aliis
885 2589 1020 2638 locis.

289 2661 396 2709 Vox
420 2662 676 2726 propheta
705 2664 757 2712 in
780 2665 1043 2728 Scripturis
1068 2666 1228 2714 Sacris
1250 2666 1493 2729 significat
1514 2666 1603 2714 ali-

225 2735 421 2800 quando
447 2736 831 2801 prolocutorem,
854 2740 907 2788 id
940 2748 1029 2799 est,
1053 2741 1189 2789 illum
1224 2741 1307 2804 qui
1337 2740 1603 2804 alloquitur

224 2811 459 2871 hominoe,
495 2819 552 2861 ut
587 2812 761 2863 missus
795 2831 826 2863 a
861 2815 998 2872 Deo;
1033 2816 1110 2865 vel
1147 2817 1303 2865 Deum
1339 2817 1603 2880 alloquitur
