1910 3236
388 286 453 328 90
910 292 981 326 DE
1010 291 1252 324 HOMINE.

133 428 234 460 ρΑΡ,
252 429 336 461 xu.
457 405 633 452 Mundi
657 404 862 451 materia
885 402 1108 450 informis
1144 402 1263 450 deus
1297 402 1586 461 habebatur,
1613 402 1775 450 dictus

125 482 328 562 Dm
391 481 565 529 Chaos.
591 480 798 536 Coelum,
813 486 960 536 terra,
978 493 1205 536 oceanus,
1221 478 1446 541 planetae,
1464 477 1606 540 ignis,
1622 478 1776 536 venti,

389 556 598 604 totidem
613 554 696 602 dii.
732 553 853 610 Viri,
872 553 1098 609 faeminae,
1117 568 1247 611 aves,
1268 552 1558 611 crocodilus,
1575 553 1775 611 vitulus,

389 633 539 690 canis,
558 630 746 693 anguis,
771 645 989 692 porrum,
1015 644 1164 691 caepe,
1185 628 1425 676 deificata.
1475 628 1653 676 Omnia
1674 628 1777 676 fere

389 708 497 755 loca
513 705 814 754 daemonibus
831 704 978 767 plena
995 712 1158 758 erant3
1185 704 1477 767 campestria
1495 703 1704 751 Panibus
1728 711 1779 751 et

389 783 633 837 Paniscis;
670 781 803 829 silvae
827 780 1006 828 Faunis
1030 788 1079 828 et
1104 780 1361 843 Nymphis.
1405 780 1577 828 Omnis
1600 779 1778 827 fluvius

388 866 439 906 et
460 858 570 905 fons
595 856 867 905 daemonem
891 856 1105 904 habebat
1129 871 1403 919 cognomen
1424 876 1436 910 3
1470 870 1778 919 unaquaeque

389 934 563 982 domus
599 948 741 980 suum
774 932 955 986 larem3
990 930 1325 993 unusquisque
1348 931 1494 978 homo
1519 946 1661 978 suum
1692 945 1778 993 ge-

387 1009 538 1056 nium.
609 1008 813 1056 Plenum
841 1016 948 1055 erat
972 1006 1275 1055 daemonibus
1298 1006 1576 1062 infernum3
1611 1006 1777 1065 larvae,

387 1085 611 1142 lemures,
652 1084 838 1131 umbrae
883 1091 1190 1130 mortuorum
1237 1082 1463 1130 omnibus
1499 1082 1601 1129 fere
1642 1082 1777 1130 locis.

387 1159 548 1207 Etiam
583 1159 918 1206 accidentibus
949 1158 1257 1205 divinitatem
1280 1157 1629 1216 attribuerunt,
1654 1166 1778 1205 tem-

387 1235 470 1298 pla
500 1234 821 1292 aedificarunt,
852 1242 908 1282 ut
939 1234 1166 1297 tempori,
1201 1233 1313 1292 diei,
1338 1233 1488 1292 nocti,
1512 1233 1639 1296 paci,
1662 1249 1779 1281 con-

389 1311 584 1369 cordiae,
600 1311 771 1369 amori,
791 1310 1112 1368 contentioni,
1127 1309 1362 1368 victoriae,
1378 1309 1566 1367 virtuti,
1585 1309 1779 1367 honori,

389 1387 602 1442 sanitati,
638 1386 868 1449 rubigini,
905 1385 1059 1440 febri3
1108 1401 1233 1447 quae,
1278 1401 1389 1432 cum
1428 1391 1658 1448 optarent
1693 1393 1781 1432 aut

390 1468 682 1519 metuerent,
702 1460 998 1508 invocabant
1016 1460 1155 1522 quasi
1178 1460 1517 1523 impendentes
1541 1460 1781 1523 capitibus

390 1537 522 1585 deos.
592 1537 754 1584 Etiam
784 1536 984 1599 ingenia
1017 1536 1218 1598 propria
1244 1535 1556 1594 invocabant,
1581 1536 1781 1583 nomine

389 1613 667 1667 Musarum3
692 1612 1017 1675 ignorantiam
1034 1611 1297 1674 propriam,
1315 1612 1512 1659 nomine
1527 1611 1778 1666 Fortunae3

389 1687 632 1735 luxuriam
665 1687 928 1750 propriam,
953 1687 1151 1735 nomine
1188 1687 1468 1750 Cupidinis;
1510 1688 1634 1735 iram
1666 1703 1780 1750 pro-

389 1763 562 1825 priam,
581 1763 778 1810 nomine
798 1762 1072 1816 Furiarum;
1098 1762 1329 1826 pudenda
1350 1763 1563 1826 propria,
1582 1762 1781 1810 nomine

392 1838 554 1900 Priapi
571 1855 582 1891 ;
616 1837 838 1900 proprias
858 1837 1066 1900 denique
1083 1837 1377 1900 pollutiones
1396 1837 1586 1885 incubis
1606 1845 1656 1885 et
1674 1854 1782 1886 suc-

391 1913 527 1960 cubis
562 1913 939 1975 imputaverunt.
1008 1912 1147 1960 Adeo
1178 1919 1234 1959 ut
1265 1913 1388 1960 nihil
1416 1922 1560 1970 esset,
1590 1912 1650 1960 de
1682 1929 1782 1977 quo

392 1996 448 2035 ut
471 1988 531 2035 de
554 2004 761 2051 persona
787 1996 936 2051 poeta
965 1988 1101 2050 loqui
1131 1988 1311 2050 potuit,
1336 1989 1470 2051 quod
1493 1989 1554 2037 ab
1578 1988 1672 2036 illis
1695 1995 1781 2037 aut

391 2064 510 2111 deus
534 2071 619 2111 aut
643 2063 836 2111 daemon
859 2079 956 2111 non
982 2063 1279 2111 crederetur.

457 2140 611 2187 Iidem
625 2140 874 2203 religionis
889 2139 1110 2202 gentium
1125 2139 1371 2198 authores,
1398 2154 1509 2186 cum
1529 2138 1780 2202 religionis

388 2216 650 2264 fundamen
657 2224 761 2264 tum
776 2216 1235 2263 animadvertissent
1250 2231 1354 2263 esse
1370 2230 1626 2262 causarum
1640 2214 1780 2278 igno-

389 2292 643 2350 rationem,
677 2301 727 2340 et
756 2292 871 2340 inde
905 2292 1126 2339 innatum
1156 2290 1433 2339 hominibus
1463 2306 1651 2338 morem
1678 2290 1778 2339 for-

387 2375 532 2415 tunas
551 2384 661 2415 suas
680 2368 836 2415 causis
854 2366 1163 2415 adscribendi
1186 2365 1307 2413 nihil
1331 2365 1394 2413 ad
1418 2366 1646 2414 effectum
1664 2366 1780 2414 atti-

388 2443 633 2501 nentibus,
682 2442 944 2490 obtrudere
994 2441 1333 2505 ignorantibus
1379 2441 1484 2488 ausi
1530 2451 1644 2490 sunt
1689 2457 1779 2505 pro

390 2519 548 2566 causis
576 2517 802 2565 secundis
831 2517 1069 2565 secundos
1093 2516 1331 2580 quosdam
1363 2524 1412 2564 et
1444 2517 1779 2566 ministrantes

391 2594 521 2652 deos,
539 2593 892 2641 fecunditatem
905 2593 1100 2651 Veneri,
1125 2600 1255 2639 artes
1279 2591 1510 2654 Apollini,
1530 2592 1776 2656 ingenium

390 2669 654 2727 Mercurio,
679 2677 850 2717 ventos
880 2668 1038 2725 AEolo,
1062 2667 1281 2730 aliosque
1314 2668 1516 2716 effectus
1549 2668 1641 2716 diis
1671 2668 1778 2717 aliis

390 2745 700 2792 ascribentes.
771 2743 909 2791 Adeo
933 2751 988 2791 ut
1008 2750 1127 2806 quot
1151 2750 1266 2791 sunt
1289 2758 1452 2790 rerum
1475 2743 1777 2807 agendarum

389 2837 586 2883 genera,
611 2829 687 2868 tot
710 2820 812 2867 fere
835 2827 1026 2867 veteres
1050 2818 1235 2867 ethnici
1256 2818 1472 2866 habuere
1497 2819 1631 2867 deos.

455 2896 617 2944 Etiam
648 2896 711 2944 ad
746 2895 932 2943 cultum
968 2893 1185 2942 divinum
1219 2909 1363 2957 quem
1395 2902 1571 2943 natura
1605 2894 1776 2952 dictat,
