1910 3236
73 389 175 422 CAP.
192 390 311 425 XVII.

101 446 286 468 -Ὓ-μ

61 486 105 513 De
115 495 213 520 causa,
225 496 308 524 gene

59 530 179 562 ratione,
192 534 221 557 et
234 531 303 558 defi-

57 572 168 602 nitione
181 574 314 603 civitatis.
368 598 378 607 .

350 246 440 289 130
854 257 925 289 DE
954 257 1228 291 clvrrATE.

341 375 532 432 putant,
557 369 751 432 quique,
778 367 895 415 dum
929 384 1016 416 suo
1056 369 1259 432 quisque
1291 369 1436 418 modo
1461 370 1729 418 reformare

340 446 526 503 volunt,
546 445 782 493 dissident
805 444 933 492 inter
951 461 1002 492 se
1027 453 1077 492 et
1095 445 1210 493 belli
1233 462 1379 494 causa
1401 455 1529 494 sunt.

412 522 619 579 Quarto,
656 521 883 568 animalia
920 521 1017 579 illa,
1056 521 1147 568 etsi
1181 521 1245 569 ad
1285 522 1576 585 cupiditates
1616 538 1728 569 suas

342 597 684 661 Slgnificandas
719 597 847 644 inter
882 612 932 644 se
966 597 1100 644 vocis
1135 613 1277 644 usum
1299 597 1512 646 habeant
1546 605 1730 661 quanto

341 681 501 736 egent,
518 674 776 721 verborum
791 681 957 721 tamen
972 681 1078 720 arte
1095 672 1180 720 illa
1194 680 1377 731 carent,
1398 689 1494 736 qua
1506 673 1730 721 homines

340 749 422 797 alii
457 748 561 796 aliis
596 748 751 796 videri
788 748 973 796 faciunt
1005 748 1190 795 bonum
1224 748 1420 807 malum,
1459 756 1508 796 et
1547 749 1730 796 malum

339 826 522 873 bonum
543 847 554 880 3
591 841 823 888 magnum
845 840 1065 888 parvum,
1088 833 1138 871 et
1161 840 1364 887 parvum
1381 840 1642 888 magnum;
1680 830 1731 871 et

339 902 463 950 alter
485 901 684 949 alterius
702 901 917 949 actiones
931 900 1002 947 ita
1015 899 1346 963 reprehendit,
1361 907 1418 947 ut
1435 899 1549 948 inde
1571 899 1730 948 turbae

338 978 572 1025 oriantur.

406 1052 608 1111 Quinto,
643 1051 873 1099 animalia
907 1052 1054 1098 bruta
1089 1050 1218 1098 inter
1254 1049 1481 1113 injuriam
1509 1057 1560 1098 et
1594 1050 1731 1098 dam-

337 1144 456 1176 num
488 1144 589 1176 non
631 1127 954 1190 distinguunt.
1026 1126 1199 1188 Itaque
1235 1125 1468 1189 quamdiu
1489 1126 1614 1173 bene
1638 1125 1731 1174 sibi

338 1212 426 1263 est,
448 1204 637 1252 caeteris
660 1219 761 1251 non
775 1202 1011 1251 invident.
1083 1203 1248 1249 Homo
1264 1209 1429 1249 autem
1452 1208 1571 1249 tunc
1594 1218 1731 1249 max-

337 1279 434 1327 ime
466 1279 701 1327 molestus
726 1285 813 1337 est,
844 1277 1039 1342 quando
1073 1277 1174 1326 otio
1212 1277 1482 1341 opibusque
1518 1278 1731 1327 maxime

338 1355 573 1403 abundat.
622 1355 760 1402 Tunc
779 1354 909 1401 enim
930 1353 1217 1416 sapientiam
1237 1368 1375 1400 suam
1390 1353 1441 1400 in
1455 1354 1731 1417 regentium

338 1431 612 1479 actionibus
637 1428 1049 1494 reprehendendis
1073 1435 1320 1476 ostentare
1344 1436 1492 1476 amat.

406 1507 672 1564 Postremo,
688 1505 970 1553 animalium
993 1505 1187 1552 illorum
1220 1504 1474 1552 consensio
1498 1521 1528 1552 a
1551 1513 1731 1554 natura

340 1588 415 1629 est
432 1603 443 1636 ;
470 1582 725 1630 consensio
741 1588 906 1629 autem
923 1580 1178 1629 hominum
1193 1597 1223 1628 a
1236 1580 1393 1644 pactis
1407 1588 1496 1638 est,
1513 1588 1564 1628 et
1578 1582 1731 1629 artifi-

340 1658 475 1705 ciale.
546 1658 729 1705 Mirum
771 1673 889 1720 ergo
926 1672 1027 1704 non
1058 1663 1146 1714 est,
1179 1656 1220 1704 si
1257 1655 1320 1704 ad
1359 1656 1643 1704 firmitatem
1679 1665 1731 1704 et

340 1732 648 1781 durationem
685 1734 789 1796 ejus
831 1733 965 1780 aliud
1001 1740 1182 1796 praeter
1213 1739 1410 1795 pactum
1435 1733 1729 1795 requiratur,

338 1824 515 1872 nempe
545 1809 765 1872 potentia
788 1808 1058 1856 communis
1083 1824 1230 1871 quam
1266 1807 1444 1872 singuli
1486 1815 1728 1867 metuant,

339 1892 391 1932 et
415 1900 523 1948 quae
547 1885 764 1932 omnium
796 1884 1014 1932 actiones
1038 1883 1102 1931 ad
1137 1884 1322 1931 bonum
1359 1899 1618 1932 commune
1648 1900 1728 1932 or-

341 1960 493 2008 diuet.

407 2035 727 2084 Communem
764 2042 926 2083 autem
961 2035 1230 2098 potentiam
1255 2034 1602 2092 constituendi,
1618 2050 1729 2097 quae

265 2102 268 2163 ,Ϊ
339 2112 562 2160 homines
594 2118 701 2159 tum
724 2111 785 2158 ab
809 2111 1057 2158 invasione
1081 2117 1361 2158 exterorum
1385 2117 1489 2158 tum
1515 2110 1577 2158 ab
1601 2110 1730 2174 inju-

343 2187 426 2236 riis
444 2187 627 2235 mutuis
650 2187 778 2235 tueri
800 2186 969 2250 possit,
995 2187 1064 2234 ita
1087 2194 1142 2234 ut
1164 2187 1376 2250 propriae
1400 2186 1655 2235 industriae
1678 2194 1730 2235 et

342 2262 531 2311 telluris
547 2262 713 2310 fructu
736 2261 956 2310 contenti
986 2261 1153 2309 vivant
1176 2269 1225 2308 et
1247 2261 1458 2320 alantur,
1482 2261 1628 2310 unica
1649 2261 1730 2310 via

342 2338 450 2386 haec
472 2344 547 2386 est
562 2359 575 2394 ;
609 2346 666 2386 ut
683 2337 955 2402 potentiam
974 2344 1024 2385 et
1037 2337 1137 2385 vim
1155 2353 1292 2385 suam
1307 2353 1503 2385 omnem
1518 2337 1570 2385 in
1591 2337 1728 2386 hom-

341 2414 472 2462 inem
488 2413 566 2462 vel
583 2413 832 2462 hominum
851 2421 1034 2461 coetum
1048 2429 1201 2460 unum
1216 2412 1552 2476 unusquisque
1569 2420 1730 2461 trans-

340 2490 482 2549 ferat,
499 2489 630 2537 unde
651 2489 928 2538 voluntates
946 2488 1162 2536 omnium
1186 2487 1250 2535 ad
1272 2488 1468 2535 unicam
1490 2487 1729 2536 reducan-

341 2574 423 2615 tur
442 2588 454 2623 ;
489 2566 541 2614 id
558 2572 647 2626 est,
662 2572 718 2614 ut
733 2580 859 2613 unus
881 2565 1027 2612 homo
1050 2563 1128 2611 vel
1152 2571 1306 2611 coetus
1320 2579 1446 2611 unus
1468 2579 1729 2628 personam

340 2650 481 2707 gerat
499 2642 876 2705 uniuscujusque
891 2640 1101 2687 hominis
1119 2640 1392 2703 singularis,
1407 2648 1561 2704 utque
1577 2655 1730 2688 unus-

342 2719 546 2782 quisque
577 2718 832 2766 authorem
874 2732 926 2764 se
957 2732 1061 2764 esse
1101 2715 1314 2764 fateatur
1340 2716 1590 2764 actionum
1623 2732 1728 2764 om-

340 2794 477 2842 nium
512 2810 631 2858 quas
654 2793 810 2858 egerit
832 2808 1041 2857 persona
1074 2792 1171 2850 illa,
1192 2793 1392 2856 ejusque
1415 2791 1656 2840 voluntati
1679 2798 1729 2840 et

336 2870 522 2933 judicio
540 2870 844 2919 voluntatem
867 2885 1003 2918 suam
1023 2867 1297 2916 submittat.
1344 2868 1433 2915 Est
1455 2874 1618 2916 autem
1633 2867 1728 2916 hoc
