1968 3236
705 207 775 240 m:
804 207 1080 241 ctvrrATss.
1500 193 1590 236 169

206 321 311 385 ipsa
332 319 654 377 institutione,
680 319 864 366 semina
888 318 1041 366 multa
1083 314 1395 364 mortalitatis
1425 330 1456 362 a
1493 313 1590 361 dis-

207 395 387 445 cordiis
410 395 589 443 civium
613 394 844 458 ipsorum.

276 471 328 519 Si
350 470 469 518 civis
487 470 613 518 bello
633 478 804 533 captus
828 470 907 527 sit,
927 469 1002 516 vel
1020 484 1242 532 personae
1257 476 1344 515 aut
1358 466 1471 514 vitae
1487 466 1591 529 ejus

207 546 481 595 necessaria
503 546 632 593 intra
653 545 881 609 praesidia
903 544 1116 592 hostium
1140 544 1266 598 sint;
1301 542 1467 590 hostes
1506 557 1592 588 au-

208 630 309 671 tem
328 622 477 670 vitam
502 630 552 668 et
577 622 794 684 corporis
819 622 1093 669 libertatem
1119 620 1186 668 illi
1211 619 1511 683 permittant,
1536 632 1596 664 ea

210 697 495 747 conditione
536 706 591 745 ut
626 698 799 745 victori
825 697 1048 744 subditus
1073 697 1156 751 sit;
1181 695 1299 743 civis
1323 695 1402 742 ille
1427 692 1595 742 condi·

210 773 394 821 tionem
417 773 687 836 accipiendi
709 773 987 820 libertatem
1011 773 1190 827 habet3
1215 780 1266 819 et
1289 787 1400 819 cum
1424 785 1596 833 accep-

209 849 403 906 taverit,
451 849 650 897 victoris
691 849 914 896 subditus
960 861 1034 896 est
1055 869 1066 899 z
1103 865 1216 895 nam
1262 847 1358 894 alia
1406 845 1597 893 ratione

211 941 499 973 conservare
523 941 573 972 se
598 941 697 972 non
729 925 904 987 potuit.
975 924 1026 972 Si
1051 924 1157 987 quis
1181 932 1343 971 autem
1368 922 1430 970 ab
1454 921 1596 969 hoste

211 1000 264 1048 in
287 1016 482 1048 carcere
506 1009 591 1048 aut
609 1000 813 1047 vinculis
830 1000 1120 1057 detineatur,
1141 1015 1231 1047 nec
1251 998 1481 1046 credatur
1504 996 1597 1044 sibi

214 1092 391 1139 corpus
414 1093 571 1135 suum,
596 1084 741 1139 pacto
765 1076 957 1123 vinctus
996 1091 1094 1122 non
1132 1073 1438 1136 intelligitur,
1462 1072 1598 1119 ideo-

214 1168 308 1216 que
331 1152 565 1215 aufugere
596 1151 670 1199 vel
706 1167 897 1199 servare
923 1167 973 1199 se
998 1165 1288 1214 quocunque
1312 1148 1459 1196 modo
1487 1149 1599 1212 jure

213 1236 392 1291 potest.

284 1303 334 1351 Si
350 1303 618 1351 monarcha
641 1318 842 1350 summae
866 1302 1099 1366 potestati
1122 1317 1212 1365 pro
1237 1317 1287 1348 se
1320 1308 1371 1348 et
1394 1298 1601 1347 haeredi-

215 1379 306 1427 bus
352 1380 451 1427 suis
491 1379 755 1437 renuntiet,
797 1378 1003 1426 redeunt
1049 1377 1179 1424 cives
1224 1376 1287 1424 ad
1324 1376 1599 1436 libertatem

216 1462 406 1502 naturoe
424 1454 709 1502 absolutam.
780 1454 1072 1516 Quanquam
1091 1452 1222 1499 enim
1247 1451 1355 1514 quis
1379 1451 1449 1498 illi
1471 1450 1601 1497 filius

216 1529 280 1577 sit
318 1529 395 1577 vel
428 1529 720 1593 cognatione
757 1529 1006 1592 proximus
1043 1527 1224 1575 indicet
1253 1535 1456 1581 natura;
1493 1525 1603 1588 quis

217 1613 383 1654 tamen
428 1605 498 1653 illi
540 1605 695 1652 haeres
741 1605 804 1652 sit
845 1603 1103 1667 dependet,
1129 1611 1186 1650 ut
1231 1611 1482 1650 ostensum
1528 1608 1605 1648 est

218 1681 377 1744 capite
400 1680 726 1743 praecedente,
751 1696 781 1726 a
804 1695 891 1726 sua
914 1678 1064 1742 ipsius
1088 1677 1359 1725 voluntate.
1429 1677 1604 1739 Itaque

218 1755 259 1804 si
271 1755 518 1804 haeredem
541 1755 721 1802 habere
745 1754 886 1812 nolit,
907 1769 1098 1801 summa
1115 1760 1334 1816 potestas
1352 1760 1400 1799 et
1415 1752 1604 1814 subjec-

218 1830 289 1879 tio
307 1830 452 1894 perit.
523 1829 660 1877 Idem
678 1829 937 1892 contingit,
954 1828 993 1875 si
1009 1828 1248 1876 moriatur
1262 1827 1366 1875 sine
1382 1826 1606 1890 cognatis

220 1906 431 1969 cognitis
449 1912 499 1953 et
531 1906 635 1953 sine
666 1904 874 1953 haeredis
899 1903 1242 1952 declaratione.
1311 1903 1451 1950 Tunc
1475 1902 1604 1950 enim

220 1981 355 2029 nulla
371 1981 597 2044 cuiquam
615 1980 820 2028 debetur
837 1980 1130 2038 obedientia,
1147 1996 1258 2027 cum
1277 1980 1355 2028 cui
1371 1987 1606 2044 praestan-

222 2056 287 2104 da
309 2055 373 2104 sit
396 2056 662 2119 ignoretur.

290 2130 343 2179 Si
364 2138 663 2195 potestatem
686 2131 871 2179 habens
894 2146 1133 2178 summam
1157 2130 1407 2178 subditum
1430 2130 1481 2177 in
1505 2130 1606 2177 exi-

222 2206 342 2255 lium
365 2206 563 2262 mittat;
597 2215 827 2255 manente
861 2206 1005 2254 exilio
1040 2205 1263 2254 subditus
1298 2206 1343 2254 ei
1378 2223 1476 2254 non
1513 2215 1604 2253 est.

227 2282 325 2330 Sed
361 2282 444 2345 qui
480 2282 532 2330 in
572 2282 821 2331 civitatem
848 2283 1055 2331 alienam
1078 2282 1292 2330 mittitur
1315 2282 1377 2329 de
1411 2282 1609 2344 negotio

226 2357 408 2421 aliquo,
430 2357 509 2405 vel
537 2358 577 2406 is
615 2358 694 2406 cui
721 2358 1021 2422 peregrinari
1055 2358 1370 2421 permittitur,
1405 2357 1523 2404 civis
1558 2365 1609 2404 et

228 2432 450 2482 subditus
472 2442 652 2482 manet.
723 2434 820 2482 Sed
836 2434 929 2482 hoc
948 2450 1035 2497 per
1058 2442 1364 2481 contractum
1388 2433 1517 2480 inter
1541 2432 1610 2480 ci-

228 2508 407 2557 vitates
430 2509 507 2558 vel
530 2511 640 2574 jure
664 2510 885 2574 gentium
909 2510 965 2557 fit
985 2531 999 2564 ;
1034 2525 1132 2557 non
1156 2510 1204 2557 vi
1227 2509 1359 2572 pacti
1387 2509 1611 2571 alicujus.

232 2584 526 2648 Quicunque
549 2586 679 2634 enim
703 2586 833 2634 intra
855 2587 976 2634 fines
1010 2585 1182 2633 alienae
1217 2584 1427 2632 civitatis
1461 2583 1612 2631 intra-

231 2660 371 2719 verit,
394 2661 524 2709 illius
553 2661 765 2710 civitatis
798 2662 986 2725 legibus
1021 2661 1268 2724 subjectus
1292 2668 1383 2717 est,
1409 2659 1501 2706 nisi
1531 2660 1614 2722 jus

233 2734 414 2783 habeat
436 2736 499 2783 ab
522 2736 738 2784 amicitia
759 2736 889 2784 inter
923 2752 975 2784 se
999 2736 1250 2783 ambarum
1276 2734 1544 2782 civitatum.

228 2839 236 2842 -
302 2809 355 2857 Si
377 2810 643 2858 monarcha
664 2811 792 2859 bello
817 2818 1070 2875 superatus
1094 2809 1342 2858 subditum
1365 2826 1416 2858 se
1438 2809 1615 2858 victori

1631 330 1732 363 CAP.
1751 330 1850 363 XXI.

1648 428 1692 457 De
1705 427 1837 455 libertate

1647 481 1765 500 civium.
