1968 3236
96 368 198 399 CAP.
219 368 356 401 XXIII.

132 422 320 439 *sa-fl

116 463 160 491 De
174 466 294 500 potesta-

115 507 152 534 tis
165 516 284 535 summoe
298 507 348 534 mi-

112 550 211 578 nistris
227 550 361 588 publicis.

383 226 471 268 182
875 233 944 265 DE
972 233 1244 266 CIVITATE.

377 346 460 409 qui
484 361 720 393 summam
755 344 952 391 habenti
986 350 1278 406 potestatem
1323 345 1545 392 minister
1586 354 1660 393 est
1705 353 1761 392 ut

376 437 597 485 personae
622 420 847 477 naturali,
873 419 1094 466 minister
1116 418 1339 482 publicus
1362 436 1462 467 non
1499 429 1590 467 est.
1660 421 1759 469 Qui

377 513 492 545 vero
530 496 751 543 minister
792 494 1009 558 ejusdem
1046 502 1120 541 est
1160 494 1211 541 in
1241 495 1663 543 administratione
1687 496 1759 543 rei

378 573 600 636 publicae,
621 571 701 618 ille
724 570 945 617 minister
968 569 1189 631 publicus
1208 577 1295 617 est.
1363 570 1610 619 Janitores
1626 587 1759 634 ergo,

378 648 553 706 nuntii,
578 647 756 710 aliique
775 645 986 692 ministri
1006 645 1089 707 qui
1107 645 1380 692 inserviunt
1399 646 1547 693 coetui
1570 662 1760 694 summo

378 731 577 787 propter
600 722 722 769 nihil
746 721 879 769 aliud
900 729 1082 784 praeter
1110 721 1507 769 commoditatem
1542 722 1760 785 ipsorum

378 799 460 863 qui
480 797 763 861 congregati
782 804 910 855 sunt,
926 796 1134 843 ministri
1148 796 1329 858 publici
1342 813 1441 844 non
1460 805 1586 844 sunt.
1624 797 1761 845 Idem

378 876 438 923 de
463 874 612 922 servis
636 883 686 921 et
724 873 917 920 famulis
955 872 1235 920 domesticis
1259 873 1553 931 monarchae,
1577 873 1628 921 in
1650 889 1762 937 per-

378 968 496 999 sona
518 950 729 998 naturali
753 948 1063 1007 considerati,
1089 948 1349 996 dicendum
1373 955 1461 996 est.

444 1027 787 1074 Ministrorum
805 1025 1111 1088 publicorum
1131 1024 1372 1088 aliquibus
1391 1024 1542 1072 totius
1561 1024 1764 1072 dominii

379 1102 753 1150 administrandi
800 1117 918 1149 cura
955 1101 1315 1156 committitur;
1351 1107 1406 1148 ut
1430 1101 1625 1164 quando
1649 1117 1762 1164 pro-

378 1178 556 1226 tectori
579 1177 856 1225 monarchae
880 1175 1079 1223 infantis
1102 1176 1163 1223 ab
1188 1183 1495 1224 antecessore
1520 1191 1606 1224 suo
1631 1191 1764 1224 com-

378 1254 592 1302 mittitur
639 1253 793 1300 tutela
828 1268 940 1300 cum
986 1259 1092 1299 tota
1136 1251 1276 1314 regni
1324 1251 1763 1299 administratione.

382 1329 590 1378 Quando
609 1328 659 1375 id
682 1329 754 1386 fit,
780 1327 897 1375 civis
921 1326 1254 1389 unusquisque
1272 1326 1343 1374 illi
1358 1326 1558 1374 obedire
1579 1326 1765 1390 obliga-

379 1413 475 1462 tur,
502 1412 550 1452 et
573 1404 811 1467 imperata
847 1404 950 1466 ejus
973 1402 1150 1460 facere,
1177 1409 1415 1465 quatenus
1438 1402 1489 1450 in
1530 1402 1659 1466 regis
1693 1402 1765 1450 in-

379 1479 526 1527 fantis
566 1479 763 1527 nomine
802 1478 1136 1541 imperabitur,
1161 1485 1211 1525 et
1249 1486 1489 1543 quatenus
1526 1477 1767 1541 imperata

379 1556 485 1618 ipsa
517 1554 750 1618 potestati
793 1569 994 1601 summae
1028 1553 1228 1600 infantis
1264 1569 1364 1601 non
1403 1553 1763 1616 repugnabunt.

381 1630 618 1678 Ministris
643 1629 883 1692 aliquibus
920 1628 1185 1691 provinciae
1219 1635 1413 1676 tantum
1443 1628 1766 1676 committitur

381 1705 738 1754 administratio
765 1725 776 1759 ;
834 1710 890 1751 ut
935 1703 1130 1766 quando
1176 1704 1442 1751 monarcha
1485 1704 1564 1751 vel
1611 1713 1766 1752 coetus

382 1797 597 1831 summus
634 1779 897 1843 provinciae
932 1779 1135 1841 alicujus
1170 1778 1472 1842 praefectum,
1495 1779 1657 1827 locum
1693 1788 1765 1827 te-

381 1864 595 1912 nentem,
618 1854 695 1902 vel
718 1869 994 1917 pro-regem
1017 1852 1150 1900 facit.
1222 1853 1369 1902 Quod
1392 1870 1503 1901 cum
1526 1855 1598 1911 fit,
1621 1871 1767 1902 unus-

383 1932 586 1995 quisque
609 1929 979 1994 provincialium
1003 1935 1200 1976 tenetur
1223 1928 1292 1976 illi
1315 1929 1514 1977 obedire
1532 1930 1583 1977 in
1611 1930 1766 1978 omni-

380 2008 488 2066 bus,
535 2021 642 2069 quae
686 2004 964 2052 monarehae
1009 2003 1087 2051 vel
1132 2004 1307 2051 summi
1354 2013 1512 2052 coetus
1566 2007 1766 2054 nomine

381 2082 766 2146 imperabuntur,
791 2095 882 2127 nec
900 2080 1135 2142 potestati
1155 2096 1355 2128 summae
1374 2082 1621 2130 contraria
1636 2091 1764 2131 sunt.

381 2157 633 2222 Ejusmodi
658 2156 787 2204 enim
812 2155 1020 2203 ministri
1050 2156 1130 2218 jus
1163 2156 1351 2203 nullum
1389 2157 1591 2214 habent,
1635 2159 1767 2222 quod

381 2250 480 2282 non
507 2232 748 2296 dependet
770 2248 800 2280 a
820 2231 1069 2279 voluntate
1094 2247 1293 2280 summae
1318 2234 1588 2295 potestatis.
1659 2235 1767 2282 Hu-

378 2309 594 2374 jusmodi
608 2316 770 2356 autem
779 2307 987 2355 ministri
1002 2307 1183 2370 publici
1198 2308 1358 2355 nervis
1372 2308 1765 2374 tendinibusque‚

386 2387 559 2450 quibus
583 2384 799 2448 corporis
822 2384 1020 2431 humani
1044 2392 1302 2431 moventur
1325 2393 1476 2443 artus,
1494 2386 1767 2448 comparari

385 2469 602 2526 possunt.

447 2535 930 2586 Administrationem
957 2535 1138 2583 habent
1169 2535 1251 2582 alii
1282 2536 1591 2599 negotiorum
1611 2545 1769 2585 certo-

386 2630 495 2662 rum
520 2612 666 2671 domi,
691 2611 772 2660 alii
795 2610 928 2658 foris.
997 2610 1138 2658 Domi
1180 2610 1401 2658 minister
1436 2612 1662 2675 publicus
1693 2619 1768 2661 est

387 2689 450 2737 ad
473 2687 796 2737 oeconomiam
820 2685 1046 2743 civitatis,
1072 2685 1435 2745 thesaurarius,
1453 2687 1532 2735 cui
1556 2687 1767 2736 civitatis

388 2765 572 2813 reditus
611 2761 890 2827 recipiendi,
931 2761 1170 2820 servandi,
1212 2762 1461 2825 erogandi,
1494 2763 1766 2811 authoritas

389 2848 463 2888 est
499 2840 613 2888 data
637 2856 667 2888 a
689 2854 877 2888 summa
919 2844 1177 2901 potestate,
1202 2844 1251 2885 et
1298 2838 1375 2886 cui
1398 2838 1644 2887 redituum
1688 2853 1766 2886 ra-
