1968 3236
183 392 239 424 CA
245 393 269 423 P
275 415 284 425 .
303 393 334 423 Χ
341 392 379 424 [Α
387 393 414 422 V
420 415 430 425 .

218 447 406 469 b-r—-ae

203 488 247 515 De
262 489 389 516 tenebris

201 531 402 568 spiritualibus

202 574 239 601 ab
252 574 419 611 interpreta-

202 617 279 645 tione
292 627 351 645 non
362 621 440 646 recta

202 660 427 698 Scriptururum.

465 251 562 294 460
797 260 866 292 DE
896 258 1083 308 REGNO
1110 258 1516 293 TENEBRARUM.

466 388 610 435 quam
636 388 747 418 cum
772 371 1056 433 corporibus
1082 370 1130 416 in
1156 371 1512 418 resurrectione
1550 370 1710 418 denuo
1743 370 1851 417 uni-

464 456 650 505 rentur,
675 461 916 493 mansurae
941 453 1132 499 essent3
1169 453 1504 507 putaruntque
1528 444 1695 508 aliqui,
1719 444 1852 508 quod

465 522 832 585 requiescebant
857 521 945 567 sub
965 520 1214 567 altaribus.
1268 520 1365 567 Sed
1383 521 1600 568 ecclesiae
1616 521 1851 568 Romanae

464 597 629 645 utilius
647 595 845 643 tandem
868 594 1025 642 visum
1044 601 1133 653 est,
1152 595 1454 643 mansionem
1469 596 1563 644 illis
1586 595 1714 644 hanc
1737 595 1853 644 aedj-

463 674 609 720 ficare
633 670 918 734 purgatorii.

529 746 901 795 Consideremus
936 747 1039 809 jam
1075 745 1185 793 loca
1224 746 1490 809 Scripturae
1534 747 1633 806 illa,
1675 746 1850 810 quibus

462 823 671 870 maxime
702 822 981 869 innituntur
1009 837 1198 868 errores
1233 821 1303 868 illi
1337 829 1438 869 tres
1461 822 1684 885 proxime
1708 837 1849 886 supe-

462 898 628 945 riores.
701 897 1015 960 Argumentis
1053 897 1182 944 enim
1217 897 1515 956 Bellarmini,
1541 898 1715 961 quibus
1737 913 1851 961 pro-

460 975 576 1021 bare
613 981 816 1021 conatus
849 980 923 1020 est
958 988 1165 1035 regnum
1202 973 1294 1021 Dei
1332 989 1438 1021 esse
1475 974 1730 1022 ecclesiam
1763 973 1850 1022 ad-

462 1050 785 1097 ministratam
823 1065 852 1096 a
888 1049 1124 1096 Pontifice
1166 1048 1388 1097 Romano
1431 1050 1483 1097 in
1523 1049 1617 1098 hoc
1650 1049 1850 1108 mundo,

462 1140 746 1188 responsum
772 1134 845 1172 est
868 1132 998 1183 ante,
1024 1132 1074 1172 et
1105 1124 1509 1184 demonstratum,
1534 1142 1740 1189 regnum
1758 1126 1851 1174 Dei

462 1201 739 1248 institutum
786 1201 873 1247 sub
922 1201 1062 1247 Mose
1110 1200 1308 1248 desiisse
1347 1201 1398 1248 in
1437 1201 1674 1249 electione
1719 1201 1850 1266 regis

463 1276 612 1334 Sauli,
649 1283 698 1323 et
726 1282 837 1338 post
867 1275 988 1322 illud
1023 1284 1215 1338 tempus
1248 1276 1550 1325 sacerdotem
1590 1293 1848 1336 summum,

461 1352 759 1400 authoritate
794 1351 1008 1414 propria,
1045 1367 1212 1415 regem
1248 1352 1442 1400 Israelis
1477 1353 1665 1401 nullum
1701 1353 1850 1417 depo-

462 1428 627 1475 suisse.
699 1427 756 1474 Id
782 1427 910 1474 enim
936 1427 1068 1490 quod
1093 1427 1301 1475 Athaliae
1323 1427 1442 1476 fecit
1467 1429 1694 1477 sacerdos
1718 1445 1849 1477 sum—

461 1519 583 1561 mus,
621 1519 719 1550 non
762 1504 872 1565 jure
911 1519 998 1550 suo
1034 1502 1168 1558 fecit,
1212 1502 1299 1550 sed
1338 1504 1449 1566 jure
1489 1504 1618 1567 regis
1663 1504 1848 1564 Joashi,

461 1579 669 1626 Athaliae
692 1578 793 1625 filii.
866 1577 962 1625 Sed
995 1594 1082 1625 rex
1108 1578 1341 1626 Solomon
1365 1580 1475 1642 jure
1499 1596 1588 1628 suo
1614 1580 1848 1628 Abiatha-

461 1671 568 1701 rum
606 1654 829 1717 deposuit
866 1654 1170 1702 sacerdotem
1214 1670 1472 1713 summum,
1513 1662 1562 1702 et
1600 1655 1651 1703 in
1685 1655 1847 1704 locum

460 1731 563 1792 ejus
605 1729 861 1777 collocavit
898 1729 1062 1777 alium.
1133 1730 1292 1777 Locus
1337 1738 1501 1778 autem
1536 1730 1847 1780 difficillimus

460 1821 627 1853 eorum
666 1821 773 1867 quae
808 1804 1121 1852 adducuntur
1145 1804 1209 1852 ad
1231 1805 1536 1868 probandum
1572 1805 1706 1869 quod
1736 1822 1846 1871 reg-

459 1897 575 1928 num
604 1881 695 1927 Dei
731 1881 781 1928 in
815 1880 908 1928 hoc
944 1881 1127 1928 mundo
1162 1897 1293 1928 nunc
1329 1882 1508 1941 existit,
1533 1881 1794 1931 adducitur
1817 1899 1848 1932 a

461 1956 602 2014 Beza,
637 1956 718 2019 qui
757 1972 963 2019 regnum
1001 1956 1092 2004 Dei
1126 1957 1363 2020 incepisse
1399 1957 1520 2006 dicit
1548 1974 1578 2006 a
1600 1973 1845 2007 resurrec-

457 2032 590 2079 tione
615 2031 811 2090 Christi,
836 2031 950 2078 inde
973 2038 1268 2095 potestatem
1292 2048 1570 2096 supremam
1594 2033 1846 2083 ecclesias-

456 2107 619 2164 ticam,
645 2107 694 2154 in
719 2107 996 2154 civitatibus
1030 2107 1335 2166 Christianis,
1361 2107 1617 2156 civitatum
1650 2108 1845 2158 illarum

456 2182 769 2245 presbyteriis
806 2198 1041 2230 asserens.
1112 2183 1176 2229 Et
1215 2191 1388 2230 notum
1421 2191 1510 2243 est,
1541 2185 1846 2248 presbyteria

456 2258 538 2305 illa
573 2258 622 2304 in
647 2257 889 2320 aliquibus
912 2257 1031 2305 locis
1067 2273 1207 2321 reges
1231 2274 1343 2306 suos
1367 2260 1842 2318 excommunicasse3

457 2342 506 2381 et
530 2341 863 2396 suprematum
888 2333 939 2380 in
963 2333 1199 2396 religione
1225 2350 1325 2382 non
1350 2335 1508 2383 minus
1532 2335 1583 2383 in
1607 2335 1701 2384 illis
1723 2336 1844 2386 locis

456 2407 547 2454 sibi
571 2424 839 2472 arrogasse,
864 2424 1010 2471 quam
1035 2409 1242 2458 eandem
1265 2419 1562 2474 potestatem
1587 2411 1678 2460 sibi
1701 2413 1843 2461 attri-

454 2483 562 2530 buit
584 2483 921 2531 universaliter
945 2484 1166 2531 Pontifex
1192 2486 1458 2534 Romanus.

526 2558 688 2606 Verba
733 2558 908 2620 quibus
955 2558 1198 2615 innititur,
1247 2569 1376 2618 sunt,
1420 2561 1574 2609 Marc.
1607 2561 1707 2610 viii.
1746 2568 1839 2611 39:

456 2634 610 2680 Amen
645 2634 758 2681 dico
796 2633 948 2693 vobis,
974 2634 1090 2696 qnia
1114 2642 1228 2682 sunt
1251 2636 1455 2700 quidam
1490 2637 1553 2685 de
1584 2636 1664 2685 hic
1705 2644 1842 2685 stan-

457 2708 603 2767 libus,
628 2709 714 2773 qui
751 2726 844 2756 non
881 2709 1158 2773 gustabunt
1196 2718 1413 2770 mortem,
1449 2711 1604 2760 donec
1639 2713 1842 2760 videant

458 2800 661 2845 regnum
706 2785 804 2831 Dei
846 2784 1043 2831 venien-s·
1079 2784 1128 2831 in.
1166 2786 1365 2834 virtute.
1450 2787 1640 2837 Quibus
1681 2788 1841 2836 verbis

454 2859 769 2919 grammatice
810 2859 1037 2923 acceptiS‚
1074 2860 1391 2923 significatur,
1417 2864 1493 2911 vel
1528 2863 1743 2927 aliquem
1780 2879 1840 2932 ert
