1968 3236
417 266 513 309 218
933 273 1003 306 DE
1035 272 1311 307 01v1‘rATE.

130 410 394 444 mnxxvu,
483 388 678 436 Crimen
704 385 788 449 qui
810 399 914 432 esse
934 385 1026 432 scit
1049 391 1099 432 et
1115 384 1249 442 facit,
1269 383 1454 431 crimen
1473 391 1648 447 auget3
1676 383 1809 447 quod

151 466 357 530 „W
415 464 454 511 si
477 463 751 527 profectum
789 467 915 508 esset
949 460 1009 507 ab
1041 459 1270 522 opinione
1295 459 1428 522 quod
1451 460 1638 507 licitum
1663 467 1808 518 esset,

149 546 384 617 Zssss’iffiug'ffi„
414 539 574 586 minus
597 537 782 584 fuisset.
854 535 983 583 Nam
1023 535 1106 598 qui
1143 535 1270 583 male
1306 535 1425 583 facit
1462 543 1635 583 contra
1671 551 1810 583 suam

151 611 377 661 aenuatio'mbus.
414 614 565 677 ipsius
592 611 954 669 conscientiam,
975 611 1160 658 viribus
1185 610 1404 669 confidit,
1430 611 1604 674 quibus
1628 611 1810 658 excita-

412 697 493 737 tur
511 688 573 736 ad
596 688 726 735 idem
743 686 918 749 saepius
942 685 1223 733 faciendum
1244 706 1256 741 ;
1283 685 1368 733 sed
1388 687 1472 749 qui
1490 702 1654 734 errore
1673 686 1807 744 facit,

413 764 610 826 cognito
636 778 801 811 errore
828 762 891 809 ad
914 762 1047 824 leges
1073 761 1424 809 conformatur.

481 840 543 897 Is,
569 839 707 901 cujus
732 854 870 885 error
889 838 950 884 ab
967 837 1263 885 authoritate
1289 836 1503 884 doctoris
1526 837 1604 884 vel
1621 837 1809 901 legum-

413 914 696 976 interpretis
719 913 913 976 publice
939 912 1191 960 constituti
1211 912 1382 971 oritur,
1398 913 1638 960 minorem
1661 914 1811 961 habet

413 990 622 1053 culpam,
656 1004 803 1052 quam
838 989 878 1036 si
913 997 1058 1036 natus
1087 994 1215 1035 esset
1239 1004 1267 1035 a
1291 988 1604 1051 propriorum
1627 988 1807 1051 princi-

411 1067 604 1130 piorum
629 1073 678 1112 et
700 1065 946 1112 rationum
963 1064 1307 1127 prosecutione
1327 1064 1588 1111 obstinata.
1661 1064 1809 1113 Quod

411 1142 541 1190 enim
567 1141 773 1189 docetur
795 1157 884 1204 per
907 1141 1259 1188 authoritatem
1278 1140 1542 1203 publicam,
1557 1156 1586 1187 a
1610 1139 1810 1188 civitate

411 1218 517 1280 ipsa
541 1217 759 1274 docetur,
785 1224 836 1263 et
860 1216 1226 1263 similitudinem
1250 1216 1464 1278 aliquam
1501 1215 1666 1274 habet,
1692 1214 1811 1263 dum

412 1309 513 1340 non
536 1292 839 1356 prohibetur,
863 1292 985 1355 legis
1022 1292 1208 1347 civilis3
1246 1298 1296 1339 et
1334 1291 1556 1350 crimina,
1581 1307 1690 1354 quae
1724 1307 1810 1339 ne-

412 1369 663 1432 gationem
704 1385 805 1415 non
844 1368 1100 1415 continent
1135 1384 1337 1416 summae
1372 1367 1626 1431 potestatis
1650 1382 1810 1430 neque

413 1451 694 1507 repugnant
734 1444 830 1506 legi
866 1444 1153 1502 manifestae,
1179 1444 1398 1492 totaliter
1421 1450 1687 1498 excusant3
1725 1442 1812 1506 qui

413 1528 579 1567 autem
602 1519 855 1582 proprium
875 1520 1115 1582 judicium
1130 1527 1364 1583 sequutus
1381 1527 1569 1583 peccat,
1587 1535 1675 1583 per
1697 1535 1812 1583 pro-

414 1595 577 1658 prium
596 1594 835 1657 judicium
860 1602 945 1642 aut
969 1602 1068 1643 stat
1091 1602 1176 1642 aut
1193 1595 1338 1643 cadit.

482 1669 619 1717 Idem
650 1669 849 1728 factum,
876 1670 915 1717 si
946 1670 997 1717 in
1026 1669 1131 1717 aliis
1165 1678 1446 1718 constanter
1468 1669 1696 1733 punitum
1720 1676 1811 1727 est,

415 1746 600 1793 crimen
623 1747 779 1809 majus
799 1754 887 1804 est,
910 1763 1054 1809 quam
1078 1747 1118 1794 si
1142 1746 1298 1794 multa
1321 1745 1698 1794 antecessissent
1720 1744 1811 1792 im-

414 1822 649 1884 punitatis
664 1822 887 1885 exempla
906 1841 916 1869 :
943 1838 1052 1885 quae
1070 1821 1292 1884 exempla
1305 1821 1512 1870 totidem
1531 1827 1645 1868 sunt
1666 1819 1811 1868 factae

415 1897 476 1945 ab
513 1896 618 1961 ipsa
658 1913 846 1944 summa
878 1903 1124 1960 potestate
1159 1896 1466 1960 impunitatis
1497 1895 1615 1959 spei.
1686 1895 1811 1943 Cum

415 1988 533 2036 ergo
558 1973 614 2032 is,
632 1972 716 2035 qui
735 1988 869 2035 spem
894 1981 944 2021 et
967 1972 1401 2036 praesumptionem
1420 1970 1659 2036 peccandi
1675 1971 1810 2032 facit,

414 2047 466 2095 in
490 2047 595 2110 ipso
620 2048 822 2095 crimine
846 2055 1037 2111 partem
1060 2049 1225 2106 habet,
1251 2055 1424 2096 contra
1460 2047 1703 2095 rationem
1738 2057 1813 2096 est

414 2130 470 2170 ut
494 2130 654 2170 totum
677 2123 729 2170 in
753 2131 968 2171 actorem
993 2123 1230 2172 conferat.

483 2198 631 2247 Quod
646 2215 675 2245 a
693 2198 854 2246 subita
867 2200 1092 2262 passione
1108 2199 1281 2258 oritur,
1302 2215 1448 2263 quam
1467 2199 1601 2263 quod
1617 2215 1647 2247 a
1663 2199 1813 2263 longa

414 2274 751 2334 meditatione,
768 2274 927 2322 minus
953 2275 1136 2323 crimen
1153 2283 1225 2323 est
1247 2297 1258 2331 ;
1296 2276 1395 2323 illic
1421 2276 1550 2323 enim
1574 2275 1711 2323 locus
1735 2282 1812 2323 est

414 2349 749 2397 extenuationi
774 2365 918 2412 super
952 2350 1178 2398 humanae
1215 2358 1406 2399 naturae
1429 2351 1654 2399 omnibus
1678 2365 1811 2398 com-

414 2441 612 2472 munem
650 2424 1018 2480 infirmitatem;
1055 2425 1139 2472 sed
1173 2426 1255 2488 qui
1295 2426 1530 2474 meditato
1558 2426 1695 2485 facit,
1719 2425 1812 2474 cir-

416 2500 701 2564 cumspexit,
727 2500 894 2548 oculos
931 2501 1139 2563 conjecit
1164 2501 1214 2547 in
1239 2501 1414 2564 legem,
1439 2502 1488 2549 in
1523 2517 1735 2565 poenam,
1759 2509 1811 2549 et

415 2576 466 2623 in
508 2575 739 2623 damnum
785 2574 1006 2623 societati
1046 2575 1272 2623 humanae
1313 2585 1663 2640 sequuturum;
1699 2593 1810 2640 quae

416 2651 579 2698 omnia
602 2650 745 2698 simul
770 2650 1062 2713 contempsit
1086 2658 1137 2697 et
1161 2650 1419 2714 cupiditati
1442 2652 1654 2716 propriae
1676 2659 1813 2716 post-

415 2726 595 2789 posuit.
664 2726 1016 2777 Verumtamen
1047 2726 1207 2788 passio
1241 2726 1376 2774 nulla
1407 2727 1477 2775 ita
1511 2727 1672 2776 subita
1706 2743 1810 2776 esse

415 2809 593 2864 potest,
629 2808 685 2849 ut
720 2801 940 2849 totaliter
976 2808 1189 2848 excuset.
1263 2802 1390 2849 Nam
1431 2810 1639 2867 tempus,
1677 2804 1809 2867 quod

416 2878 674 2927 intercedit
708 2878 836 2926 inter
867 2877 989 2941 legis
1009 2877 1339 2941 cognitionem
1364 2885 1413 2927 et
1437 2879 1654 2928 criminis
1677 2895 1808 2928 com-
