1910 3236
701 206 769 239 nn
793 206 1040 239 nomme.
1503 196 1563 237 55

169 324 364 383 stupor,
398 317 567 365 aliisve
602 317 879 364 nominibus
921 317 1095 379 quibus
1137 316 1403 379 significari
1440 315 1565 363 solet
1604 338 1827 371 ccmvffl,

172 401 338 442 motus
361 392 559 440 tardus.
1583 393 1812 461 „em

237 468 527 517 Differentia
558 474 725 515 autem
758 467 1023 514 celeritatis
1047 483 1077 515 a
1100 466 1437 514 differentibus
1465 466 1561 514 ori-
1581 476 1840 512 intellectu-libum

169 555 253 596 tur
274 546 530 595 hominum
554 545 878 609 passionibuS‚
900 561 1109 607 quorum
1133 544 1216 592 alii
1240 544 1375 592 aliud
1397 554 1565 593 amant
1581 519 1798 600 issffiffqu‘

169 630 221 671 et
235 622 433 687 fugiunt
449 642 462 677 ;
498 621 630 669 unde
651 620 972 684 cogitationes
991 619 1293 668 diversorum
1310 620 1566 668 hominum

169 697 362 746 diverse
396 696 689 760 procedunt,
714 703 763 743 et
799 695 1123 743 diversimode
1148 696 1292 744 rebus
1316 695 1565 759 applican-

167 781 267 822 tur.
326 773 451 822 Cum
468 781 636 821 autem
659 772 710 819 in
735 771 1043 819 successione
1062 772 1418 834 cogitationum
1442 772 1564 819 nihil

167 850 416 899 observari
450 849 589 906 solet,
627 848 722 896 nisi
756 846 1033 894 similitudo
1073 848 1151 894 vel
1187 847 1562 906 dissimilitudo,

167 925 246 974 vel
276 926 358 974 cui
390 926 470 973 rei
501 924 735 972 inservire
760 931 811 970 et
834 923 1074 986 quomodo
1097 932 1331 986 possunt;
1368 923 1454 982 illi,
1479 923 1564 987 qni

166 1001 521 1050 similitudines
584 999 794 1047 maxime
848 998 1245 1046 animadvertunt
1298 999 1405 1047 aliis
1451 1015 1563 1047 raro

167 1076 550 1134 animadversas,
573 1075 745 1123 bonnm
770 1074 1003 1122 dicuntur
1026 1074 1205 1122 habere
1231 1075 1493 1139 ingenium,
1512 1075 1563 1123 id

167 1161 258 1212 est,
284 1153 458 1201 bonam
472 1151 819 1217 phantasiam.
877 1150 954 1198 Illi
976 1166 1109 1209 vero,
1134 1150 1217 1213 qui
1241 1165 1403 1198 rerum
1429 1151 1563 1213 cogi-

167 1239 383 1280 tatarum
431 1229 733 1278 differentias
789 1227 1305 1291 dissimilitudinesque
1351 1229 1562 1276 maxime

167 1307 430 1356 observant
451 1327 463 1360 ;
514 1305 565 1353 id
606 1312 696 1363 est,
745 1304 828 1367 qui
871 1304 1001 1351 inter
1049 1319 1153 1351 rem
1194 1312 1246 1351 et
1292 1319 1399 1370 rem
1438 1304 1562 1351 bene

167 1381 502 1447 distinguunt,
539 1381 845 1439 discernant,
882 1388 932 1427 et
968 1379 1251 1442 dijudicant
1266 1398 1285 1434 ‚·
1320 1379 1413 1426 nisi
1437 1379 1561 1443 diju-

166 1457 350 1506 dicatio
374 1457 459 1505 illa
480 1457 637 1505 facilis
661 1457 740 1515 sit,
763 1456 947 1504 habere
971 1455 1204 1503 dicuntur
1227 1454 1398 1502 bonam
1417 1455 1562 1518 judi-

165 1534 309 1582 ciam.
398 1533 663 1596 Speciatim
710 1539 877 1580 autem
923 1531 974 1578 in
1014 1530 1385 1579 conversatione
1431 1530 1562 1579 civili

163 1609 475 1674 negotiisque
499 1608 718 1672 agendis,
742 1607 829 1655 ubi
853 1616 1092 1670 tempora,
1117 1606 1242 1664 loca,
1267 1614 1317 1653 et
1338 1622 1562 1669 personae

166 1684 493 1734 discernenda
516 1692 647 1743 sunt,
666 1684 821 1732 virtus
843 1684 951 1731 haec
976 1682 1301 1730 communiter
1318 1682 1562 1730 discretio

165 1761 456 1826 appellatur.
526 1760 790 1808 Phantasia
835 1760 940 1807 sine
981 1758 1169 1821 judicio
1214 1758 1402 1806 laudari
1451 1774 1561 1806 raro

168 1837 326 1891 solet;
362 1836 450 1885 sed
478 1835 718 1900 judicium
751 1836 853 1884 sive
885 1835 1115 1883 discretio
1148 1834 1377 1882 laudatur
1398 1850 1487 1898 per
1510 1850 1562 1882 se

168 1913 274 1962 sine
306 1929 399 1976 ope
431 1912 719 1976 phantasiae.
788 1912 975 1960 Praeter
1002 1910 1350 1958 discretionem
1372 1918 1561 1973 tempo-

166 2004 294 2047 rum,
317 1988 554 2046 locorum,
579 1998 631 2035 et
663 2002 986 2050 personarum
1019 2001 1132 2048 quae
1165 1985 1355 2033 laudari
1377 1985 1561 2032 faciant

167 2063 491 2128 phantasiam,
507 2062 775 2126 requiritur
789 2062 936 2110 etiam
956 2061 1313 2124 cogitationum
1331 2061 1395 2108 ad
1412 2061 1560 2108 finem

168 2157 312 2189 suum
327 2140 560 2202 frequens
577 2138 842 2202 applicatio
860 2159 872 2192 ;
907 2137 978 2184 ita
1000 2137 1131 2184 enim
1148 2143 1407 2184 occurrent
1431 2134 1561 2183 simi-

167 2216 416 2275 litudines,
447 2231 549 2263 non
584 2214 742 2262 solum
770 2214 1103 2269 illustraturae‚
1134 2211 1222 2260 sed
1252 2212 1399 2259 etiam
1422 2211 1560 2258 novis

169 2302 220 2341 et
242 2292 370 2356 aptis
393 2290 692 2354 metaphoris
720 2297 969 2337 ornaturae
996 2303 1287 2345 sermonem,
1311 2294 1460 2349 atque
1483 2286 1559 2332 in-

171 2383 320 2432 super
365 2367 568 2415 raritate
609 2364 907 2413 inventionis
949 2363 1217 2427 placiturae.
1294 2362 1557 2419 Caeterum,

169 2443 265 2492 nisi
288 2451 521 2491 constans
550 2441 680 2490 adsit
711 2440 1067 2503 cogitationum
1090 2439 1153 2487 ad
1176 2438 1388 2501 aliquem
1410 2438 1558 2484 finem

170 2518 429 2584 regulatio,
451 2518 711 2581 phantasia
733 2531 914 2580 magna
936 2515 1120 2578 species
1145 2513 1368 2577 quaedam
1391 2520 1467 2559 est
1484 2512 1559 2559 in-

120 2596 127 2603 '
171 2595 344 2649 saniae;
370 2594 528 2658 qualis
546 2603 620 2641 est
634 2591 1078 2655 illorum‚qui,cum
1094 2590 1257 2638 dicere
1271 2587 1558 2651 inceperint,

172 2671 235 2719 ab
269 2685 560 2733 unaquaque
593 2669 697 2716 fere
731 2666 1032 2730 cogitatione
1067 2666 1225 2713 aliena
1254 2680 1285 2711 a
1306 2662 1559 2727 proposito

173 2748 271 2795 fine
297 2745 350 2793 in
385 2753 462 2792 tot
504 2753 555 2792 et
597 2751 760 2792 tantas
793 2741 1118 2805 digressiones
1156 2748 1206 2787 et
1243 2737 1559 2802 parenthesoe

173 2821 499 2884 abripiuntur,
526 2828 582 2868 ut
617 2818 799 2867 reverti
831 2833 929 2865 non
961 2815 1166 2879 possint.
1227 2814 1386 2862 Causa
1419 2814 1559 2876 quus
