1968 3236
150 405 252 436 CAP.
262 405 394 436 XXVII
402 428 410 437 .

188 461 374 480 ἥ--γῄκ

169 501 213 528 De
227 501 350 528 crimini-

165 544 231 575 bus.
243 553 361 572 excusa·

167 587 303 620 tionibus,
316 591 344 614 et
356 596 401 614 ex—

167 625 391 658 tenuationibus.

433 263 527 306 222
933 270 1003 302 DE
1026 270 1300 305 οινῐΤΑΤΕ.

430 384 600 432 eadem
619 384 795 431 damna
813 382 917 429 aliis
933 380 1102 443 magiS‚
1118 382 1223 429 aliis
1243 382 1403 430 minus
1429 382 1677 430 sensibilia
1702 381 1816 428 sint.

431 460 523 508 Sed
545 461 674 522 leges
689 475 786 505 non
801 458 863 505 ad
882 457 1060 504 civium
1080 457 1414 519 singularium,
1434 458 1519 505 sed
1536 458 1599 505 ad
1617 457 1818 505 humani

428 536 619 598 generis
643 550 834 581 sensum
858 533 1137 596 generalem
1161 541 1535 596 componuntur.

497 612 789 672 Quanquam
814 616 978 656 autem
1003 617 1118 656 sunt
1147 609 1230 671 qui
1258 610 1603 657 contumeliam
1627 610 1679 657 in
1710 625 1818 656 ver-

426 687 499 733 bis
523 694 731 743 tantum‚
750 685 827 732 vel
849 692 1009 747 gestU,
1027 700 1116 747 pro
1141 684 1319 732 damno
1344 692 1392 732 et
1414 686 1612 733 laesione
1636 685 1817 733 habere

426 762 612 816 solent3
649 761 871 809 laesiones
894 767 1059 808 tamen
1083 760 1362 823 hujusmodi
1394 762 1567 820 Graeci,
1593 761 1817 819 Romani,

426 839 629 900 aliaeque
664 844 764 884 tam
800 845 990 884 veteres
1027 853 1175 899 quam
1218 837 1471 885 hodiernae
1507 837 1730 885 civitates
1766 837 1817 884 in

425 914 612 977 legibus
654 913 921 960 condendis
961 913 1298 975 neglexerunt,
1335 921 1391 960 ut
1433 913 1518 976 qui
1553 912 1751 971 doloris,
1787 929 1818 960 a

425 989 583 1037 verbis
606 996 814 1046 tantum,
841 1004 1037 1036 causam
1069 1004 1234 1035 veram
1265 1004 1365 1035 non
1393 989 1542 1036 verba
1565 996 1817 1036 contume-

426 1066 558 1123 liosa,
576 1081 683 1127 quae
707 1081 737 1111 a
758 1064 970 1127 propriae
988 1063 1183 1111 virtutis
1203 1063 1409 1111 consciis
1429 1065 1597 1111 statim
1615 1071 1671 1111 ut
1685 1064 1818 1112 dicta

426 1148 539 1188 sunt
563 1140 891 1198 excutiuntur,
917 1155 1020 1187 esse
1043 1146 1355 1202 putaverunt,
1380 1139 1466 1186 sed
1495 1139 1818 1203 pusillanimi-

424 1224 574 1263 tatem
596 1215 805 1263 hominis
826 1216 972 1262 verba
995 1231 1094 1262 non
1118 1214 1336 1262 ferentis.

489 1291 650 1338 Etiam
686 1291 870 1338 crimen
905 1298 1079 1337 contra
1114 1290 1271 1338 civem
1315 1290 1562 1353 privatum
1607 1291 1817 1340 multum

424 1374 631 1430 augetur
653 1383 683 1414 a
707 1366 1082 1414 circumstantiis
1106 1382 1345 1430 personae,
1361 1366 1611 1430 temporis,
1630 1375 1682 1415 et
1703 1368 1814 1416 loci.

425 1442 553 1490 Nam
593 1442 815 1490 occidere
857 1449 1111 1505 parentem
1147 1458 1288 1490 suum
1322 1443 1476 1491 multo
1510 1444 1709 1507 gravius
1743 1451 1816 1493 est

424 1518 623 1577 crimen,
649 1534 793 1581 quam
830 1518 1053 1566 occidere
1083 1519 1333 1566 hominem
1362 1519 1611 1582 privatum
1646 1535 1815 1583 quem-

423 1609 630 1655 cunque.
701 1594 834 1641 Patri
853 1593 983 1641 enim
999 1594 1218 1652 debetur,
1234 1602 1346 1657 post
1365 1594 1631 1654 civitatem,
1655 1595 1816 1643 honor

423 1684 656 1725 summus,
679 1677 736 1717 ut
759 1669 838 1717 cui
861 1669 912 1716 in
936 1669 1091 1717 filium
1123 1678 1238 1717 ante
1273 1670 1565 1718 constitutas
1590 1671 1814 1719 civitates

423 1751 638 1807 potestas
662 1751 767 1792 erat
791 1761 994 1793 summa.
1067 1745 1285 1808 Spoliare
1309 1761 1590 1809 pauperem,
1628 1746 1815 1795 crimen

424 1820 580 1883 majus
621 1827 696 1868 est
732 1837 879 1884 quam
927 1820 1219 1868 tantundem
1253 1821 1440 1884 eripere
1475 1820 1616 1869 diviti
1637 1843 1650 1878 ;
1698 1838 1815 1870 nam

422 1896 625 1958 pauperi
649 1895 881 1943 damnum
904 1896 1035 1943 idem
1055 1896 1328 1944 sensibilius
1354 1905 1442 1944 est.

490 1971 626 2019 Idem
672 1972 857 2019 crimen
901 1979 1120 2035 tempore
1164 1980 1250 2020 aut
1286 1972 1394 2020 loco
1424 1972 1611 2020 factum
1649 1972 1816 2022 divino

423 2045 574 2093 cultui
605 2055 907 2107 consecrato,
933 2049 1088 2111 majus
1113 2055 1187 2096 est
1211 2064 1358 2111 quam
1396 2047 1437 2095 si
1468 2048 1564 2096 alio
1596 2055 1816 2112 tempore

422 2129 508 2169 aut
525 2122 632 2170 loco
663 2123 849 2171 factum
873 2131 1000 2172 esset
1021 2144 1032 2179 ;
1067 2123 1397 2187 proficiscitur
1425 2123 1555 2171 enim
1578 2140 1608 2172 a
1631 2125 1816 2188 majore

422 2196 586 2260 legum
610 2206 659 2246 et
682 2198 842 2246 cultus
866 2199 1018 2247 divini
1042 2200 1424 2263 contemptione.

488 2273 648 2322 Multa
675 2274 769 2322 alia
796 2275 1161 2338 aggravationis
1190 2284 1240 2324 et
1268 2276 1628 2324 extenuationis
1651 2291 1814 2325 exem-

419 2348 500 2410 pla
523 2349 701 2397 adduci
723 2358 938 2413 possent.
989 2350 1085 2398 Sed
1107 2367 1196 2414 per
1219 2367 1291 2411 ea,
1308 2367 1417 2414 quae
1444 2351 1658 2400 adducta
1684 2359 1814 2412 sunt,

421 2424 617 2471 obvium
642 2425 816 2488 cuique
849 2435 924 2473 est
957 2427 1307 2490 cujuscumque
1332 2427 1550 2475 criminis
1574 2428 1814 2491 propositi

419 2498 729 2547 altitudinem
752 2500 1062 2564 investigare.

487 2575 753 2633 Postremo,
784 2576 898 2638 quia
930 2576 980 2623 in
1005 2577 1354 2625 omnibus-fere
1379 2577 1663 2626 criminibus
1685 2577 1813 2642 inju-

420 2650 491 2698 ria
513 2651 655 2709 inest,
679 2668 779 2698 non
804 2651 948 2699 modo
962 2653 1147 2700 homini
1171 2653 1363 2716 privato
1386 2653 1534 2712 facta,
1560 2653 1646 2702 sed
1664 2653 1813 2702 etiam

420 2726 605 2773 civitati
627 2747 639 2781 ;
675 2726 804 2774 idem
829 2726 1028 2783 crimen,
1054 2728 1251 2790 quando
1275 2737 1533 2777 accusatur
1551 2745 1581 2777 a
1602 2744 1813 2793 persona

419 2801 642 2860 civitatis,
682 2802 865 2849 crimen
893 2802 1150 2866 publicum
1191 2805 1491 2867 appellatur;
1541 2813 1591 2853 et
1628 2804 1814 2869 judicia

419 2876 726 2937 publicorum
750 2876 1024 2936 criminum,
1037 2879 1241 2941 judicia
1255 2880 1485 2944 publica,
1510 2897 1620 2944 quae
1654 2881 1811 2928 nostri

419 2951 666 3014 appellant
683 2951 886 3016 placita
911 2969 1119 3001 coronoe.
