1910 3236
346 214 435 258 104
863 225 933 256 DE
963 224 1206 258 ΗοΜιΝΕ.

79 356 181 389 eff,
199 358 298 390 X1v,
340 335 498 383 minus
533 333 741 398 quilibet
764 349 930 381 eorum
954 335 1078 396 jure
1099 351 1187 381 suo
1211 341 1385 382 utatur
1410 335 1460 382 in
1483 351 1587 383 rem
1610 350 1728 382 ean-

90 411 295 464 ““““”“”,
343 410 468 458 dem.
538 410 668 457 Nam
705 409 787 472 qui
819 409 920 471 juri
952 426 1038 457 suo
1079 411 1330 458 renuntiat
1365 412 1441 458 vel
1472 412 1552 474 jus
1585 426 1728 459 suum

56 457 241 538 ἓξεῗέἰῖῗιῖ
252 467 308 529 ῗιῗῖ
341 486 588 544 transfert,
609 487 689 548 jus
726 500 923 543 novum,
958 486 1090 548 quod
1126 502 1214 549 per
1237 495 1463 534 naturam
1486 502 1586 534 non
1611 492 1728 533 ante

56 543 307 617 {Z‘ssfflffssfiss‚de
342 562 528 620 habuit,
547 560 732 608 nemini
756 560 931 608 tribuit
955 581 967 616 3
1004 561 1118 623 quia
1142 562 1366 609 omnibus
1389 562 1441 609 in
1465 561 1629 609 omnia
1646 561 1729 623 jus

343 645 477 692 erat;
515 637 602 684 sed
625 636 756 683 cedit
780 636 825 683 ei
848 643 1056 696 tantum,
1076 653 1134 684 eo
1158 638 1255 684 fine
1274 645 1329 685 ut
1348 638 1443 700 jus,
1465 637 1598 701 quod
1611 643 1729 684 ante

341 712 527 771 habuit,
554 712 658 759 sine
692 711 1044 774 impedimento
1069 728 1098 759 a
1123 728 1174 759 se
1198 720 1306 760 orto
1330 712 1481 760 libere
1505 712 1728 766 fruatur;

340 805 371 835 a
393 804 459 847 se,
483 788 700 851 inquam,
725 795 851 845 orto,
876 803 977 835 non
1001 789 1062 835 ab
1086 788 1197 836 alio.
1234 789 1406 851 Itaque
1431 789 1562 851 quod
1585 787 1729 836 alteri

340 863 531 911 accedit
549 879 609 910 ex
621 864 732 925 jure
751 862 909 910 alieno
934 863 984 910 in
1009 879 1059 911 se
1084 863 1338 922 translato,
1357 864 1479 911 nihil
1498 863 1632 912 aliud
1655 870 1730 911 est

341 956 486 1003 quam
506 938 716 986 sublatio
732 938 1197 1002 impedimentorum
1212 957 1242 987 a
1254 948 1392 1003 parte
1408 940 1556 988 solius
1570 947 1730 988 trans-

338 1015 556 1063 ferentis.

405 1090 683 1154 Deponitur
724 1090 804 1152 jus
847 1090 922 1137 vel
969 1090 1178 1154 simplici
1223 1091 1606 1149 renuntiatione,
1651 1091 1730 1138 vel

340 1165 675 1214 translatione
710 1165 774 1212 ad
797 1165 962 1213 alium.
1035 1166 1334 1229 Simpliciter
1356 1166 1622 1225 renuntiat,
1647 1166 1731 1230 qui

339 1241 386 1289 in
412 1241 629 1288 medium
653 1240 838 1303 abjicit,
863 1241 1048 1288 nemini
1071 1242 1308 1290 tribuens.
1357 1242 1626 1301 Transfert,
1645 1242 1730 1306 qui

339 1324 475 1365 certo
499 1316 646 1364 alicui
664 1316 906 1364 concedit.
979 1317 1178 1366 Utrovis
1202 1325 1365 1366 autem
1388 1318 1534 1366 modo
1565 1318 1729 1377 faciat,

335 1395 416 1456 jus
435 1393 715 1450 habentem,
737 1391 858 1455 quin
889 1409 942 1440 re
960 1401 1149 1452 utatur,
1174 1394 1410 1457 impedire
1428 1410 1530 1442 non
1554 1394 1730 1450 debet;

341 1476 470 1515 esset
494 1468 626 1515 enim
659 1468 753 1515 hoc
778 1484 920 1515 suum
952 1469 1101 1532 ipsius
1136 1478 1303 1518 actum
1334 1470 1527 1518 irritum
1551 1470 1731 1518 facere.

339 1544 586 1607 Injustitia
622 1544 751 1591 enim
788 1544 967 1606 injuria
1007 1546 1155 1593 etiam
1195 1546 1374 1593 dicitur
1397 1563 1457 1594 ex
1482 1561 1557 1605 eo,
1582 1545 1731 1609 quod,

340 1619 561 1683 deposito
586 1626 699 1667 ante
723 1621 850 1682 jure,
883 1621 1066 1684 absque
1085 1622 1194 1684 jure
1219 1622 1622 1685 impedimentum
1655 1622 1729 1668 fit.

339 1697 428 1743 Est
451 1695 582 1742 enim
604 1695 656 1742 in
675 1696 1020 1743 controversiis
1034 1697 1289 1744 hominum
1304 1697 1543 1760 injustitia
1557 1696 1728 1744 similis

339 1772 459 1835 ejus,
485 1786 633 1833 quam
656 1770 708 1817 in
734 1770 924 1818 Scholis
945 1771 1299 1819 absurditatem
1322 1779 1517 1820 vocant.
1589 1772 1729 1820 Sicut

339 1845 470 1893 enim
506 1846 581 1905 iis,
607 1862 717 1909 quae
748 1845 888 1894 initio
925 1848 1176 1910 supposita
1211 1855 1366 1907 erant,
1391 1848 1729 1896 contradicere

339 1920 604 1969 absurdum
620 1940 638 1976 ;
674 1922 744 1968 ita
781 1922 914 1984 quod
948 1923 1225 1971 faciendum
1255 1923 1531 1972 voluntarie
1565 1939 1726 1971 susce-

338 1996 485 2059 peris,
509 1996 703 2044 irritum
727 1997 902 2057 facere,
928 1998 1159 2061 injustum
1189 1999 1476 2062 appellatur.
1548 1999 1728 2047 Modus

338 2079 518 2130 autem,
561 2088 657 2135 quo
684 2072 790 2135 quis
822 2073 922 2136 juri
959 2089 1047 2121 suo
1081 2075 1330 2122 renuntiat
1363 2075 1440 2123 vel
1468 2076 1550 2138 jus
1586 2092 1728 2123 suum

337 2147 584 2205 transfert,
611 2147 723 2195 talis
748 2156 851 2203 est;
888 2148 1027 2212 signo
1050 2150 1127 2197 vel
1165 2150 1316 2213 signis
1346 2150 1534 2198 idoneis
1558 2151 1729 2199 volun-

339 2223 464 2270 tarie
490 2223 721 2281 declarat,
758 2223 845 2271 tali
875 2225 974 2287 juri
999 2241 1049 2272 se
1083 2227 1365 2274 renuntiare
1388 2227 1465 2274 vel
1505 2227 1730 2275 renunti-

339 2316 476 2354 asse;
513 2299 590 2348 vel
615 2299 678 2348 ad
696 2300 828 2348 hunc
846 2301 926 2363 jus
949 2317 1090 2349 suum
1113 2318 1163 2349 se
1187 2302 1452 2350 transferre
1470 2303 1548 2350 vel
1572 2309 1731 2350 trans-

338 2375 524 2423 tulisse.
596 2375 722 2423 Sunt
745 2383 909 2423 autem
934 2376 1074 2440 signa
1095 2377 1179 2425 illa
1194 2377 1270 2425 vel
1292 2379 1457 2436 verba,
1481 2378 1558 2426 vel
1580 2378 1728 2435 facta,

338 2450 430 2509 vel,
468 2458 524 2498 ut
562 2451 848 2514 plerumque
885 2452 957 2511 fit,
982 2461 1204 2516 utraque.
1276 2454 1439 2517 Atque
1479 2454 1585 2502 haec
1612 2461 1728 2502 sunt

338 2525 533 2574 vincula
547 2526 630 2574 illa
649 2543 774 2591 quae,
791 2543 890 2575 non
906 2544 936 2575 a
950 2544 1038 2576 sua
1052 2537 1243 2588 natura,
1265 2530 1350 2577 sed
1366 2547 1394 2577 a
1407 2538 1543 2578 metu
1560 2530 1728 2579 damni

338 2618 368 2649 a
389 2602 616 2664 promissi
639 2602 904 2651 violatione
928 2605 1077 2652 robur
1111 2605 1309 2653 habent.

406 2677 804 2742 Quotiescunque
845 2680 926 2743 jus
964 2696 1105 2727 suum
1154 2680 1450 2744 derelinquit
1496 2682 1604 2745 quis
1649 2681 1728 2730 vel

338 2753 586 2811 transfert,
607 2769 666 2802 ea
689 2770 837 2802 causa
860 2755 910 2803 id
942 2754 1104 2804 facere
1127 2755 1432 2820 intelligitur,
1457 2765 1512 2805 ut
1536 2758 1626 2806 sibi
1649 2773 1726 2806 re-

336 2828 527 2891 ciproce
557 2830 617 2878 ab
656 2846 730 2889 eo,
757 2831 834 2878 cui
873 2831 1164 2880 translatum
1191 2840 1278 2891 est,
1314 2834 1394 2896 jus
1427 2833 1625 2898 aliquod
1649 2832 1729 2881 vel
