1910 3236
721 247 790 279 DE
819 246 1059 280 ΗοΜιΝΕ.
1514 237 1575 288 87

199 356 276 415 tit,
300 355 539 420 simulque
562 364 637 404 tot
661 357 877 404 Deorum
900 356 1239 420 fingendorum
1271 357 1577 406 occasionem

196 431 399 495 praebet,
423 440 543 495 quot
567 440 679 480 sunt
701 432 802 480 fere
826 432 907 495 qui
933 449 1017 480 eos
1039 433 1246 496 fingunt.

265 507 413 557 Quod
450 507 514 555 ad
553 508 769 555 Deorum
814 509 1068 556 materiam
1114 509 1214 557 sive
1254 508 1577 557 substantiam

196 582 387 642 attinet,
420 583 637 647 cogitare
671 584 816 631 aliam
853 585 932 631 vix
967 593 1171 648 potuere
1205 601 1351 649 quam
1386 584 1579 648 qualem

195 667 494 723 putaverunt
510 675 615 706 esse
635 659 955 707 substantiam
973 660 1148 708 animae
1171 660 1412 708 humanae.
1458 660 1578 708 Ani-

195 750 288 783 mae
302 743 468 783 autem
486 734 711 782 humanae
728 735 1050 782 substantiam
1070 735 1218 783 talem
1236 751 1339 784 esse
1354 735 1579 784 arbitrati

193 818 325 869 sunt,
355 810 510 873 qualis
544 819 618 857 est
651 810 863 858 hominis
893 810 970 858 vel
1004 810 1210 865 aliorum
1238 826 1497 874 corporum
1526 812 1578 860 in

194 886 386 935 somnio
401 886 477 934 vel
492 886 688 950 speculo
704 886 1044 950 apparentium
1060 886 1267 950 species;
1292 902 1439 949 quam
1455 886 1578 935 nihil

193 977 297 1010 oese
327 961 461 1010 aliud
491 971 670 1025 praeter
703 963 993 1026 phantasma
1026 963 1315 1021 nescientes,
1351 963 1578 1011 substan-

192 1036 311 1085 tiam
334 1037 514 1085 realem
546 1054 650 1085 esse
674 1037 1002 1096 crediderunt,
1028 1038 1113 1085 sed
1135 1047 1335 1086 tenuem
1358 1046 1408 1086 et
1428 1054 1576 1101 prop-

191 1120 329 1161 terea
345 1129 453 1160 eam
467 1114 703 1177 Spiritum
720 1113 983 1161 vocabant.
1043 1113 1169 1161 Sunt
1182 1121 1345 1161 autem
1361 1113 1575 1178 spiritus

192 1204 400 1252 corpora
413 1188 711 1236 tenuissima.
745 1188 887 1236 Tales
901 1188 1037 1235 fuere
1052 1188 1358 1236 ethnicorum
1366 1195 1575 1253 agentes

193 1264 483 1322 invisibiles,
508 1265 738 1312 nimirum
780 1264 861 1311 Dii
898 1272 946 1311 et
983 1264 1257 1312 Daemones.
1328 1263 1426 1311 Sed
1460 1263 1575 1327 quia

190 1340 338 1388 modo
379 1356 612 1403 apparere
658 1339 804 1387 modo
850 1354 1139 1387 evanescere
1179 1339 1399 1387 solebant
1438 1354 1574 1386 more

189 1415 603 1478 phantasmatum,
622 1422 816 1478 spectra
839 1421 889 1462 et
911 1414 1110 1461 umbras
1134 1430 1279 1477 quam
1303 1413 1501 1477 spiritus
1525 1421 1576 1460 et

190 1490 486 1538 substantias
520 1489 771 1537 nominare
810 1489 1115 1536 maluerunt:
1165 1505 1373 1553 corpora
1408 1497 1574 1536 tamen

190 1581 294 1614 ωδε
316 1565 573 1629 putabant.
633 1564 781 1614 Quod
803 1572 968 1611 autem
990 1579 1068 1611 res
1092 1564 1262 1612 eadem
1285 1572 1336 1612 et
1358 1563 1573 1629 spiritus

189 1640 253 1688 sit
269 1648 320 1688 et
339 1640 652 1705 incorporea,
671 1640 878 1703 intelligi
895 1656 997 1688 non
1019 1648 1204 1703 potest3
1229 1640 1425 1704 spiritus
1443 1640 1573 1687 enim

189 1716 299 1765 loco
326 1725 377 1764 et
406 1717 579 1780 figura,
606 1716 656 1763 id
689 1725 778 1775 est,
802 1716 1022 1763 terminis
1045 1724 1095 1764 et
1116 1715 1454 1780 magnitudine
1486 1731 1574 1763 sua

188 1792 351 1856 aliqua
373 1792 755 1847 determinatur;
791 1801 842 1839 et
863 1791 1069 1856 proinde
1091 1808 1269 1856 corpus
1291 1800 1379 1850 est,
1398 1799 1573 1839 utcun-

190 1883 284 1931 que
314 1875 460 1916 tenue
491 1875 541 1915 et
572 1867 828 1915 insensile:
865 1867 935 1915 illi
957 1867 1123 1931 igitur,
1148 1867 1232 1931 qui
1254 1866 1571 1915 meditatione

187 1943 387 2008 propria
408 1943 459 1990 in
483 1943 813 2006 cognitionem
835 1950 1074 1991 venerunt
1095 1943 1239 1990 unius
1266 1942 1444 1990 infiniti
1467 1958 1571 1990 om-

188 2019 454 2083 nipotentis
493 2026 543 2066 et
582 2019 754 2067 aeterni
795 2019 902 2077 Dei,
939 2018 1217 2067 maluerunt
1255 2018 1392 2066 illum
1424 2033 1571 2081 supra

186 2093 490 2143 intellectum
529 2103 753 2143 nostrum
793 2094 1424 2158 incomprehensibilemque
1464 2109 1569 2141 esse

187 2170 427 2229 confiteri,
459 2187 605 2234 quam
640 2179 866 2219 naturam
901 2172 1005 2235 ejus
1031 2186 1120 2234 per
1146 2170 1378 2235 spiritum
1408 2170 1568 2216 incor-

179 2261 406 2310 poreum,
437 2254 617 2310 praeter
652 2246 917 2310 Scripturae
950 2246 1314 2304 authoritatem,
1347 2244 1566 2302 definire,

188 2327 239 2368 et
269 2319 445 2368 deinde
475 2322 698 2370 confiteri
732 2321 1066 2370 definitionem
1087 2321 1220 2370 illam
1243 2337 1342 2368 non
1366 2335 1470 2367 esse
1493 2319 1567 2366 in-

186 2395 503 2459 telligibilem.
557 2397 654 2445 Sed
677 2397 836 2445 Deum
858 2412 960 2444 oese
983 2397 1205 2460 spiritum
1227 2396 1567 2458 incorporeum

188 2470 417 2520 dixerunt
437 2472 644 2520 fortasse
673 2488 774 2520 non
805 2471 1096 2535 dogmatice,
1120 2481 1177 2520 ut
1198 2478 1423 2519 naturam
1447 2469 1567 2516 divi-

187 2562 302 2595 nam
331 2563 419 2611 per
445 2564 503 2595 ea
527 2548 676 2595 verba
707 2547 1191 2611 comprehenderent,
1216 2545 1302 2594 sed
1325 2561 1385 2593 ex
1407 2545 1565 2592 inten-

187 2622 322 2670 tione
355 2622 438 2686 pia
470 2623 627 2671 Deum
661 2623 900 2672 attributo
931 2623 1093 2686 aliquo
1122 2620 1410 2679 honorandi,
1434 2618 1567 2683 quod

187 2713 447 2761 corporum
479 2698 740 2746 visibilium
774 2698 1146 2747 crassitudinem
1179 2712 1372 2745 omnem
1402 2711 1434 2743 a
1459 2694 1565 2743 Deo

188 2781 476 2820 removeret.

256 2847 459 2906 Deinde,
494 2864 591 2911 qua
617 2849 695 2897 via
728 2848 987 2896 invisibilia
1020 2847 1103 2895 illa
1136 2846 1331 2910 agentia
1364 2845 1565 2894 effectus

1625 382 1726 415 CAP.
1741 382 1827 415 xlx.

1633 437 1821 459 b-f-ae

1615 478 1659 506 ne
1672 478 1817 517 religione.
