<?xml version="1.0" encoding="UTF-8"?>
<!DOCTYPE html PUBLIC "-//W3C//DTD XHTML 1.0 Transitional//EN"
    "http://www.w3.org/TR/xhtml1/DTD/xhtml1-transitional.dtd">
<html xmlns="http://www.w3.org/1999/xhtml" xml:lang="en" lang="en">
 <head>
  <title>
</title>
<meta http-equiv="Content-Type" content="text/html;charset=utf-8" />
  <meta name='ocr-system' content='tesseract 3.04.00' />
  <meta name='ocr-capabilities' content='ocr_page ocr_carea ocr_par ocr_line ocrx_word'/>
</head>
<body>
  <div class='ocr_page' id='page_1' title='image "./operaphilosophic03hobbuoft_0539.png"; bbox 0 0 1968 3236; ppageno 0'>
   <div class='ocr_carea' id='block_1_1' title="bbox 510 264 1582 309">
    <p class='ocr_par' dir='ltr' id='par_1_1' title="bbox 510 264 1582 309">
     <span class='ocr_line' id='line_1_1' title="bbox 510 264 1582 309; baseline -0.001 0"><span class='ocrx_word' id='word_1_1' title='bbox 510 276 794 309; x_wconf 71' lang='lat' dir='ltr'>APPEme</span> <span class='ocrx_word' id='word_1_2' title='bbox 824 277 895 309; x_wconf 71' lang='lat' dir='ltr'><strong>An</strong></span> <span class='ocrx_word' id='word_1_3' title='bbox 925 275 1263 309; x_wconf 72' lang='lat' dir='ltr'><strong>anlATnAN.</strong></span> <span class='ocrx_word' id='word_1_4' title='bbox 1485 264 1582 308; x_wconf 84' lang='lat'><strong>539</strong></span> 
     </span>
    </p>
   </div>
   <div class='ocr_carea' id='block_1_2' title="bbox 196 385 1583 524">
    <p class='ocr_par' dir='ltr' id='par_1_2' title="bbox 196 385 1583 524">
     <span class='ocr_line' id='line_1_2' title="bbox 196 385 1583 434; baseline 0.001 -2"><span class='ocrx_word' id='word_1_5' title='bbox 196 385 376 433; x_wconf 87' lang='lat' dir='ltr'><strong>Verum</strong></span> <span class='ocrx_word' id='word_1_6' title='bbox 418 400 517 432; x_wconf 94' lang='lat' dir='ltr'><strong>non</strong></span> <span class='ocrx_word' id='word_1_7' title='bbox 549 387 667 433; x_wconf 86' lang='lat' dir='ltr'><strong>mihi</strong></span> <span class='ocrx_word' id='word_1_8' title='bbox 692 386 886 433; x_wconf 83' lang='lat' dir='ltr'><strong>videtur</strong></span> <span class='ocrx_word' id='word_1_9' title='bbox 909 387 960 434; x_wconf 93' lang='lat' dir='ltr'><strong>in</strong></span> <span class='ocrx_word' id='word_1_10' title='bbox 982 386 1188 434; x_wconf 82' lang='lat' dir='ltr'><strong>tantillis</strong></span> <span class='ocrx_word' id='word_1_11' title='bbox 1212 386 1474 434; x_wconf 88' lang='lat' dir='ltr'><strong>verborum</strong></span> <span class='ocrx_word' id='word_1_12' title='bbox 1508 402 1583 433; x_wconf 91' lang='lat' dir='ltr'><strong>ar-</strong></span> 
     </span>
     <span class='ocr_line' id='line_1_3' title="bbox 196 460 1583 524; baseline 0.001 -17"><span class='ocrx_word' id='word_1_13' title='bbox 196 460 346 524; x_wconf 86' lang='lat' dir='ltr'><strong>gutiis</strong></span> <span class='ocrx_word' id='word_1_14' title='bbox 369 462 551 508; x_wconf 86' lang='lat' dir='ltr'><strong>versari</strong></span> <span class='ocrx_word' id='word_1_15' title='bbox 575 462 702 509; x_wconf 86' lang='lat' dir='ltr'><strong>salus</strong></span> <span class='ocrx_word' id='word_1_16' title='bbox 734 463 999 510; x_wconf 89' lang='lat' dir='ltr'><strong>hominum.</strong></span> <span class='ocrx_word' id='word_1_17' title='bbox 1038 462 1137 511; x_wconf 78' lang='lat' dir='ltr'><strong>Qui</strong></span> <span class='ocrx_word' id='word_1_18' title='bbox 1161 461 1319 510; x_wconf 89' lang='lat' dir='ltr'><strong>credit</strong></span> <span class='ocrx_word' id='word_1_19' title='bbox 1341 462 1391 509; x_wconf 92' lang='lat' dir='ltr'><strong>in</strong></span> <span class='ocrx_word' id='word_1_20' title='bbox 1414 461 1583 509; x_wconf 89' lang='lat' dir='ltr'><strong>Jesum</strong></span> 
     </span>
    </p>
   </div>
   <div class='ocr_carea' id='block_1_3' title="bbox 198 536 1667 601">
    <p class='ocr_par' dir='ltr' id='par_1_3' title="bbox 198 536 1667 601">
     <span class='ocr_line' id='line_1_4' title="bbox 198 536 1667 601; baseline 0 -17"><span class='ocrx_word' id='word_1_21' title='bbox 198 536 466 594; x_wconf 81' lang='lat' dir='ltr'>Christum,</span> <span class='ocrx_word' id='word_1_22' title='bbox 492 553 736 600; x_wconf 82' lang='lat' dir='ltr'><strong>quemque</strong></span> <span class='ocrx_word' id='word_1_23' title='bbox 771 554 968 586; x_wconf 88' lang='lat' dir='ltr'><strong>suorum</strong></span> <span class='ocrx_word' id='word_1_24' title='bbox 1004 546 1317 601; x_wconf 85' lang='lat' dir='ltr'><strong>peccatorum</strong></span> <span class='ocrx_word' id='word_1_25' title='bbox 1357 537 1583 601; x_wconf 89' lang='lat' dir='ltr'><strong>poenitet,</strong></span> <span class='ocrx_word' id='word_1_26' title='bbox 1641 548 1667 576; x_wconf 51' lang='lat'><strong>⁴*</strong></span> 
     </span>
    </p>
   </div>
   <div class='ocr_carea' id='block_1_4' title="bbox 196 612 1590 2396">
    <p class='ocr_par' dir='ltr' id='par_1_4' title="bbox 196 612 1590 2396">
     <span class='ocr_line' id='line_1_5' title="bbox 197 612 1583 677; baseline 0 -18"><span class='ocrx_word' id='word_1_27' title='bbox 197 612 315 676; x_wconf 88' lang='lat' dir='ltr'><strong>quin</strong></span> <span class='ocrx_word' id='word_1_28' title='bbox 335 613 392 671; x_wconf 88' lang='lat' dir='ltr'><strong>is,</strong></span> <span class='ocrx_word' id='word_1_29' title='bbox 412 613 500 660; x_wconf 89' lang='lat' dir='ltr'><strong>etsi</strong></span> <span class='ocrx_word' id='word_1_30' title='bbox 526 613 782 677; x_wconf 86' lang='lat' dir='ltr'><strong>theologus</strong></span> <span class='ocrx_word' id='word_1_31' title='bbox 806 631 906 661; x_wconf 91' lang='lat' dir='ltr'><strong>non</strong></span> <span class='ocrx_word' id='word_1_32' title='bbox 930 614 1008 669; x_wconf 88' lang='lat' dir='ltr'><strong>sit,</strong></span> <span class='ocrx_word' id='word_1_33' title='bbox 1028 614 1291 662; x_wconf 87' lang='lat' dir='ltr'><strong>salvandus</strong></span> <span class='ocrx_word' id='word_1_34' title='bbox 1315 621 1480 661; x_wconf 85' lang='lat' dir='ltr'><strong>tamen</strong></span> <span class='ocrx_word' id='word_1_35' title='bbox 1503 612 1583 671; x_wconf 89' lang='lat' dir='ltr'><strong>sit,</strong></span> 
     </span>
     <span class='ocr_line' id='line_1_6' title="bbox 196 687 1583 752; baseline 0 -17"><span class='ocrx_word' id='word_1_36' title='bbox 196 687 357 736; x_wconf 87' lang='lat' dir='ltr'><strong>nullus</strong></span> <span class='ocrx_word' id='word_1_37' title='bbox 403 688 611 736; x_wconf 85' lang='lat' dir='ltr'><strong>dubitat.</strong></span> <span class='ocrx_word' id='word_1_38' title='bbox 683 689 854 752; x_wconf 84' lang='lat' dir='ltr'>Neque</span> <span class='ocrx_word' id='word_1_39' title='bbox 902 705 1017 736; x_wconf 89' lang='lat' dir='ltr'><strong>vero</strong></span> <span class='ocrx_word' id='word_1_40' title='bbox 1051 705 1081 736; x_wconf 86' lang='lat' dir='ltr'><strong>a</strong></span> <span class='ocrx_word' id='word_1_41' title='bbox 1122 689 1346 737; x_wconf 86' lang='lat' dir='ltr'><strong>doctrina</strong></span> <span class='ocrx_word' id='word_1_42' title='bbox 1385 687 1583 736; x_wconf 77' lang='lat' dir='ltr'><strong>discedo</strong></span> 
     </span>
     <span class='ocr_line' id='line_1_7' title="bbox 197 763 1584 827; baseline 0.001 -17"><span class='ocrx_word' id='word_1_43' title='bbox 197 763 404 827; x_wconf 85' lang='lat' dir='ltr'><strong>symboli</strong></span> <span class='ocrx_word' id='word_1_44' title='bbox 431 764 621 822; x_wconf 79' lang='lat' dir='ltr'><strong>Niceni,</strong></span> <span class='ocrx_word' id='word_1_45' title='bbox 648 781 792 827; x_wconf 91' lang='lat' dir='ltr'><strong>quam</strong></span> <span class='ocrx_word' id='word_1_46' title='bbox 816 764 958 811; x_wconf 78' lang='lat' dir='ltr'><strong>video</strong></span> <span class='ocrx_word' id='word_1_47' title='bbox 978 780 1005 811; x_wconf 93' lang='lat' dir='ltr'><strong>e</strong></span> <span class='ocrx_word' id='word_1_48' title='bbox 1030 764 1180 811; x_wconf 86' lang='lat' dir='ltr'><strong>Sacra</strong></span> <span class='ocrx_word' id='word_1_49' title='bbox 1204 764 1460 827; x_wconf 87' lang='lat' dir='ltr'><strong>Scriptura</strong></span> <span class='ocrx_word' id='word_1_50' title='bbox 1481 778 1584 811; x_wconf 57' lang='lat' dir='ltr'><strong>ma÷</strong></span> 
     </span>
     <span class='ocr_line' id='line_1_8' title="bbox 197 838 1584 898; baseline 0 -12"><span class='ocrx_word' id='word_1_51' title='bbox 197 838 507 886; x_wconf 81' lang='lat' dir='ltr'><strong>nifestissime</strong></span> <span class='ocrx_word' id='word_1_52' title='bbox 532 839 801 887; x_wconf 83' lang='lat' dir='ltr'><strong>derivatam</strong></span> <span class='ocrx_word' id='word_1_53' title='bbox 819 855 947 892; x_wconf 92' lang='lat' dir='ltr'><strong>esse;</strong></span> <span class='ocrx_word' id='word_1_54' title='bbox 973 847 1022 887; x_wconf 90' lang='lat' dir='ltr'><strong>et</strong></span> <span class='ocrx_word' id='word_1_55' title='bbox 1036 847 1152 897; x_wconf 89' lang='lat' dir='ltr'><strong>tres,</strong></span> <span class='ocrx_word' id='word_1_56' title='bbox 1169 839 1376 898; x_wconf 90' lang='lat' dir='ltr'><strong>Patrem,</strong></span> <span class='ocrx_word' id='word_1_57' title='bbox 1392 838 1584 898; x_wconf 86' lang='lat' dir='ltr'><strong>Filium,</strong></span> 
     </span>
     <span class='ocr_line' id='line_1_9' title="bbox 198 914 1585 978; baseline 0 -16"><span class='ocrx_word' id='word_1_58' title='bbox 198 922 250 963; x_wconf 90' lang='lat' dir='ltr'><strong>et</strong></span> <span class='ocrx_word' id='word_1_59' title='bbox 289 915 527 978; x_wconf 87' lang='lat' dir='ltr'><strong>Spiritum</strong></span> <span class='ocrx_word' id='word_1_60' title='bbox 561 915 811 973; x_wconf 89' lang='lat' dir='ltr'><strong>Sanctum,</strong></span> <span class='ocrx_word' id='word_1_61' title='bbox 836 931 987 963; x_wconf 90' lang='lat' dir='ltr'><strong>unum</strong></span> <span class='ocrx_word' id='word_1_62' title='bbox 1012 931 1118 963; x_wconf 88' lang='lat' dir='ltr'><strong>esse</strong></span> <span class='ocrx_word' id='word_1_63' title='bbox 1155 915 1330 973; x_wconf 86' lang='lat' dir='ltr'><strong>Deum,</strong></span> <span class='ocrx_word' id='word_1_64' title='bbox 1354 914 1501 977; x_wconf 89' lang='lat' dir='ltr'><strong>idque</strong></span> <span class='ocrx_word' id='word_1_65' title='bbox 1533 914 1585 962; x_wconf 89' lang='lat' dir='ltr'><strong>in</strong></span> 
     </span>
     <span class='ocr_line' id='line_1_10' title="bbox 197 989 1585 1055; baseline -0.001 -17"><span class='ocrx_word' id='word_1_66' title='bbox 197 989 355 1038; x_wconf 87' lang='lat' dir='ltr'><strong>tribus</strong></span> <span class='ocrx_word' id='word_1_67' title='bbox 377 991 614 1053; x_wconf 86' lang='lat' dir='ltr'><strong>personis,</strong></span> <span class='ocrx_word' id='word_1_68' title='bbox 635 1001 830 1055; x_wconf 86' lang='lat' dir='ltr'><strong>sumpta</strong></span> <span class='ocrx_word' id='word_1_69' title='bbox 854 991 1041 1038; x_wconf 88' lang='lat' dir='ltr'><strong>scilicet</strong></span> <span class='ocrx_word' id='word_1_70' title='bbox 1057 1006 1284 1054; x_wconf 72' lang='lat' dir='ltr'><strong>persona</strong></span> <span class='ocrx_word' id='word_1_71' title='bbox 1302 991 1353 1037; x_wconf 91' lang='lat' dir='ltr'><strong>in</strong></span> <span class='ocrx_word' id='word_1_72' title='bbox 1378 1005 1466 1037; x_wconf 89' lang='lat' dir='ltr'><strong>sua</strong></span> <span class='ocrx_word' id='word_1_73' title='bbox 1487 990 1585 1053; x_wconf 82' lang='lat' dir='ltr'><strong>sig-</strong></span> 
     </span>
     <span class='ocr_line' id='line_1_11' title="bbox 197 1066 1586 1130; baseline 0 -17"><span class='ocrx_word' id='word_1_74' title='bbox 197 1066 479 1115; x_wconf 87' lang='lat' dir='ltr'><strong>nificatione</strong></span> <span class='ocrx_word' id='word_1_75' title='bbox 508 1083 622 1114; x_wconf 84' lang='lat' dir='ltr'><strong>vera</strong></span> <span class='ocrx_word' id='word_1_76' title='bbox 646 1076 697 1114; x_wconf 89' lang='lat' dir='ltr'><strong>et</strong></span> <span class='ocrx_word' id='word_1_77' title='bbox 731 1067 948 1130; x_wconf 85' lang='lat' dir='ltr'><strong>propria,</strong></span> <span class='ocrx_word' id='word_1_78' title='bbox 976 1082 1148 1130; x_wconf 69' lang='lat' dir='ltr'><strong>prQeo</strong></span> <span class='ocrx_word' id='word_1_79' title='bbox 1173 1067 1256 1129; x_wconf 92' lang='lat' dir='ltr'><strong>qui</strong></span> <span class='ocrx_word' id='word_1_80' title='bbox 1285 1074 1450 1129; x_wconf 85' lang='lat' dir='ltr'><strong>partes</strong></span> <span class='ocrx_word' id='word_1_81' title='bbox 1473 1080 1586 1113; x_wconf 87' lang='lat' dir='ltr'><strong>suas</strong></span> 
     </span>
     <span class='ocr_line' id='line_1_12' title="bbox 199 1132 1587 1206; baseline 0 -18"><span class='ocrx_word' id='word_1_82' title='bbox 199 1141 278 1189; x_wconf 86' lang='lat' dir='ltr'><strong>vel</strong></span> <span class='ocrx_word' id='word_1_83' title='bbox 301 1141 501 1189; x_wconf 85' lang='lat' dir='ltr'><strong>alterius</strong></span> <span class='ocrx_word' id='word_1_84' title='bbox 520 1141 638 1204; x_wconf 87' lang='lat' dir='ltr'><strong>agit.</strong></span> <span class='ocrx_word' id='word_1_85' title='bbox 676 1142 919 1189; x_wconf 88' lang='lat' dir='ltr'><strong>Caeterum</strong></span> <span class='ocrx_word' id='word_1_86' title='bbox 943 1142 984 1189; x_wconf 91' lang='lat' dir='ltr'><strong>si</strong></span> <span class='ocrx_word' id='word_1_87' title='bbox 1006 1132 1108 1189; x_wconf 59' lang='lat' dir='ltr'><strong>vo}</strong></span> <span class='ocrx_word' id='word_1_88' title='bbox 1118 1157 1343 1206; x_wconf 77' lang='lat' dir='ltr'><strong>persona</strong></span> <span class='ocrx_word' id='word_1_89' title='bbox 1366 1147 1587 1188; x_wconf 89' lang='lat' dir='ltr'><strong>sumatur</strong></span> 
     </span>
     <span class='ocr_line' id='line_1_13' title="bbox 202 1208 1584 1280; baseline -0.001 -16"><span class='ocrx_word' id='word_1_90' title='bbox 202 1217 491 1280; x_wconf 87' lang='lat' dir='ltr'><strong>simpliciter</strong></span> <span class='ocrx_word' id='word_1_91' title='bbox 536 1233 625 1280; x_wconf 89' lang='lat' dir='ltr'><strong>pro</strong></span> <span class='ocrx_word' id='word_1_92' title='bbox 671 1217 946 1265; x_wconf 85' lang='lat' dir='ltr'><strong>substantia</strong></span> <span class='ocrx_word' id='word_1_93' title='bbox 985 1216 1289 1280; x_wconf 86' lang='lat' dir='ltr'><strong>intelligente</strong></span> <span class='ocrx_word' id='word_1_94' title='bbox 1334 1208 1584 1279; x_wconf 76' lang='lat' dir='ltr'><strong>singulari,</strong></span> 
     </span>
     <span class='ocr_line' id='line_1_14' title="bbox 200 1292 1585 1356; baseline -0.001 -16"><span class='ocrx_word' id='word_1_95' title='bbox 200 1292 609 1356; x_wconf 85' lang='lat' dir='ltr'><strong>quemadmodum</strong></span> <span class='ocrx_word' id='word_1_96' title='bbox 651 1293 860 1340; x_wconf 90' lang='lat' dir='ltr'><strong>sumitur</strong></span> <span class='ocrx_word' id='word_1_97' title='bbox 899 1309 930 1340; x_wconf 86' lang='lat' dir='ltr'><strong>a</strong></span> <span class='ocrx_word' id='word_1_98' title='bbox 971 1292 1280 1349; x_wconf 87' lang='lat' dir='ltr'><strong>Bellarmino,</strong></span> <span class='ocrx_word' id='word_1_99' title='bbox 1305 1300 1362 1339; x_wconf 88' lang='lat' dir='ltr'><strong>ut</strong></span> <span class='ocrx_word' id='word_1_100' title='bbox 1397 1292 1585 1350; x_wconf 87' lang='lat' dir='ltr'><strong>Petrus,</strong></span> 
     </span>
     <span class='ocr_line' id='line_1_15' title="bbox 202 1366 1586 1431; baseline -0.002 -15"><span class='ocrx_word' id='word_1_101' title='bbox 202 1367 393 1426; x_wconf 87' lang='lat' dir='ltr'><strong>Paulus,</strong></span> <span class='ocrx_word' id='word_1_102' title='bbox 407 1368 436 1415; x_wconf 90' lang='lat' dir='ltr'>J</span> <span class='ocrx_word' id='word_1_103' title='bbox 440 1368 673 1425; x_wconf 87' lang='lat' dir='ltr'><strong>ohannes,</strong></span> <span class='ocrx_word' id='word_1_104' title='bbox 682 1368 774 1425; x_wconf 84' lang='lat' dir='ltr'><strong>vel,</strong></span> <span class='ocrx_word' id='word_1_105' title='bbox 790 1367 923 1431; x_wconf 93' lang='lat' dir='ltr'><strong>quod</strong></span> <span class='ocrx_word' id='word_1_106' title='bbox 937 1367 1067 1414; x_wconf 93' lang='lat' dir='ltr'><strong>idem</strong></span> <span class='ocrx_word' id='word_1_107' title='bbox 1083 1374 1174 1425; x_wconf 89' lang='lat' dir='ltr'><strong>est,</strong></span> <span class='ocrx_word' id='word_1_108' title='bbox 1188 1383 1279 1430; x_wconf 88' lang='lat' dir='ltr'><strong>pro</strong></span> <span class='ocrx_word' id='word_1_109' title='bbox 1295 1366 1559 1431; x_wconf 73' lang='lat' dir='ltr'><strong>hypostasi</strong></span> <span class='ocrx_word' id='word_1_110' title='bbox 1566 1384 1586 1421; x_wconf 90' lang='lat'><em>;</em></span> 
     </span>
     <span class='ocr_line' id='line_1_16' title="bbox 201 1442 1588 1507; baseline -0.001 -16"><span class='ocrx_word' id='word_1_111' title='bbox 201 1443 446 1507; x_wconf 91' lang='lat' dir='ltr'><strong>quomodo</strong></span> <span class='ocrx_word' id='word_1_112' title='bbox 472 1443 631 1502; x_wconf 90' lang='lat' dir='ltr'><strong>Pater,</strong></span> <span class='ocrx_word' id='word_1_113' title='bbox 650 1444 815 1501; x_wconf 84' lang='lat' dir='ltr'><strong>Filius,</strong></span> <span class='ocrx_word' id='word_1_114' title='bbox 835 1451 884 1491; x_wconf 91' lang='lat' dir='ltr'><strong>et</strong></span> <span class='ocrx_word' id='word_1_115' title='bbox 909 1443 1120 1506; x_wconf 82' lang='lat' dir='ltr'><strong>Spiritus</strong></span> <span class='ocrx_word' id='word_1_116' title='bbox 1136 1443 1345 1490; x_wconf 85' lang='lat' dir='ltr'><strong>Sanctus</strong></span> <span class='ocrx_word' id='word_1_117' title='bbox 1364 1458 1465 1490; x_wconf 91' lang='lat' dir='ltr'><strong>non</strong></span> <span class='ocrx_word' id='word_1_118' title='bbox 1487 1442 1588 1490; x_wconf 87' lang='lat' dir='ltr'><strong>sint</strong></span> 
     </span>
     <span class='ocr_line' id='line_1_17' title="bbox 199 1516 1586 1576; baseline -0.001 -10"><span class='ocrx_word' id='word_1_119' title='bbox 199 1525 301 1566; x_wconf 84' lang='lat' dir='ltr'><strong>tres</strong></span> <span class='ocrx_word' id='word_1_120' title='bbox 324 1518 609 1566; x_wconf 82' lang='lat' dir='ltr'><strong>substantiae</strong></span> <span class='ocrx_word' id='word_1_121' title='bbox 633 1517 913 1576; x_wconf 84' lang='lat' dir='ltr'><strong>individuae,</strong></span> <span class='ocrx_word' id='word_1_122' title='bbox 938 1517 989 1565; x_wconf 91' lang='lat' dir='ltr'><strong>id</strong></span> <span class='ocrx_word' id='word_1_123' title='bbox 1013 1526 1103 1575; x_wconf 90' lang='lat' dir='ltr'><strong>est,</strong></span> <span class='ocrx_word' id='word_1_124' title='bbox 1126 1525 1226 1565; x_wconf 90' lang='lat' dir='ltr'><strong>tres</strong></span> <span class='ocrx_word' id='word_1_125' title='bbox 1250 1532 1453 1565; x_wconf 88' lang='lat' dir='ltr'><strong>numero</strong></span> <span class='ocrx_word' id='word_1_126' title='bbox 1478 1516 1586 1575; x_wconf 87' lang='lat' dir='ltr'><strong>Dei,</strong></span> 
     </span>
     <span class='ocr_line' id='line_1_18' title="bbox 200 1593 1589 1658; baseline -0.001 -16"><span class='ocrx_word' id='word_1_127' title='bbox 200 1609 302 1642; x_wconf 90' lang='lat' dir='ltr'><strong>non</strong></span> <span class='ocrx_word' id='word_1_128' title='bbox 318 1594 539 1658; x_wconf 89' lang='lat' dir='ltr'><strong>intelligo</strong></span> <span class='ocrx_word' id='word_1_129' title='bbox 562 1615 574 1649; x_wconf 92' lang='lat'>;</span> <span class='ocrx_word' id='word_1_130' title='bbox 610 1610 768 1657; x_wconf 90' lang='lat' dir='ltr'><strong>neque</strong></span> <span class='ocrx_word' id='word_1_131' title='bbox 792 1593 1039 1658; x_wconf 90' lang='lat' dir='ltr'><strong>quomodo</strong></span> <span class='ocrx_word' id='word_1_132' title='bbox 1063 1610 1090 1641; x_wconf 91' lang='lat' dir='ltr'><strong>e</strong></span> <span class='ocrx_word' id='word_1_133' title='bbox 1106 1593 1370 1657; x_wconf 87' lang='lat' dir='ltr'><strong>Scripturis</strong></span> <span class='ocrx_word' id='word_1_134' title='bbox 1391 1593 1589 1657; x_wconf 87' lang='lat' dir='ltr'><strong>probari</strong></span> 
     </span>
     <span class='ocr_line' id='line_1_19' title="bbox 199 1669 1590 1733; baseline -0.001 -16"><span class='ocrx_word' id='word_1_135' title='bbox 199 1669 369 1733; x_wconf 85' lang='lat' dir='ltr'><strong>possit,</strong></span> <span class='ocrx_word' id='word_1_136' title='bbox 384 1669 543 1728; x_wconf 84' lang='lat' dir='ltr'><strong>video,</strong></span> <span class='ocrx_word' id='word_1_137' title='bbox 561 1669 645 1717; x_wconf 91' lang='lat' dir='ltr'><strong>ubi</strong></span> <span class='ocrx_word' id='word_1_138' title='bbox 670 1685 828 1732; x_wconf 90' lang='lat' dir='ltr'><strong>neque</strong></span> <span class='ocrx_word' id='word_1_139' title='bbox 848 1669 1167 1732; x_wconf 73' lang='lat' dir='ltr'><strong>hypostases,</strong></span> <span class='ocrx_word' id='word_1_140' title='bbox 1185 1684 1344 1731; x_wconf 89' lang='lat' dir='ltr'><strong>neque</strong></span> <span class='ocrx_word' id='word_1_141' title='bbox 1352 1684 1590 1733; x_wconf 73' lang='lat' dir='ltr'><strong>personae</strong></span> 
     </span>
     <span class='ocr_line' id='line_1_20' title="bbox 201 1743 1588 1808; baseline -0.001 -16"><span class='ocrx_word' id='word_1_142' title='bbox 201 1744 254 1792; x_wconf 92' lang='lat' dir='ltr'><strong>in</strong></span> <span class='ocrx_word' id='word_1_143' title='bbox 287 1744 393 1793; x_wconf 84' lang='lat' dir='ltr'><strong>Deo</strong></span> <span class='ocrx_word' id='word_1_144' title='bbox 418 1745 801 1808; x_wconf 89' lang='lat' dir='ltr'><strong>distinguuntur.</strong></span> <span class='ocrx_word' id='word_1_145' title='bbox 873 1744 1189 1792; x_wconf 90' lang='lat' dir='ltr'><strong>Solummodo</strong></span> <span class='ocrx_word' id='word_1_146' title='bbox 1222 1743 1453 1792; x_wconf 86' lang='lat' dir='ltr'><strong>dicuntur</strong></span> <span class='ocrx_word' id='word_1_147' title='bbox 1484 1758 1588 1791; x_wconf 67' lang='lat' dir='ltr'><strong>oese</strong></span> 
     </span>
     <span class='ocr_line' id='line_1_21' title="bbox 201 1820 1589 1884; baseline -0.002 -15"><span class='ocrx_word' id='word_1_148' title='bbox 201 1827 302 1869; x_wconf 81' lang='lat' dir='ltr'><strong>tres</strong></span> <span class='ocrx_word' id='word_1_149' title='bbox 338 1821 421 1884; x_wconf 91' lang='lat' dir='ltr'><strong>qui</strong></span> <span class='ocrx_word' id='word_1_150' title='bbox 462 1821 798 1869; x_wconf 84' lang='lat' dir='ltr'><strong>testimonium</strong></span> <span class='ocrx_word' id='word_1_151' title='bbox 838 1820 1099 1884; x_wconf 85' lang='lat' dir='ltr'><strong>perhibent</strong></span> <span class='ocrx_word' id='word_1_152' title='bbox 1145 1820 1196 1868; x_wconf 91' lang='lat' dir='ltr'><strong>in</strong></span> <span class='ocrx_word' id='word_1_153' title='bbox 1233 1820 1373 1878; x_wconf 89' lang='lat' dir='ltr'><strong>coelo,</strong></span> <span class='ocrx_word' id='word_1_154' title='bbox 1412 1834 1589 1882; x_wconf 84' lang='lat' dir='ltr'><strong>nempe</strong></span> 
     </span>
     <span class='ocr_line' id='line_1_22' title="bbox 203 1894 1590 1959; baseline -0.001 -16"><span class='ocrx_word' id='word_1_155' title='bbox 203 1895 363 1954; x_wconf 74' lang='lat' dir='ltr'><strong>Pater,</strong></span> <span class='ocrx_word' id='word_1_156' title='bbox 387 1896 551 1955; x_wconf 89' lang='lat' dir='ltr'><strong>Filius,</strong></span> <span class='ocrx_word' id='word_1_157' title='bbox 575 1903 626 1944; x_wconf 89' lang='lat' dir='ltr'><strong>et</strong></span> <span class='ocrx_word' id='word_1_158' title='bbox 650 1896 861 1959; x_wconf 84' lang='lat' dir='ltr'><strong>Spiritus</strong></span> <span class='ocrx_word' id='word_1_159' title='bbox 897 1897 1123 1954; x_wconf 87' lang='lat' dir='ltr'><strong>Sanctus,</strong></span> <span class='ocrx_word' id='word_1_160' title='bbox 1162 1903 1214 1943; x_wconf 86' lang='lat' dir='ltr'><strong>et</strong></span> <span class='ocrx_word' id='word_1_161' title='bbox 1249 1904 1350 1943; x_wconf 91' lang='lat' dir='ltr'><strong>tres</strong></span> <span class='ocrx_word' id='word_1_162' title='bbox 1379 1894 1449 1942; x_wconf 85' lang='lat' dir='ltr'><strong>illi</strong></span> <span class='ocrx_word' id='word_1_163' title='bbox 1485 1909 1590 1942; x_wconf 79' lang='lat' dir='ltr'><strong>esse</strong></span> 
     </span>
     <span class='ocr_line' id='line_1_23' title="bbox 203 1970 1590 2035; baseline -0.001 -17"><span class='ocrx_word' id='word_1_164' title='bbox 203 1986 373 2019; x_wconf 87' lang='lat' dir='ltr'><strong>unum.</strong></span> <span class='ocrx_word' id='word_1_165' title='bbox 443 1971 547 2030; x_wconf 85' lang='lat' dir='ltr'><strong>Illa,</strong></span> <span class='ocrx_word' id='word_1_166' title='bbox 572 1987 683 2035; x_wconf 87' lang='lat' dir='ltr'><strong>quae</strong></span> <span class='ocrx_word' id='word_1_167' title='bbox 718 1972 886 2020; x_wconf 86' lang='lat' dir='ltr'><strong>Patres</strong></span> <span class='ocrx_word' id='word_1_168' title='bbox 923 1971 1094 2019; x_wconf 89' lang='lat' dir='ltr'><strong>dicunt</strong></span> <span class='ocrx_word' id='word_1_169' title='bbox 1122 1981 1262 2019; x_wconf 83' lang='lat' dir='ltr'><strong>extra</strong></span> <span class='ocrx_word' id='word_1_170' title='bbox 1285 1970 1590 2033; x_wconf 87' lang='lat' dir='ltr'><strong>Scripturam</strong></span> 
     </span>
     <span class='ocr_line' id='line_1_24' title="bbox 206 2044 1587 2111; baseline -0.002 -17"><span class='ocrx_word' id='word_1_171' title='bbox 206 2045 406 2094; x_wconf 81' lang='lat' dir='ltr'><strong>Sacram</strong></span> <span class='ocrx_word' id='word_1_172' title='bbox 429 2047 479 2094; x_wconf 91' lang='lat' dir='ltr'><strong>in</strong></span> <span class='ocrx_word' id='word_1_173' title='bbox 504 2047 602 2094; x_wconf 88' lang='lat' dir='ltr'><strong>suis</strong></span> <span class='ocrx_word' id='word_1_174' title='bbox 625 2046 739 2094; x_wconf 86' lang='lat' dir='ltr'><strong>fidei</strong></span> <span class='ocrx_word' id='word_1_175' title='bbox 763 2047 1168 2111; x_wconf 83' lang='lat' dir='ltr'><strong>explicationibus</strong></span> <span class='ocrx_word' id='word_1_176' title='bbox 1191 2044 1587 2110; x_wconf 75' lang='lat' dir='ltr'><strong>particularibuS,</strong></span> 
     </span>
     <span class='ocr_line' id='line_1_25' title="bbox 207 2120 1589 2186; baseline -0.002 -17"><span class='ocrx_word' id='word_1_177' title='bbox 207 2120 511 2170; x_wconf 85' lang='lat' dir='ltr'><strong>Christianos</strong></span> <span class='ocrx_word' id='word_1_178' title='bbox 530 2138 629 2170; x_wconf 91' lang='lat' dir='ltr'><strong>non</strong></span> <span class='ocrx_word' id='word_1_179' title='bbox 647 2123 881 2186; x_wconf 89' lang='lat' dir='ltr'><strong>obligant,</strong></span> <span class='ocrx_word' id='word_1_180' title='bbox 902 2139 1108 2186; x_wconf 88' lang='lat' dir='ltr'><strong>quorum</strong></span> <span class='ocrx_word' id='word_1_181' title='bbox 1131 2121 1464 2184; x_wconf 88' lang='lat' dir='ltr'><strong>unusquisque</strong></span> <span class='ocrx_word' id='word_1_182' title='bbox 1487 2135 1589 2167; x_wconf 92' lang='lat' dir='ltr'><strong>non</strong></span> 
     </span>
     <span class='ocr_line' id='line_1_26' title="bbox 206 2196 1588 2260; baseline -0.003 -15"><span class='ocrx_word' id='word_1_183' title='bbox 206 2196 366 2245; x_wconf 85' lang='lat' dir='ltr'><strong>alieno</strong></span> <span class='ocrx_word' id='word_1_184' title='bbox 403 2197 637 2260; x_wconf 86' lang='lat' dir='ltr'><strong>periculo,</strong></span> <span class='ocrx_word' id='word_1_185' title='bbox 663 2198 749 2247; x_wconf 89' lang='lat' dir='ltr'><strong>sed</strong></span> <span class='ocrx_word' id='word_1_186' title='bbox 780 2214 868 2247; x_wconf 90' lang='lat' dir='ltr'><strong>suo</strong></span> <span class='ocrx_word' id='word_1_187' title='bbox 904 2207 954 2247; x_wconf 90' lang='lat' dir='ltr'><strong>et</strong></span> <span class='ocrx_word' id='word_1_188' title='bbox 987 2214 1194 2254; x_wconf 90' lang='lat' dir='ltr'><strong>summo,</strong></span> <span class='ocrx_word' id='word_1_189' title='bbox 1219 2197 1428 2244; x_wconf 90' lang='lat' dir='ltr'><strong>salutem</strong></span> <span class='ocrx_word' id='word_1_190' title='bbox 1451 2210 1588 2242; x_wconf 86' lang='lat' dir='ltr'><strong>suam</strong></span> 
     </span>
     <span class='ocr_line' id='line_1_27' title="bbox 207 2272 1590 2336; baseline -0.003 -16"><span class='ocrx_word' id='word_1_191' title='bbox 207 2273 259 2320; x_wconf 91' lang='lat' dir='ltr'><strong>in</strong></span> <span class='ocrx_word' id='word_1_192' title='bbox 286 2272 551 2336; x_wconf 83' lang='lat' dir='ltr'><strong>Scripturis</strong></span> <span class='ocrx_word' id='word_1_193' title='bbox 575 2274 736 2322; x_wconf 85' lang='lat' dir='ltr'><strong>Sacris</strong></span> <span class='ocrx_word' id='word_1_194' title='bbox 760 2275 965 2322; x_wconf 85' lang='lat' dir='ltr'><strong>scrutari</strong></span> <span class='ocrx_word' id='word_1_195' title='bbox 991 2274 1152 2322; x_wconf 81' lang='lat' dir='ltr'><strong>debet.</strong></span> <span class='ocrx_word' id='word_1_196' title='bbox 1221 2272 1435 2319; x_wconf 85' lang='lat' dir='ltr'><strong>Transeo</strong></span> <span class='ocrx_word' id='word_1_197' title='bbox 1458 2285 1590 2317; x_wconf 84' lang='lat' dir='ltr'><strong>nunc</strong></span> 
     </span>
     <span class='ocr_line' id='line_1_28' title="bbox 208 2347 403 2396; baseline 0 0"><span class='ocrx_word' id='word_1_198' title='bbox 208 2347 272 2396; x_wconf 89' lang='lat' dir='ltr'><strong>ad</strong></span> <span class='ocrx_word' id='word_1_199' title='bbox 293 2347 403 2396; x_wconf 88' lang='lat' dir='ltr'><strong>alia.</strong></span> 
     </span>
    </p>
   </div>
   <div class='ocr_carea' id='block_1_5' title="bbox 753 2455 1010 2461">
    <p class='ocr_par' dir='ltr' id='par_1_5' title="bbox 753 2455 1010 2461">
     <span class='ocr_line' id='line_1_29' title="bbox 753 2455 1010 2461; baseline 0 0"><span class='ocrx_word' id='word_1_200' title='bbox 753 2455 1010 2461; x_wconf 95' lang='lat' dir='ltr'><strong> </strong></span> 
     </span>
    </p>
   </div>
   <div class='ocr_carea' id='block_1_6' title="bbox 752 2464 1013 2474">
    <p class='ocr_par' dir='ltr' id='par_1_6' title="bbox 752 2464 1013 2474">
     <span class='ocr_line' id='line_1_30' title="bbox 752 2464 1013 2474; baseline 0 0"><span class='ocrx_word' id='word_1_201' title='bbox 752 2464 1013 2474; x_wconf 95' lang='lat' dir='ltr'><strong> </strong></span> 
     </span>
    </p>
   </div>
   <div class='ocr_carea' id='block_1_7' title="bbox 742 2557 1054 2606">
    <p class='ocr_par' dir='ltr' id='par_1_7' title="bbox 742 2557 1054 2606">
     <span class='ocr_line' id='line_1_31' title="bbox 742 2557 1054 2606; baseline -0.006 0"><span class='ocrx_word' id='word_1_202' title='bbox 742 2557 956 2606; x_wconf 85' lang='lat' dir='ltr'><strong>CAPUT</strong></span> <span class='ocrx_word' id='word_1_203' title='bbox 991 2558 1054 2605; x_wconf 90' lang='lat'><strong>11.</strong></span> 
     </span>
    </p>
   </div>
   <div class='ocr_carea' id='block_1_8' title="bbox 752 2657 1042 2690">
    <p class='ocr_par' dir='ltr' id='par_1_8' title="bbox 752 2657 1042 2690">
     <span class='ocr_line' id='line_1_32' title="bbox 752 2657 1042 2690; baseline -0.003 0"><span class='ocrx_word' id='word_1_204' title='bbox 752 2657 815 2690; x_wconf 78' lang='lat' dir='ltr'><strong>DR</strong></span> <span class='ocrx_word' id='word_1_205' title='bbox 839 2657 1025 2690; x_wconf 70' lang='lat' dir='ltr'>HAERRSI</span> <span class='ocrx_word' id='word_1_206' title='bbox 1032 2679 1042 2689; x_wconf 85' lang='lat'><strong>.</strong></span> 
     </span>
    </p>
   </div>
   <div class='ocr_carea' id='block_1_9' title="bbox 211 2724 1592 2998">
    <p class='ocr_par' dir='ltr' id='par_1_9' title="bbox 277 2724 909 2773">
     <span class='ocr_line' id='line_1_33' title="bbox 277 2724 909 2773; baseline 0.003 -2"><span class='ocrx_word' id='word_1_207' title='bbox 277 2724 341 2772; x_wconf 80' lang='lat' dir='ltr'><strong>A.</strong></span> <span class='ocrx_word' id='word_1_208' title='bbox 380 2724 532 2772; x_wconf 78' lang='lat' dir='ltr'><strong>Qum</strong></span> <span class='ocrx_word' id='word_1_209' title='bbox 559 2733 636 2772; x_wconf 87' lang='lat' dir='ltr'><strong>est</strong></span> <span class='ocrx_word' id='word_1_210' title='bbox 659 2724 862 2773; x_wconf 69' lang='lat' dir='ltr'><strong>lum-esis</strong></span> <span class='ocrx_word' id='word_1_211' title='bbox 879 2729 909 2773; x_wconf 67' lang='lat'><em>8</em></span> 
     </span>
    </p>

    <p class='ocr_par' dir='ltr' id='par_1_10' title="bbox 211 2798 1592 2938">
     <span class='ocr_line' id='line_1_34' title="bbox 278 2798 1592 2865; baseline -0.002 -18"><span class='ocrx_word' id='word_1_212' title='bbox 278 2800 343 2847; x_wconf 93' lang='lat' dir='ltr'><strong>B.</strong></span> <span class='ocrx_word' id='word_1_213' title='bbox 378 2799 487 2847; x_wconf 82' lang='lat' dir='ltr'><strong>Vox</strong></span> <span class='ocrx_word' id='word_1_214' title='bbox 511 2799 682 2848; x_wconf 84' lang='lat' dir='ltr'><strong>Graeca</strong></span> <span class='ocrx_word' id='word_1_215' title='bbox 710 2808 801 2858; x_wconf 85' lang='lat' dir='ltr'><strong>est,</strong></span> <span class='ocrx_word' id='word_1_216' title='bbox 824 2801 1103 2865; x_wconf 85' lang='lat' dir='ltr'><strong>significans</strong></span> <span class='ocrx_word' id='word_1_217' title='bbox 1131 2798 1465 2861; x_wconf 86' lang='lat' dir='ltr'><strong>cujuscunque</strong></span> <span class='ocrx_word' id='word_1_218' title='bbox 1486 2812 1592 2846; x_wconf 80' lang='lat' dir='ltr'><strong>see-</strong></span> 
     </span>
     <span class='ocr_line' id='line_1_35' title="bbox 211 2874 494 2938; baseline -0.007 -14"><span class='ocrx_word' id='word_1_219' title='bbox 211 2884 276 2924; x_wconf 85' lang='lat' dir='ltr'><strong>tae</strong></span> <span class='ocrx_word' id='word_1_220' title='bbox 300 2874 494 2938; x_wconf 87' lang='lat' dir='ltr'><strong>dogma.</strong></span> 
     </span>
    </p>

    <p class='ocr_par' dir='ltr' id='par_1_11' title="bbox 279 2948 821 2998">
     <span class='ocr_line' id='line_1_36' title="bbox 279 2948 821 2998; baseline 0 -2"><span class='ocrx_word' id='word_1_221' title='bbox 279 2949 343 2998; x_wconf 88' lang='lat' dir='ltr'><strong>A.</strong></span> <span class='ocrx_word' id='word_1_222' title='bbox 380 2948 515 2998; x_wconf 78' lang='lat' dir='ltr'><strong>Quid</strong></span> <span class='ocrx_word' id='word_1_223' title='bbox 537 2956 609 2996; x_wconf 89' lang='lat' dir='ltr'><strong>est</strong></span> <span class='ocrx_word' id='word_1_224' title='bbox 633 2955 772 2996; x_wconf 73' lang='lat' dir='ltr'><strong>secta</strong></span> <span class='ocrx_word' id='word_1_225' title='bbox 792 2952 821 2996; x_wconf 71' lang='grc' dir='ltr'><strong><em>ἓ</em></strong></span> 
     </span>
    </p>
   </div>
  </div>
 </body>
</html>
