1968 3236
142 381 244 413 CAP.
261 380 371 413 XLII.

165 436 351 458 *ηρ-..κ

161 476 206 504 De
218 479 357 513 potestate

159 519 361 548 ecelesiastica.

409 237 504 290 370
729 250 798 282 DE
826 249 1083 283 olvl'rA'rE
1111 250 1467 284 CHRISTIANA.

408 360 488 407 ille
532 359 836 407 Christianus
879 357 977 405 sive
1021 357 1244 405 ethnicus
1286 369 1429 417 esset,
1468 359 1658 407 nullum
1702 360 1790 408 ha-

409 437 572 484 buere.
608 435 695 482 Jus
720 441 881 481 autem
905 433 956 480 in
981 432 1190 480 civitatis
1213 433 1322 482 loca
1346 435 1524 494 omnia,
1549 442 1623 483 est
1659 435 1788 483 illius

411 511 494 575 qui
539 526 772 558 summam
818 509 965 556 habet
1010 509 1061 555 in
1110 508 1307 558 civitate
1357 518 1680 575 potestatem;
1738 519 1789 560 et

407 594 678 650 propterea,
698 601 796 632 non
819 584 963 631 modo
988 584 1073 642 illi,
1095 585 1179 647 qui
1203 587 1610 635 excommunicati
1633 594 1787 646 erant,

408 662 492 709 sed
527 662 672 709 etiam
719 661 802 718 illi,
845 660 929 723 qui
975 676 1224 722 nunquam
1261 661 1497 724 baptizati
1543 670 1698 722 erant,
1737 663 1788 710 in

407 756 691 804 synagogas,
717 739 831 788 data
866 755 895 786 a
924 754 1112 786 summo
1136 739 1406 802 imperante
1428 748 1688 803 potestate,
1712 741 1787 788 in—

406 823 533 863 trare
556 822 851 878 potuerunt;
901 814 1027 861 sicut
1061 814 1252 874 Paulus,
1285 823 1398 862 ante
1422 816 1787 864 conversionem

405 907 556 948 suam,
589 891 831 953 ingressus
868 895 943 936 est
983 904 1282 952 synagogam
1314 889 1700 939 Christianorum
1735 891 1787 939 in

405 967 658 1024 Damasco,
695 973 752 1013 ut
794 981 876 1012 eos
918 965 1367 1027 comprehenderet,
1405 966 1692 1030 vinctosque
1723 967 1787 1015 ad

402 1043 669 1090 Jerusalem
687 1043 827 1104 jussu
850 1040 1026 1089 summi
1049 1041 1314 1089 sacerdotis
1338 1041 1552 1090 duceret.

469 1119 670 1166 Constat
712 1133 829 1180 ergo
876 1116 1434 1164 excommunicationem
1471 1117 1522 1164 in
1562 1117 1786 1165 homines

404 1193 716 1253 Christianos,
737 1192 820 1255 qui
844 1208 873 1238 a
890 1191 1125 1254 religione
1141 1191 1417 1239 Christiana
1435 1191 1714 1251 deficerent,
1733 1192 1784 1239 in

401 1285 458 1317 eo
481 1269 589 1317 loco
612 1268 697 1315 ubi
718 1274 935 1330 potestas
960 1266 1112 1314 civilis
1137 1267 1387 1315 ecclesiam
1413 1275 1497 1315 aut
1525 1283 1786 1331 perseque-

398 1345 543 1392 batur
574 1351 660 1391 aut
703 1359 802 1390 non
842 1343 1148 1405 protegebat,
1184 1343 1368 1391 nullam
1401 1343 1500 1391 vim
1537 1343 1783 1402 habuisse,

399 1436 556 1483 neque
579 1419 643 1467 ad
667 1419 898 1466 damnum
920 1435 1079 1482 neque
1115 1418 1179 1466 ad
1202 1427 1467 1475 terrorem;
1523 1419 1637 1483 quia
1668 1419 1784 1467 huic

398 1495 581 1543 mundo
604 1494 970 1542 favorabiliores
994 1494 1108 1541 inde
1130 1494 1285 1542 futuri
1309 1502 1472 1543 essent
1491 1516 1503 1550 ;
1549 1510 1708 1558 neque
1730 1494 1783 1542 in

398 1571 580 1618 mundo
603 1570 767 1617 futuro
790 1570 956 1632 pejore
980 1570 1260 1618 conditione
1300 1570 1406 1618 fore
1435 1571 1778 1634 expectabant,

342 1673 352 1682 ·
398 1662 539 1708 quam
562 1661 657 1708 qua
673 1644 807 1692 usuri
826 1653 967 1693 erant
984 1645 1070 1703 illi,
1087 1645 1170 1708 qui
1185 1661 1437 1708 nunquam
1455 1645 1780 1693 crediderant.

399 1722 517 1780 Imo,
543 1721 606 1769 ad
637 1721 890 1769 ecclesiam
926 1721 1162 1784 pertinuit
1204 1721 1436 1784 quicquid
1465 1727 1570 1768 erat
1603 1721 1655 1768 in
1686 1721 1782 1769 hoc

396 1797 579 1845 mundo
604 1797 782 1855 damni,
807 1814 914 1860 quae
945 1797 1082 1845 illum
1113 1796 1582 1845 excommunicando
1618 1796 1781 1845 inimi-

397 1888 479 1920 cos
503 1879 675 1921 contra
692 1889 742 1921 se
766 1873 1002 1921 irritabat.

460 1949 700 1996 Effectum
737 1965 852 2012 ergo
894 1949 945 1996 in
988 1965 1070 1997 eos
1112 1949 1239 1997 solos
1278 1948 1452 1996 habuit
1500 1963 1779 1995 excommu-

394 2025 591 2084 nicatio,
638 2026 720 2088 qui
765 2025 1031 2073 credebant
1075 2026 1103 2073 J
1107 2041 1244 2072 esum
1292 2024 1540 2072 Christum
1595 2023 1779 2071 reditu-

396 2115 502 2146 rum
539 2116 641 2148 esse
676 2100 726 2147 in
766 2100 937 2164 gloria,
974 2108 1309 2164 regnaturum,
1346 2098 1778 2163 judicaturumque

394 2174 528 2222 vivos
574 2182 622 2222 et
668 2182 903 2233 mortuos,
941 2183 991 2223 et
1026 2192 1052 2222 e
1087 2192 1239 2238 regno
1274 2191 1364 2223 suo
1398 2175 1523 2232 illos,
1569 2175 1653 2237 qui
1694 2190 1778 2222 ex-

394 2251 737 2298 communicati
761 2251 821 2298 ab
846 2251 1050 2299 ecclesia
1081 2261 1235 2311 erant,
1270 2251 1594 2299 exclusurum.
1666 2251 1778 2299 Hoc

394 2333 467 2372 est
507 2325 638 2388 quod
669 2333 948 2373 metuerunt
979 2327 1027 2374 in
1059 2326 1561 2375 excommunicatione
1608 2325 1778 2374 Chris-

394 2399 513 2447 tiani
564 2401 680 2448 veri.
767 2401 970 2449 Dixerat
1015 2403 1144 2450 enim
1194 2404 1401 2451 Sanctus
1448 2401 1640 2460 Paulus,
1686 2402 1775 2450 ho-

394 2474 572 2522 minem
614 2476 1087 2524 excommunicatum
1132 2477 1368 2526 traditum
1415 2492 1519 2524 esse
1561 2477 1774 2526 Satanae.

396 2548 522 2597 Nam
567 2557 705 2599 extra
749 2567 953 2614 regnum
1000 2552 1197 2611 Christi,
1243 2561 1357 2616 post
1409 2552 1539 2600 diem
1586 2553 1775 2616 judicii,

395 2639 545 2687 regna
577 2625 672 2673 alia
702 2626 866 2672 omnia
902 2641 1106 2687 regnum
1141 2636 1281 2675 erant
1316 2627 1525 2675 Satanae.
1587 2627 1774 2676 Intelli-

394 2698 526 2759 gitur
555 2699 685 2758 hinc,
720 2701 1290 2760 excommunicationem,
1317 2719 1413 2765 quo
1446 2710 1668 2767 tempore
1698 2719 1775 2751 re-

395 2771 510 2834 ligio
540 2774 818 2823 Christiana
850 2791 880 2823 a
913 2783 1155 2838 potestate
1193 2778 1321 2825 civili
1359 2778 1578 2827 nondum
1610 2787 1774 2843 prote-

394 2846 615 2906 gebatur,
642 2849 691 2897 in
723 2865 812 2898 usu
843 2849 991 2898 fuisse
1027 2867 1115 2914 pro
1151 2869 1341 2900 morum
1364 2861 1556 2902 tantum
1582 2870 1773 2904 correc-
