<?xml version="1.0" encoding="UTF-8"?>
<!DOCTYPE html PUBLIC "-//W3C//DTD XHTML 1.0 Transitional//EN"
    "http://www.w3.org/TR/xhtml1/DTD/xhtml1-transitional.dtd">
<html xmlns="http://www.w3.org/1999/xhtml" xml:lang="en" lang="en">
 <head>
  <title>
</title>
<meta http-equiv="Content-Type" content="text/html;charset=utf-8" />
  <meta name='ocr-system' content='tesseract 3.04.00' />
  <meta name='ocr-capabilities' content='ocr_page ocr_carea ocr_par ocr_line ocrx_word'/>
</head>
<body>
  <div class='ocr_page' id='page_1' title='image "./operaphilosophic03hobbuoft_0288.png"; bbox 0 0 1968 3236; ppageno 0'>
   <div class='ocr_carea' id='block_1_1' title="bbox 452 283 1498 327">
    <p class='ocr_par' dir='ltr' id='par_1_1' title="bbox 452 283 1498 327">
     <span class='ocr_line' id='line_1_1' title="bbox 452 283 1498 327; baseline -0.001 -1"><span class='ocrx_word' id='word_1_1' title='bbox 452 283 548 326; x_wconf 84' lang='lat'>288</span> <span class='ocrx_word' id='word_1_2' title='bbox 773 293 842 327; x_wconf 87' lang='lat' dir='ltr'>DE</span> <span class='ocrx_word' id='word_1_3' title='bbox 871 292 1115 327; x_wconf 81' lang='lat' dir='ltr'>CIVITATE</span> <span class='ocrx_word' id='word_1_4' title='bbox 1143 292 1498 327; x_wconf 75' lang='lat' dir='ltr'>chs&#39;nANA.</span> 
     </span>
    </p>
   </div>
   <div class='ocr_carea' id='block_1_2' title="bbox 167 404 1822 2949">
    <p class='ocr_par' dir='ltr' id='par_1_2' title="bbox 170 404 1820 466">
     <span class='ocr_line' id='line_1_2' title="bbox 170 404 1820 466; baseline 0.001 -17"><span class='ocrx_word' id='word_1_5' title='bbox 170 424 431 458; x_wconf 56' lang='lat' dir='ltr'>cmxxxw,</span> <span class='ocrx_word' id='word_1_6' title='bbox 452 420 562 450; x_wconf 92' lang='lat' dir='ltr'>cum</span> <span class='ocrx_word' id='word_1_7' title='bbox 585 419 671 466; x_wconf 88' lang='lat' dir='ltr'>per</span> <span class='ocrx_word' id='word_1_8' title='bbox 700 404 834 451; x_wconf 87' lang='lat' dir='ltr'>Mare</span> <span class='ocrx_word' id='word_1_9' title='bbox 860 404 1076 450; x_wconf 89' lang='lat' dir='ltr'>Rubrum</span> <span class='ocrx_word' id='word_1_10' title='bbox 1105 404 1261 466; x_wconf 91' lang='lat' dir='ltr'>primo</span> <span class='ocrx_word' id='word_1_11' title='bbox 1280 404 1496 462; x_wconf 82' lang='lat' dir='ltr'>anteivit,</span> <span class='ocrx_word' id='word_1_12' title='bbox 1525 410 1575 450; x_wconf 89' lang='lat' dir='ltr'>et</span> <span class='ocrx_word' id='word_1_13' title='bbox 1606 418 1718 450; x_wconf 86' lang='lat' dir='ltr'>mox</span> <span class='ocrx_word' id='word_1_14' title='bbox 1746 417 1820 450; x_wconf 90' lang='lat' dir='ltr'>se-</span> 
     </span>
    </p>

    <p class='ocr_par' dir='ltr' id='par_1_3' title="bbox 171 478 1822 556">
     <span class='ocr_line' id='line_1_3' title="bbox 171 478 1822 556; baseline 0 -31"><span class='ocrx_word' id='word_1_15' title='bbox 171 487 628 556; x_wconf 53' lang='lat' dir='ltr'>Designifmationequutus</span> <span class='ocrx_word' id='word_1_16' title='bbox 665 487 750 536; x_wconf 88' lang='lat' dir='ltr'>est,</span> <span class='ocrx_word' id='word_1_17' title='bbox 789 478 965 525; x_wconf 89' lang='lat' dir='ltr'>dicitur</span> <span class='ocrx_word' id='word_1_18' title='bbox 1005 479 1149 539; x_wconf 89' lang='lat' dir='ltr'>(vers.</span> <span class='ocrx_word' id='word_1_19' title='bbox 1175 480 1279 541; x_wconf 86' lang='lat'>24),</span> <span class='ocrx_word' id='word_1_20' title='bbox 1309 479 1547 527; x_wconf 75' lang='lat' dir='ltr'><em>Dominus</em></span> <span class='ocrx_word' id='word_1_21' title='bbox 1581 479 1699 541; x_wconf 90' lang='lat' dir='ltr'>ipse,</span> <span class='ocrx_word' id='word_1_22' title='bbox 1736 494 1822 541; x_wconf 88' lang='lat' dir='ltr'>ap-</span> 
     </span>
    </p>

    <p class='ocr_par' dir='ltr' id='par_1_4' title="bbox 170 553 1818 617">
     <span class='ocr_line' id='line_1_4' title="bbox 170 553 1818 617; baseline 0.001 -17"><span class='ocrx_word' id='word_1_23' title='bbox 170 571 256 612; x_wconf 45' lang='grc' dir='ltr'>φησι</span> <span class='ocrx_word' id='word_1_24' title='bbox 275 563 383 615; x_wconf 40' lang='lat' dir='ltr'>habent</span> <span class='ocrx_word' id='word_1_25' title='bbox 403 564 432 613; x_wconf 61' lang='lat' dir='ltr'>{n</span> <span class='ocrx_word' id='word_1_26' title='bbox 449 555 702 617; x_wconf 87' lang='lat' dir='ltr'>paruitque</span> <span class='ocrx_word' id='word_1_27' title='bbox 741 570 837 600; x_wconf 91' lang='lat' dir='ltr'>non</span> <span class='ocrx_word' id='word_1_28' title='bbox 880 554 926 601; x_wconf 90' lang='lat' dir='ltr'>in</span> <span class='ocrx_word' id='word_1_29' title='bbox 960 554 1116 602; x_wconf 89' lang='lat' dir='ltr'>forma</span> <span class='ocrx_word' id='word_1_30' title='bbox 1146 555 1373 613; x_wconf 87' lang='lat' dir='ltr'>humana,</span> <span class='ocrx_word' id='word_1_31' title='bbox 1407 555 1490 602; x_wconf 91' lang='lat' dir='ltr'>sed</span> <span class='ocrx_word' id='word_1_32' title='bbox 1517 553 1686 613; x_wconf 82' lang='lat' dir='ltr'>(Exod.</span> <span class='ocrx_word' id='word_1_33' title='bbox 1718 553 1818 601; x_wconf 89' lang='lat' dir='ltr'>xiii.</span> 
     </span>
    </p>

    <p class='ocr_par' dir='ltr' id='par_1_5' title="bbox 170 605 1818 692">
     <span class='ocr_line' id='line_1_5' title="bbox 170 605 1818 692; baseline 0 -17"><span class='ocrx_word' id='word_1_34' title='bbox 170 605 532 690; x_wconf 47' lang='lat' dir='ltr'>ffssfflffssffsffl)</span> <span class='ocrx_word' id='word_1_35' title='bbox 581 630 630 676; x_wconf 92' lang='lat' dir='ltr'>in</span> <span class='ocrx_word' id='word_1_36' title='bbox 676 629 831 676; x_wconf 90' lang='lat' dir='ltr'>forma</span> <span class='ocrx_word' id='word_1_37' title='bbox 877 629 1124 687; x_wconf 79' lang='lat' dir='ltr'>columnoe,</span> <span class='ocrx_word' id='word_1_38' title='bbox 1167 630 1378 677; x_wconf 83' lang='lat' dir='ltr'>interdiu</span> <span class='ocrx_word' id='word_1_39' title='bbox 1416 629 1610 692; x_wconf 91' lang='lat' dir='ltr'>quidem</span> <span class='ocrx_word' id='word_1_40' title='bbox 1655 627 1818 687; x_wconf 70' lang='lat' dir='ltr'>nubes,</span> 
     </span>
    </p>

    <p class='ocr_par' dir='ltr' id='par_1_6' title="bbox 167 692 1819 1665">
     <span class='ocr_line' id='line_1_6' title="bbox 167 692 1819 771; baseline 0.001 -21"><span class='ocrx_word' id='word_1_41' title='bbox 167 692 375 771; x_wconf 52' lang='lat' dir='ltr'>ssgssgassssfffehffl’</span> <span class='ocrx_word' id='word_1_42' title='bbox 393 693 431 720; x_wconf 50' lang='grc' dir='ltr'>ω’</span> <span class='ocrx_word' id='word_1_43' title='bbox 447 711 593 751; x_wconf 89' lang='lat' dir='ltr'>noctu</span> <span class='ocrx_word' id='word_1_44' title='bbox 630 711 791 750; x_wconf 89' lang='lat' dir='ltr'>autem</span> <span class='ocrx_word' id='word_1_45' title='bbox 826 703 973 768; x_wconf 74' lang='lat' dir='ltr'>ignis.</span> <span class='ocrx_word' id='word_1_46' title='bbox 1023 705 1278 767; x_wconf 87' lang='lat' dir='ltr'>Apparitio</span> <span class='ocrx_word' id='word_1_47' title='bbox 1303 713 1467 752; x_wconf 93' lang='lat' dir='ltr'>tamen</span> <span class='ocrx_word' id='word_1_48' title='bbox 1490 705 1594 751; x_wconf 88' lang='lat' dir='ltr'>haec</span> <span class='ocrx_word' id='word_1_49' title='bbox 1617 703 1819 767; x_wconf 85' lang='lat' dir='ltr'>angelus</span> 
     </span>
     <span class='ocr_line' id='line_1_7' title="bbox 445 779 1819 842; baseline 0.001 -17"><span class='ocrx_word' id='word_1_50' title='bbox 445 787 563 836; x_wconf 90' lang='lat' dir='ltr'>erat,</span> <span class='ocrx_word' id='word_1_51' title='bbox 605 795 744 841; x_wconf 90' lang='lat' dir='ltr'>quem</span> <span class='ocrx_word' id='word_1_52' title='bbox 779 779 908 826; x_wconf 91' lang='lat' dir='ltr'>Deus</span> <span class='ocrx_word' id='word_1_53' title='bbox 948 780 1119 839; x_wconf 86' lang='lat' dir='ltr'>(Exod.</span> <span class='ocrx_word' id='word_1_54' title='bbox 1145 780 1311 827; x_wconf 87' lang='lat' dir='ltr'>xxxiii.</span> <span class='ocrx_word' id='word_1_55' title='bbox 1345 784 1393 840; x_wconf 88' lang='grc'>2)</span> <span class='ocrx_word' id='word_1_56' title='bbox 1434 779 1561 826; x_wconf 89' lang='lat' dir='ltr'>Mosi</span> <span class='ocrx_word' id='word_1_57' title='bbox 1596 779 1819 842; x_wconf 88' lang='lat' dir='ltr'>promisit</span> 
     </span>
     <span class='ocr_line' id='line_1_8' title="bbox 444 854 1813 918; baseline -0.001 -16"><span class='ocrx_word' id='word_1_58' title='bbox 444 854 756 902; x_wconf 89' lang='lat' dir='ltr'>conducendo</span> <span class='ocrx_word' id='word_1_59' title='bbox 777 855 1041 910; x_wconf 88' lang='lat' dir='ltr'>exercitui;</span> <span class='ocrx_word' id='word_1_60' title='bbox 1078 855 1342 918; x_wconf 87' lang='lat' dir='ltr'>eademque</span> <span class='ocrx_word' id='word_1_61' title='bbox 1358 855 1528 913; x_wconf 85' lang='lat' dir='ltr'>(Exod.</span> <span class='ocrx_word' id='word_1_62' title='bbox 1554 854 1718 902; x_wconf 88' lang='lat' dir='ltr'>xxxiii.</span> <span class='ocrx_word' id='word_1_63' title='bbox 1743 854 1813 916; x_wconf 88' lang='lat'>9.)</span> 
     </span>
     <span class='ocr_line' id='line_1_9' title="bbox 442 929 1818 989; baseline 0.001 -13"><span class='ocrx_word' id='word_1_64' title='bbox 442 929 746 976; x_wconf 84' lang='lat' dir='ltr'>descendisse</span> <span class='ocrx_word' id='word_1_65' title='bbox 779 929 970 989; x_wconf 89' lang='lat' dir='ltr'>dicitur,</span> <span class='ocrx_word' id='word_1_66' title='bbox 995 939 1044 978; x_wconf 89' lang='lat' dir='ltr'>et</span> <span class='ocrx_word' id='word_1_67' title='bbox 1077 931 1264 978; x_wconf 84' lang='lat' dir='ltr'>stetisse</span> <span class='ocrx_word' id='word_1_68' title='bbox 1295 938 1408 977; x_wconf 89' lang='lat' dir='ltr'>ante</span> <span class='ocrx_word' id='word_1_69' title='bbox 1443 931 1620 978; x_wconf 92' lang='lat' dir='ltr'>ostium</span> <span class='ocrx_word' id='word_1_70' title='bbox 1657 931 1818 978; x_wconf 88' lang='lat' dir='ltr'>taber-</span> 
     </span>
     <span class='ocr_line' id='line_1_10' title="bbox 440 1005 1816 1070; baseline 0.001 -19"><span class='ocrx_word' id='word_1_71' title='bbox 440 1005 614 1063; x_wconf 89' lang='lat' dir='ltr'>naculi,</span> <span class='ocrx_word' id='word_1_72' title='bbox 639 1012 689 1052; x_wconf 92' lang='lat' dir='ltr'>et</span> <span class='ocrx_word' id='word_1_73' title='bbox 706 1022 816 1052; x_wconf 89' lang='lat' dir='ltr'>cum</span> <span class='ocrx_word' id='word_1_74' title='bbox 841 1006 977 1054; x_wconf 90' lang='lat' dir='ltr'>Mose</span> <span class='ocrx_word' id='word_1_75' title='bbox 1001 1007 1279 1070; x_wconf 85' lang='lat' dir='ltr'>colloquuta</span> <span class='ocrx_word' id='word_1_76' title='bbox 1301 1022 1418 1054; x_wconf 90' lang='lat' dir='ltr'>esse.</span> <span class='ocrx_word' id='word_1_77' title='bbox 1467 1006 1637 1069; x_wconf 88' lang='lat' dir='ltr'>Itaque</span> <span class='ocrx_word' id='word_1_78' title='bbox 1655 1013 1816 1053; x_wconf 91' lang='lat' dir='ltr'>motus</span> 
     </span>
     <span class='ocr_line' id='line_1_11' title="bbox 440 1080 1815 1145; baseline 0.001 -19"><span class='ocrx_word' id='word_1_79' title='bbox 440 1088 489 1127; x_wconf 92' lang='lat' dir='ltr'>et</span> <span class='ocrx_word' id='word_1_80' title='bbox 525 1096 696 1139; x_wconf 86' lang='lat' dir='ltr'>sermo,</span> <span class='ocrx_word' id='word_1_81' title='bbox 723 1081 806 1144; x_wconf 90' lang='lat' dir='ltr'>qui</span> <span class='ocrx_word' id='word_1_82' title='bbox 841 1082 1023 1145; x_wconf 84' lang='lat' dir='ltr'>angelis</span> <span class='ocrx_word' id='word_1_83' title='bbox 1058 1082 1263 1130; x_wconf 85' lang='lat' dir='ltr'>attribui</span> <span class='ocrx_word' id='word_1_84' title='bbox 1297 1082 1470 1137; x_wconf 87' lang='lat' dir='ltr'>solent,</span> <span class='ocrx_word' id='word_1_85' title='bbox 1495 1081 1642 1128; x_wconf 88' lang='lat' dir='ltr'>etiam</span> <span class='ocrx_word' id='word_1_86' title='bbox 1682 1080 1815 1139; x_wconf 80' lang='lat' dir='ltr'>nubi,</span> 
     </span>
     <span class='ocr_line' id='line_1_12' title="bbox 440 1155 1816 1221; baseline 0.001 -19"><span class='ocrx_word' id='word_1_87' title='bbox 440 1156 630 1218; x_wconf 90' lang='lat' dir='ltr'>quando</span> <span class='ocrx_word' id='word_1_88' title='bbox 654 1157 925 1219; x_wconf 88' lang='lat' dir='ltr'>praesentiae</span> <span class='ocrx_word' id='word_1_89' title='bbox 949 1158 1124 1206; x_wconf 89' lang='lat' dir='ltr'>divinae</span> <span class='ocrx_word' id='word_1_90' title='bbox 1148 1158 1339 1221; x_wconf 90' lang='lat' dir='ltr'>signum</span> <span class='ocrx_word' id='word_1_91' title='bbox 1369 1166 1444 1204; x_wconf 89' lang='lat' dir='ltr'>est</span> <span class='ocrx_word' id='word_1_92' title='bbox 1477 1157 1645 1213; x_wconf 90' lang='lat' dir='ltr'>nubes,</span> <span class='ocrx_word' id='word_1_93' title='bbox 1675 1155 1816 1204; x_wconf 88' lang='lat' dir='ltr'>attri-</span> 
     </span>
     <span class='ocr_line' id='line_1_13' title="bbox 438 1231 1816 1296; baseline 0.001 -19"><span class='ocrx_word' id='word_1_94' title='bbox 438 1231 682 1286; x_wconf 85' lang='lat' dir='ltr'>buuntur3</span> <span class='ocrx_word' id='word_1_95' title='bbox 719 1232 1011 1296; x_wconf 84' lang='lat' dir='ltr'>angelusque</span> <span class='ocrx_word' id='word_1_96' title='bbox 1035 1243 1138 1280; x_wconf 83' lang='lat' dir='ltr'>erat</span> <span class='ocrx_word' id='word_1_97' title='bbox 1164 1233 1332 1290; x_wconf 87' lang='lat' dir='ltr'>nubes,</span> <span class='ocrx_word' id='word_1_98' title='bbox 1363 1248 1463 1279; x_wconf 91' lang='lat' dir='ltr'>non</span> <span class='ocrx_word' id='word_1_99' title='bbox 1487 1232 1645 1279; x_wconf 92' lang='lat' dir='ltr'>minus</span> <span class='ocrx_word' id='word_1_100' title='bbox 1669 1247 1816 1295; x_wconf 89' lang='lat' dir='ltr'>quam</span> 
     </span>
     <span class='ocr_line' id='line_1_14' title="bbox 439 1306 1815 1371; baseline 0.002 -19"><span class='ocrx_word' id='word_1_101' title='bbox 439 1306 479 1352; x_wconf 87' lang='lat' dir='ltr'>si</span> <span class='ocrx_word' id='word_1_102' title='bbox 502 1306 631 1353; x_wconf 89' lang='lat' dir='ltr'>visus</span> <span class='ocrx_word' id='word_1_103' title='bbox 656 1314 782 1355; x_wconf 87' lang='lat' dir='ltr'>esset</span> <span class='ocrx_word' id='word_1_104' title='bbox 806 1307 854 1355; x_wconf 92' lang='lat' dir='ltr'>in</span> <span class='ocrx_word' id='word_1_105' title='bbox 880 1309 1037 1371; x_wconf 90' lang='lat' dir='ltr'>specie</span> <span class='ocrx_word' id='word_1_106' title='bbox 1060 1309 1260 1356; x_wconf 89' lang='lat' dir='ltr'>formosi</span> <span class='ocrx_word' id='word_1_107' title='bbox 1282 1308 1438 1371; x_wconf 90' lang='lat' dir='ltr'>pueri,</span> <span class='ocrx_word' id='word_1_108' title='bbox 1463 1307 1540 1355; x_wconf 89' lang='lat' dir='ltr'>vel</span> <span class='ocrx_word' id='word_1_109' title='bbox 1563 1308 1735 1366; x_wconf 85' lang='lat' dir='ltr'>alatus,</span> <span class='ocrx_word' id='word_1_110' title='bbox 1757 1315 1815 1355; x_wconf 91' lang='lat' dir='ltr'>ut</span> 
     </span>
     <span class='ocr_line' id='line_1_15' title="bbox 436 1381 1814 1446; baseline 0.002 -18"><span class='ocrx_word' id='word_1_111' title='bbox 436 1381 570 1444; x_wconf 82' lang='lat' dir='ltr'>pingi</span> <span class='ocrx_word' id='word_1_112' title='bbox 607 1382 762 1430; x_wconf 86' lang='lat' dir='ltr'>solent</span> <span class='ocrx_word' id='word_1_113' title='bbox 808 1384 981 1446; x_wconf 88' lang='lat' dir='ltr'>angeli.</span> <span class='ocrx_word' id='word_1_114' title='bbox 1051 1384 1163 1432; x_wconf 90' lang='lat' dir='ltr'>Non</span> <span class='ocrx_word' id='word_1_115' title='bbox 1207 1384 1336 1431; x_wconf 89' lang='lat' dir='ltr'>enim</span> <span class='ocrx_word' id='word_1_116' title='bbox 1374 1382 1544 1440; x_wconf 85' lang='lat' dir='ltr'>forma,</span> <span class='ocrx_word' id='word_1_117' title='bbox 1571 1382 1657 1431; x_wconf 91' lang='lat' dir='ltr'>sed</span> <span class='ocrx_word' id='word_1_118' title='bbox 1699 1398 1814 1431; x_wconf 87' lang='lat' dir='ltr'>usus</span> 
     </span>
     <span class='ocr_line' id='line_1_16' title="bbox 435 1456 1814 1522; baseline 0.003 -19"><span class='ocrx_word' id='word_1_119' title='bbox 435 1456 550 1504; x_wconf 86' lang='lat' dir='ltr'>facit</span> <span class='ocrx_word' id='word_1_120' title='bbox 570 1457 808 1520; x_wconf 85' lang='lat' dir='ltr'>angelum.</span> <span class='ocrx_word' id='word_1_121' title='bbox 880 1459 1007 1506; x_wconf 89' lang='lat' dir='ltr'>Usus</span> <span class='ocrx_word' id='word_1_122' title='bbox 1026 1466 1188 1507; x_wconf 90' lang='lat' dir='ltr'>autem</span> <span class='ocrx_word' id='word_1_123' title='bbox 1223 1475 1390 1506; x_wconf 86' lang='lat' dir='ltr'>eorum</span> <span class='ocrx_word' id='word_1_124' title='bbox 1411 1466 1499 1518; x_wconf 90' lang='lat' dir='ltr'>est,</span> <span class='ocrx_word' id='word_1_125' title='bbox 1524 1466 1579 1506; x_wconf 91' lang='lat' dir='ltr'>ut</span> <span class='ocrx_word' id='word_1_126' title='bbox 1602 1475 1814 1522; x_wconf 89' lang='lat' dir='ltr'>praesen-</span> 
     </span>
     <span class='ocr_line' id='line_1_17' title="bbox 435 1532 1812 1598; baseline 0.002 -19"><span class='ocrx_word' id='word_1_127' title='bbox 435 1532 551 1579; x_wconf 91' lang='lat' dir='ltr'>tiam</span> <span class='ocrx_word' id='word_1_128' title='bbox 576 1533 787 1581; x_wconf 90' lang='lat' dir='ltr'>divinam</span> <span class='ocrx_word' id='word_1_129' title='bbox 812 1534 860 1581; x_wconf 93' lang='lat' dir='ltr'>in</span> <span class='ocrx_word' id='word_1_130' title='bbox 886 1535 1058 1582; x_wconf 89' lang='lat' dir='ltr'>divinis</span> <span class='ocrx_word' id='word_1_131' title='bbox 1083 1535 1307 1598; x_wconf 89' lang='lat' dir='ltr'>operibus</span> <span class='ocrx_word' id='word_1_132' title='bbox 1330 1534 1606 1582; x_wconf 88' lang='lat' dir='ltr'>hominibus</span> <span class='ocrx_word' id='word_1_133' title='bbox 1629 1534 1812 1598; x_wconf 88' lang='lat' dir='ltr'>signifi-</span> 
     </span>
     <span class='ocr_line' id='line_1_18' title="bbox 437 1616 1227 1665; baseline 0.001 -11"><span class='ocrx_word' id='word_1_134' title='bbox 437 1616 561 1654; x_wconf 84' lang='lat' dir='ltr'>cent.</span> <span class='ocrx_word' id='word_1_135' title='bbox 1225 1658 1227 1665; x_wconf 25' lang='lat' dir='ltr'><strong><em>s</em></strong></span> 
     </span>
    </p>

    <p class='ocr_par' dir='ltr' id='par_1_7' title="bbox 434 1683 1812 2418">
     <span class='ocr_line' id='line_1_19' title="bbox 503 1683 1812 1748; baseline 0.002 -18"><span class='ocrx_word' id='word_1_136' title='bbox 503 1683 663 1731; x_wconf 88' lang='lat' dir='ltr'>Moses</span> <span class='ocrx_word' id='word_1_137' title='bbox 697 1692 951 1748; x_wconf 87' lang='lat' dir='ltr'>rogaverat</span> <span class='ocrx_word' id='word_1_138' title='bbox 987 1686 1159 1744; x_wconf 89' lang='lat' dir='ltr'>Deum,</span> <span class='ocrx_word' id='word_1_139' title='bbox 1193 1692 1249 1732; x_wconf 93' lang='lat' dir='ltr'>ut</span> <span class='ocrx_word' id='word_1_140' title='bbox 1289 1692 1448 1733; x_wconf 89' lang='lat' dir='ltr'>castra</span> <span class='ocrx_word' id='word_1_141' title='bbox 1486 1685 1812 1734; x_wconf 86' lang='lat' dir='ltr'>Israelitarum</span> 
     </span>
     <span class='ocr_line' id='line_1_20' title="bbox 438 1759 1811 1815; baseline 0.002 -10"><span class='ocrx_word' id='word_1_142' title='bbox 438 1759 763 1815; x_wconf 87' lang='lat' dir='ltr'>comitaretur,</span> <span class='ocrx_word' id='word_1_143' title='bbox 796 1761 865 1808; x_wconf 87' lang='lat' dir='ltr'>ita</span> <span class='ocrx_word' id='word_1_144' title='bbox 897 1769 953 1808; x_wconf 91' lang='lat' dir='ltr'>ut</span> <span class='ocrx_word' id='word_1_145' title='bbox 993 1769 1104 1808; x_wconf 87' lang='lat' dir='ltr'>ante</span> <span class='ocrx_word' id='word_1_146' title='bbox 1139 1760 1277 1808; x_wconf 89' lang='lat' dir='ltr'>vituli</span> <span class='ocrx_word' id='word_1_147' title='bbox 1311 1761 1443 1808; x_wconf 88' lang='lat' dir='ltr'>aurei</span> <span class='ocrx_word' id='word_1_148' title='bbox 1479 1761 1811 1809; x_wconf 87' lang='lat' dir='ltr'>adorationem</span> 
     </span>
     <span class='ocr_line' id='line_1_21' title="bbox 436 1836 1806 1898; baseline 0.004 -19"><span class='ocrx_word' id='word_1_149' title='bbox 436 1848 624 1897; x_wconf 87' lang='lat' dir='ltr'>semper</span> <span class='ocrx_word' id='word_1_150' title='bbox 660 1836 915 1884; x_wconf 88' lang='lat' dir='ltr'>comitatus</span> <span class='ocrx_word' id='word_1_151' title='bbox 954 1844 1087 1892; x_wconf 82' lang='lat' dir='ltr'>erat3</span> <span class='ocrx_word' id='word_1_152' title='bbox 1137 1843 1186 1883; x_wconf 89' lang='lat' dir='ltr'>et</span> <span class='ocrx_word' id='word_1_153' title='bbox 1217 1836 1286 1883; x_wconf 90' lang='lat' dir='ltr'>illi</span> <span class='ocrx_word' id='word_1_154' title='bbox 1332 1836 1505 1897; x_wconf 83' lang='lat' dir='ltr'>(Exod.</span> <span class='ocrx_word' id='word_1_155' title='bbox 1536 1836 1699 1884; x_wconf 86' lang='lat' dir='ltr'>xxxiii.</span> <span class='ocrx_word' id='word_1_156' title='bbox 1730 1838 1806 1898; x_wconf 80' lang='lat'>14)</span> 
     </span>
     <span class='ocr_line' id='line_1_22' title="bbox 437 1910 1809 1976; baseline 0.003 -21"><span class='ocrx_word' id='word_1_157' title='bbox 437 1910 682 1971; x_wconf 89' lang='lat' dir='ltr'>respondit</span> <span class='ocrx_word' id='word_1_158' title='bbox 720 1912 865 1970; x_wconf 86' lang='lat' dir='ltr'>Deus,</span> <span class='ocrx_word' id='word_1_159' title='bbox 895 1912 1175 1976; x_wconf 65' lang='lat' dir='ltr'>praesentia</span> <span class='ocrx_word' id='word_1_160' title='bbox 1215 1928 1322 1958; x_wconf 83' lang='lat' dir='ltr'>mea</span> <span class='ocrx_word' id='word_1_161' title='bbox 1371 1911 1683 1959; x_wconf 80' lang='lat' dir='ltr'>comitabitur</span> <span class='ocrx_word' id='word_1_162' title='bbox 1724 1918 1809 1967; x_wconf 74' lang='lat' dir='ltr'>te,-</span> 
     </span>
     <span class='ocr_line' id='line_1_23' title="bbox 436 1985 1811 2051; baseline 0.002 -20"><span class='ocrx_word' id='word_1_163' title='bbox 436 1999 533 2031; x_wconf 91' lang='lat' dir='ltr'>non</span> <span class='ocrx_word' id='word_1_164' title='bbox 574 1985 708 2045; x_wconf 84' lang='lat' dir='ltr'>dixit,</span> <span class='ocrx_word' id='word_1_165' title='bbox 750 1987 939 2034; x_wconf 83' lang='lat' dir='ltr'>mittam</span> <span class='ocrx_word' id='word_1_166' title='bbox 977 1986 1223 2051; x_wconf 80' lang='lat' dir='ltr'>angelum.</span> <span class='ocrx_word' id='word_1_167' title='bbox 1314 1986 1410 2034; x_wconf 89' lang='lat' dir='ltr'>Sed</span> <span class='ocrx_word' id='word_1_168' title='bbox 1457 2002 1567 2034; x_wconf 91' lang='lat' dir='ltr'>cum</span> <span class='ocrx_word' id='word_1_169' title='bbox 1607 1986 1811 2036; x_wconf 84' lang='lat' dir='ltr'>instaret</span> 
     </span>
     <span class='ocr_line' id='line_1_24' title="bbox 437 2058 1809 2124; baseline 0.003 -18"><span class='ocrx_word' id='word_1_170' title='bbox 437 2058 613 2118; x_wconf 89' lang='lat' dir='ltr'>Moses,</span> <span class='ocrx_word' id='word_1_171' title='bbox 644 2062 864 2124; x_wconf 88' lang='lat' dir='ltr'>promisit</span> <span class='ocrx_word' id='word_1_172' title='bbox 891 2062 958 2109; x_wconf 92' lang='lat' dir='ltr'>illi</span> <span class='ocrx_word' id='word_1_173' title='bbox 986 2062 1113 2109; x_wconf 91' lang='lat' dir='ltr'>Deus</span> <span class='ocrx_word' id='word_1_174' title='bbox 1144 2077 1194 2108; x_wconf 91' lang='lat' dir='ltr'>se</span> <span class='ocrx_word' id='word_1_175' title='bbox 1222 2061 1478 2109; x_wconf 88' lang='lat' dir='ltr'>missurum</span> <span class='ocrx_word' id='word_1_176' title='bbox 1513 2061 1594 2124; x_wconf 92' lang='lat' dir='ltr'>qui</span> <span class='ocrx_word' id='word_1_177' title='bbox 1626 2062 1809 2110; x_wconf 86' lang='lat' dir='ltr'>exerci-</span> 
     </span>
     <span class='ocr_line' id='line_1_25' title="bbox 435 2135 1810 2200; baseline 0.004 -19"><span class='ocrx_word' id='word_1_178' title='bbox 435 2141 539 2182; x_wconf 91' lang='lat' dir='ltr'>tum</span> <span class='ocrx_word' id='word_1_179' title='bbox 585 2135 819 2191; x_wconf 89' lang='lat' dir='ltr'>duceret;</span> <span class='ocrx_word' id='word_1_180' title='bbox 869 2144 917 2184; x_wconf 90' lang='lat' dir='ltr'>et</span> <span class='ocrx_word' id='word_1_181' title='bbox 960 2145 1218 2200; x_wconf 86' lang='lat' dir='ltr'>postquam</span> <span class='ocrx_word' id='word_1_182' title='bbox 1262 2135 1628 2183; x_wconf 87' lang='lat' dir='ltr'>tabernaculum</span> <span class='ocrx_word' id='word_1_183' title='bbox 1667 2137 1810 2199; x_wconf 81' lang='lat' dir='ltr'>juxta</span> 
     </span>
     <span class='ocr_line' id='line_1_26' title="bbox 435 2211 1807 2274; baseline 0.004 -18"><span class='ocrx_word' id='word_1_184' title='bbox 435 2219 729 2274; x_wconf 82' lang='lat' dir='ltr'>praeceptum</span> <span class='ocrx_word' id='word_1_185' title='bbox 766 2212 958 2260; x_wconf 88' lang='lat' dir='ltr'>Domini</span> <span class='ocrx_word' id='word_1_186' title='bbox 985 2212 1282 2259; x_wconf 85' lang='lat' dir='ltr'>instruxerat</span> <span class='ocrx_word' id='word_1_187' title='bbox 1314 2212 1492 2269; x_wconf 83' lang='lat' dir='ltr'>MoseS,</span> <span class='ocrx_word' id='word_1_188' title='bbox 1518 2211 1649 2259; x_wconf 89' lang='lat' dir='ltr'>misit</span> <span class='ocrx_word' id='word_1_189' title='bbox 1677 2212 1807 2261; x_wconf 90' lang='lat' dir='ltr'>Deus</span> 
     </span>
     <span class='ocr_line' id='line_1_27' title="bbox 435 2287 1806 2349; baseline 0.004 -18"><span class='ocrx_word' id='word_1_190' title='bbox 435 2300 577 2348; x_wconf 89' lang='lat' dir='ltr'>super</span> <span class='ocrx_word' id='word_1_191' title='bbox 611 2287 974 2335; x_wconf 88' lang='lat' dir='ltr'>tabernaculum</span> <span class='ocrx_word' id='word_1_192' title='bbox 1008 2288 1202 2345; x_wconf 89' lang='lat' dir='ltr'>nubem,</span> <span class='ocrx_word' id='word_1_193' title='bbox 1240 2302 1335 2349; x_wconf 87' lang='lat' dir='ltr'>qua</span> <span class='ocrx_word' id='word_1_194' title='bbox 1370 2294 1597 2334; x_wconf 86' lang='lat' dir='ltr'>manente</span> <span class='ocrx_word' id='word_1_195' title='bbox 1642 2303 1806 2336; x_wconf 88' lang='lat' dir='ltr'>mane-</span> 
     </span>
     <span class='ocr_line' id='line_1_28' title="bbox 434 2361 1644 2418; baseline 0.002 -12"><span class='ocrx_word' id='word_1_196' title='bbox 434 2368 557 2418; x_wconf 87' lang='lat' dir='ltr'>rent,</span> <span class='ocrx_word' id='word_1_197' title='bbox 583 2368 631 2408; x_wconf 91' lang='lat' dir='ltr'>et</span> <span class='ocrx_word' id='word_1_198' title='bbox 653 2361 916 2410; x_wconf 88' lang='lat' dir='ltr'>decedente</span> <span class='ocrx_word' id='word_1_199' title='bbox 941 2370 1100 2410; x_wconf 86' lang='lat' dir='ltr'>castra</span> <span class='ocrx_word' id='word_1_200' title='bbox 1122 2369 1374 2409; x_wconf 89' lang='lat' dir='ltr'>moverent</span> <span class='ocrx_word' id='word_1_201' title='bbox 1398 2361 1644 2409; x_wconf 87' lang='lat' dir='ltr'>Israelitae.</span> 
     </span>
    </p>

    <p class='ocr_par' dir='ltr' id='par_1_8' title="bbox 428 2435 1804 2949">
     <span class='ocr_line' id='line_1_29' title="bbox 499 2435 1802 2501; baseline 0.003 -19"><span class='ocrx_word' id='word_1_202' title='bbox 499 2435 628 2483; x_wconf 90' lang='lat' dir='ltr'>Loca</span> <span class='ocrx_word' id='word_1_203' title='bbox 650 2437 837 2485; x_wconf 89' lang='lat' dir='ltr'>Veteris</span> <span class='ocrx_word' id='word_1_204' title='bbox 859 2438 1172 2496; x_wconf 87' lang='lat' dir='ltr'>Testamenti,</span> <span class='ocrx_word' id='word_1_205' title='bbox 1189 2438 1273 2485; x_wconf 92' lang='lat' dir='ltr'>ubi</span> <span class='ocrx_word' id='word_1_206' title='bbox 1291 2437 1569 2484; x_wconf 89' lang='lat' dir='ltr'>nominatur</span> <span class='ocrx_word' id='word_1_207' title='bbox 1587 2437 1802 2501; x_wconf 86' lang='lat' dir='ltr'>angelus,</span> 
     </span>
     <span class='ocr_line' id='line_1_30' title="bbox 433 2511 1804 2576; baseline 0.005 -21"><span class='ocrx_word' id='word_1_208' title='bbox 433 2511 595 2558; x_wconf 89' lang='lat' dir='ltr'>omnia</span> <span class='ocrx_word' id='word_1_209' title='bbox 612 2527 892 2574; x_wconf 89' lang='lat' dir='ltr'>percurrere</span> <span class='ocrx_word' id='word_1_210' title='bbox 915 2513 1111 2576; x_wconf 84' lang='lat' dir='ltr'>longum</span> <span class='ocrx_word' id='word_1_211' title='bbox 1138 2522 1278 2561; x_wconf 90' lang='lat' dir='ltr'>esset.</span> <span class='ocrx_word' id='word_1_212' title='bbox 1321 2513 1443 2560; x_wconf 91' lang='lat' dir='ltr'>Dico</span> <span class='ocrx_word' id='word_1_213' title='bbox 1458 2528 1573 2575; x_wconf 88' lang='lat' dir='ltr'>ergo</span> <span class='ocrx_word' id='word_1_214' title='bbox 1593 2528 1804 2562; x_wconf 84' lang='lat' dir='ltr'>summa-</span> 
     </span>
     <span class='ocr_line' id='line_1_31' title="bbox 432 2583 1802 2646; baseline 0.004 -16"><span class='ocrx_word' id='word_1_215' title='bbox 432 2583 534 2643; x_wconf 89' lang='lat' dir='ltr'>tim,</span> <span class='ocrx_word' id='word_1_216' title='bbox 559 2595 747 2634; x_wconf 88' lang='lat' dir='ltr'>textum</span> <span class='ocrx_word' id='word_1_217' title='bbox 771 2587 819 2635; x_wconf 91' lang='lat' dir='ltr'>in</span> <span class='ocrx_word' id='word_1_218' title='bbox 843 2588 1155 2635; x_wconf 88' lang='lat' dir='ltr'>Testamento</span> <span class='ocrx_word' id='word_1_219' title='bbox 1178 2589 1355 2636; x_wconf 87' lang='lat' dir='ltr'>Vetere</span> <span class='ocrx_word' id='word_1_220' title='bbox 1387 2588 1573 2636; x_wconf 90' lang='lat' dir='ltr'>nullum</span> <span class='ocrx_word' id='word_1_221' title='bbox 1597 2603 1718 2646; x_wconf 89' lang='lat' dir='ltr'>esse,</span> <span class='ocrx_word' id='word_1_222' title='bbox 1742 2603 1802 2636; x_wconf 89' lang='lat' dir='ltr'>ex</span> 
     </span>
     <span class='ocr_line' id='line_1_32' title="bbox 433 2660 1801 2728; baseline 0.004 -22"><span class='ocrx_word' id='word_1_223' title='bbox 433 2674 526 2720; x_wconf 92' lang='lat' dir='ltr'>quo</span> <span class='ocrx_word' id='word_1_224' title='bbox 550 2660 717 2709; x_wconf 86' lang='lat' dir='ltr'>inferri</span> <span class='ocrx_word' id='word_1_225' title='bbox 748 2669 924 2725; x_wconf 89' lang='lat' dir='ltr'>potest,</span> <span class='ocrx_word' id='word_1_226' title='bbox 950 2663 1205 2725; x_wconf 90' lang='lat' dir='ltr'>quicquam</span> <span class='ocrx_word' id='word_1_227' title='bbox 1239 2664 1327 2710; x_wconf 89' lang='lat' dir='ltr'>sub</span> <span class='ocrx_word' id='word_1_228' title='bbox 1361 2663 1557 2711; x_wconf 91' lang='lat' dir='ltr'>nomine</span> <span class='ocrx_word' id='word_1_229' title='bbox 1588 2663 1801 2728; x_wconf 71' lang='lat' dir='ltr'>spiritus</span> 
     </span>
     <span class='ocr_line' id='line_1_33' title="bbox 431 2736 1801 2801; baseline 0.005 -21"><span class='ocrx_word' id='word_1_230' title='bbox 431 2742 515 2781; x_wconf 86' lang='lat' dir='ltr'>aut</span> <span class='ocrx_word' id='word_1_231' title='bbox 548 2736 718 2799; x_wconf 80' lang='lat' dir='ltr'>angeli</span> <span class='ocrx_word' id='word_1_232' title='bbox 750 2736 1024 2799; x_wconf 85' lang='lat' dir='ltr'>significari,</span> <span class='ocrx_word' id='word_1_233' title='bbox 1050 2738 1181 2800; x_wconf 92' lang='lat' dir='ltr'>quod</span> <span class='ocrx_word' id='word_1_234' title='bbox 1203 2754 1301 2785; x_wconf 91' lang='lat' dir='ltr'>non</span> <span class='ocrx_word' id='word_1_235' title='bbox 1333 2738 1533 2786; x_wconf 85' lang='lat' dir='ltr'>haberet</span> <span class='ocrx_word' id='word_1_236' title='bbox 1557 2738 1801 2801; x_wconf 82' lang='lat' dir='ltr'>quantita-</span> 
     </span>
     <span class='ocr_line' id='line_1_34' title="bbox 431 2810 1800 2877; baseline 0.005 -22"><span class='ocrx_word' id='word_1_237' title='bbox 431 2814 543 2866; x_wconf 89' lang='lat' dir='ltr'>tem,</span> <span class='ocrx_word' id='word_1_238' title='bbox 578 2818 662 2858; x_wconf 86' lang='lat' dir='ltr'>aut</span> <span class='ocrx_word' id='word_1_239' title='bbox 689 2810 818 2874; x_wconf 92' lang='lat' dir='ltr'>quod</span> <span class='ocrx_word' id='word_1_240' title='bbox 841 2811 901 2858; x_wconf 84' lang='lat' dir='ltr'>ab</span> <span class='ocrx_word' id='word_1_241' title='bbox 925 2812 1171 2859; x_wconf 88' lang='lat' dir='ltr'>intellectu</span> <span class='ocrx_word' id='word_1_242' title='bbox 1196 2813 1492 2861; x_wconf 85' lang='lat' dir='ltr'>considerari</span> <span class='ocrx_word' id='word_1_243' title='bbox 1514 2829 1612 2862; x_wconf 90' lang='lat' dir='ltr'>non</span> <span class='ocrx_word' id='word_1_244' title='bbox 1635 2821 1800 2877; x_wconf 84' lang='lat' dir='ltr'>posset</span> 
     </span>
     <span class='ocr_line' id='line_1_35' title="bbox 428 2886 1800 2949; baseline 0.006 -20"><span class='ocrx_word' id='word_1_245' title='bbox 428 2897 516 2943; x_wconf 84' lang='lat' dir='ltr'>per</span> <span class='ocrx_word' id='word_1_246' title='bbox 548 2892 724 2946; x_wconf 82' lang='lat' dir='ltr'>partes,</span> <span class='ocrx_word' id='word_1_247' title='bbox 748 2886 816 2933; x_wconf 87' lang='lat' dir='ltr'>ita</span> <span class='ocrx_word' id='word_1_248' title='bbox 848 2893 902 2933; x_wconf 90' lang='lat' dir='ltr'>ut</span> <span class='ocrx_word' id='word_1_249' title='bbox 932 2901 1045 2949; x_wconf 86' lang='lat' dir='ltr'>pars</span> <span class='ocrx_word' id='word_1_250' title='bbox 1069 2887 1171 2949; x_wconf 88' lang='lat' dir='ltr'>ejus</span> <span class='ocrx_word' id='word_1_251' title='bbox 1195 2903 1292 2935; x_wconf 83' lang='lat' dir='ltr'>una</span> <span class='ocrx_word' id='word_1_252' title='bbox 1314 2888 1377 2935; x_wconf 79' lang='lat' dir='ltr'>sit</span> <span class='ocrx_word' id='word_1_253' title='bbox 1400 2888 1449 2935; x_wconf 91' lang='lat' dir='ltr'>in</span> <span class='ocrx_word' id='word_1_254' title='bbox 1473 2904 1570 2936; x_wconf 94' lang='lat' dir='ltr'>uno</span> <span class='ocrx_word' id='word_1_255' title='bbox 1601 2888 1725 2947; x_wconf 92' lang='lat' dir='ltr'>loco,</span> <span class='ocrx_word' id='word_1_256' title='bbox 1749 2895 1800 2937; x_wconf 86' lang='lat' dir='ltr'>et</span> 
     </span>
    </p>
   </div>
   <div class='ocr_carea' id='block_1_3' title="bbox 213 483 392 496">
    <p class='ocr_par' dir='ltr' id='par_1_9' title="bbox 213 483 392 496">
     <span class='ocr_line' id='line_1_36' title="bbox 213 483 392 496; baseline 0 2740"><span class='ocrx_word' id='word_1_257' title='bbox 213 483 392 496; x_wconf 95' lang='lat' dir='ltr'> </span> 
     </span>
    </p>
   </div>
   <div class='ocr_carea' id='block_1_4' title="bbox 1894 2401 1968 3236">
    <p class='ocr_par' dir='ltr' id='par_1_10' title="bbox 1894 2401 1968 3236">
     <span class='ocr_line' id='line_1_37' title="bbox 1894 2401 1968 3236; baseline 0 0"><span class='ocrx_word' id='word_1_258' title='bbox 1894 2401 1968 3236; x_wconf 95' lang='lat' dir='ltr'> </span> 
     </span>
    </p>
   </div>
  </div>
 </body>
</html>
