1910 3236
0 1421 8 1473 mum>
0 1239 15 1379 ⁴7.·‘·¹=‘-1253⁵⁴!·>-
0 1177 14 1229 ,me-⁴·-
0 911 14 1163 mmmm—”ww
0 891 6 897 ν
0 875 8 882 ·:
0 858 3 859 ¹
0 827 3 830 v
6 773 9 774 ,

725 239 795 272 ΠΕ
822 239 1063 272 ΗΟΜΙΝΕ.
1496 232 1579 273 101

205 349 468 409 oblatrant,
510 350 720 398 interdiu
767 351 963 413 quidem
1005 351 1200 414 ignotis,
1236 358 1388 399 noctu
1418 359 1582 399 autem
1625 374 1726 407 eff,
1744 375 1846 407 xm,

205 426 463 473 omnibus?
1639 429 1828 451 *Y*

1604 469 1649 497 De
1662 469 1827 497 conditione

274 501 372 549 Sed
405 502 621 549 omnium
656 502 706 549 in
742 518 925 560 omnes,
962 502 1148 566 inquiet
1181 502 1371 566 aliquis,
1404 501 1582 549 bellum
1602 512 1857 562 senerisbumffni·

204 592 455 640 nunquam
478 586 598 625 erat.
659 578 807 636 Quid,
826 594 989 625 nonne
1005 578 1205 626 fratrem
1225 594 1364 626 suum
1383 577 1586 626 Abelem
1603 559 1862 648 ἓὲᾛῗέιῖἓα

205 651 389 700 invidia
405 652 650 700 interfecit
674 653 809 711 Cain,
828 661 1021 700 tantum
1043 653 1231 701 facinus
1247 670 1347 702 non
1365 669 1585 711 ausurus,
1602 647 1753 680 ‘’mn’
1767 646 1840 670 ω’

205 727 247 775 si
270 728 539 776 communis
556 729 787 791 potentia,
808 745 917 792 quae
936 727 1182 776 vindicare
1196 730 1450 793 potuisset,
1468 737 1588 777 tunc

203 803 479 851 extitisset?
539 804 716 852 Nonne
735 805 878 852 hodie
898 805 1064 852 multis
1082 805 1131 852 in
1151 805 1269 853 locis
1287 805 1356 853 ita
1372 804 1586 853 vivitur?

206 878 501 936 Americani‚
516 887 720 943 excepto
736 880 865 943 quod
880 896 969 943 per
982 879 1189 928 familias
1206 897 1379 944 parvas
1397 881 1587 944 legibus

148 984 152 989 ·
204 955 421 1018 paternis
438 955 618 1003 subditi
640 964 770 1013 sunt,
790 972 995 1018 quarum
1018 956 1308 1004 familiarum
1325 956 1588 1004 concordia

204 1030 522 1078 similitudine
545 1031 648 1078 sola
671 1031 995 1095 cupiditatum
1014 1032 1296 1091 sustinetur,
1314 1033 1383 1080 ita
1400 1032 1584 1080 vivunt.

207 1106 378 1155 Qualis
415 1106 563 1154 etiam
598 1107 700 1154 vita
740 1106 990 1154 hominum
1032 1115 1160 1155 esset
1196 1107 1316 1155 nulli
1351 1108 1587 1171 potentiae

206 1182 453 1229 communi
485 1181 806 1240 subditorum,
832 1198 890 1229 ex
923 1183 1024 1230 vita
1055 1198 1222 1230 eorum
1250 1183 1478 1246 cognosci
1500 1199 1588 1247 po-

206 1264 318 1315 test,
343 1258 517 1320 quibus
540 1257 720 1305 bellum
744 1266 818 1305 est
841 1257 996 1305 civile.

273 1333 582 1396 Quamquam
598 1340 760 1380 autem
773 1340 965 1396 tempus
981 1348 1230 1395 nunquam
1243 1333 1406 1391 fuerit,
1422 1334 1473 1381 in
1488 1350 1585 1397 quo

203 1408 534 1471 unusquisque
553 1408 931 1470 uniuscujusque
950 1408 1100 1455 hostis
1118 1416 1240 1466 erat,
1259 1424 1398 1472 reges
1422 1418 1586 1457 tamen

205 1490 256 1531 et
298 1499 520 1547 personae
561 1499 798 1531 summam
843 1484 1080 1531 habentes
1119 1491 1415 1546 potestatem
1455 1486 1587 1532 omni

204 1558 413 1622 tempori
446 1559 611 1606 hostes
646 1558 774 1606 inter
813 1575 864 1606 se
904 1566 1032 1606 sunt.
1102 1559 1305 1622 Semper
1343 1560 1472 1607 enim
1506 1561 1588 1608 alii

207 1634 314 1682 aliis
337 1634 550 1698 suspecti
574 1643 704 1694 sunt,
727 1651 862 1683 more
896 1642 1080 1682 stantes
1110 1635 1416 1698 gladiatorio,
1441 1637 1589 1684 armis

208 1710 458 1773 oculisque
488 1710 703 1769 intentis,
732 1710 784 1758 id
818 1718 908 1769 est,
945 1710 1154 1759 castellis
1181 1720 1232 1759 et
1262 1712 1502 1775 praesidiis
1526 1712 1590 1760 ad

208 1786 422 1834 confinia
438 1785 703 1845 collocatis,
722 1795 771 1834 et
788 1787 1175 1850 exploratoribus
1199 1787 1250 1834 in
1273 1787 1461 1835 hostico
1484 1788 1591 1836 lati-

206 1861 439 1919 tantibus,
465 1877 574 1924 quae
609 1869 682 1909 est
715 1861 932 1910 conditio
966 1862 1096 1910 belli.
1167 1861 1264 1910 Sed
1288 1863 1403 1926 quia
1425 1863 1590 1911 subdi-

206 1943 371 1985 torum
394 1936 540 1984 saluti
557 1937 801 2000 provideri
818 1937 960 1985 aliter
981 1953 1081 1985 non
1105 1944 1284 2001 potest,
1308 1954 1409 1986 non
1432 1939 1590 2002 sequi-

206 2019 291 2061 tur
323 2012 438 2060 inde
478 2012 672 2061 miseria
710 2013 793 2061 illa
838 2029 948 2076 quae
993 2013 1295 2076 privatorum
1339 2013 1588 2062 hominum

206 2088 483 2136 libertatem
504 2088 699 2152 plenam
722 2096 988 2152 sequutura
1010 2098 1152 2136 esset.
1307 2085 1315 2092 ’

258 2163 516 2222 Praeterea,
535 2165 662 2212 bello
679 2165 896 2212 omnium
915 2172 1087 2213 contra
1104 2181 1272 2213 omnes
1291 2180 1589 2228 consequens

208 2245 298 2298 est,
320 2246 377 2287 ut
398 2240 521 2287 nihil
543 2239 805 2288 dicendum
828 2241 893 2289 sit
920 2241 1170 2304 injustum.
1240 2241 1452 2290 Nomina
1468 2241 1590 2303 justi

207 2321 260 2363 et
278 2314 447 2378 injusti
469 2315 631 2363 locum
653 2316 703 2363 in
721 2316 814 2364 hac
831 2316 1111 2364 conditione
1124 2333 1224 2365 non
1242 2317 1437 2364 habent.
1506 2315 1592 2363 Vis

209 2395 260 2437 et
282 2389 422 2439 dolus
453 2390 504 2439 in
534 2391 664 2439 bello
687 2391 892 2440 virtutes
927 2392 1195 2440 cardinales
1219 2401 1347 2440 sunt.
1418 2392 1591 2455 Neque

209 2472 325 2513 sunt
349 2466 538 2529 justitia
561 2474 610 2514 et
633 2467 875 2530 injustitia
891 2468 1111 2531 corporis
1134 2475 1219 2515 aut
1241 2468 1415 2515 animae
1438 2467 1591 2515 facul-

208 2548 365 2597 tates;
399 2557 514 2589 nam
545 2542 587 2589 si
610 2550 788 2601 essent,
811 2542 998 2590 homini
1027 2543 1182 2591 inesse
1215 2550 1411 2605 possent
1435 2542 1517 2606 qui
1540 2542 1588 2590 in

210 2616 392 2664 mundo
428 2616 672 2665 solitarius
707 2625 834 2665 esset
857 2626 907 2665 et
929 2618 1116 2666 unicus.
1188 2617 1461 2666 Qualitates
1485 2618 1593 2681 qui-

210 2689 322 2738 dem
360 2691 569 2739 hominis
604 2700 732 2751 sunt,
767 2708 867 2740 non
897 2701 1062 2741 autem
1097 2700 1335 2756 quatenus
1365 2692 1591 2751 hominis,

210 2765 298 2813 sed
337 2774 576 2828 quatenus
611 2767 746 2815 civis.
820 2766 992 2815 Eidem
1032 2767 1302 2816 conditioni
1340 2768 1592 2815 hominum

210 2855 511 2905 consequens
534 2850 625 2900 est,
643 2850 699 2890 ut
721 2842 909 2890 nullum
932 2843 994 2891 sit
1019 2843 1301 2901 dominium,
1326 2842 1459 2891 nulla
1480 2858 1593 2906 pro-
