1968 3236
525 262 812 297 APPssxmx
839 265 912 297 An
941 265 1278 299 Lssvm'rnAN.
1497 254 1593 306 537

274 373 342 421 A.
378 373 483 436 Ego
502 389 589 436 per
613 390 796 437 corpus
820 374 1039 437 intelligo
1058 391 1189 422 nunc
1213 375 1263 423 id
1286 374 1347 423 de
1371 391 1467 438 quo
1481 391 1594 423 vere

207 447 305 497 dici
329 456 503 512 potest,
525 449 658 511 quod
673 449 838 496 existit
862 449 1059 497 realiter
1082 451 1131 497 in
1156 451 1331 514 seipso,
1348 451 1594 514 habetque

208 523 356 572 etiam
374 523 587 586 aliquam
607 524 1018 587 mag11itudinen13
1043 526 1207 582 habet,
1226 526 1442 589 inquam,
1457 542 1594 590 mag-

206 598 500 656 nitudinem,
527 615 626 646 non
651 599 782 662 quod
801 600 862 647 sit
888 601 1176 663 magnitudo
1200 602 1319 664 ipsa.
1389 602 1595 650 Memini

207 682 374 723 tamen
400 674 530 737 quod
568 691 751 739 corpus
788 683 1007 738 putarem
1051 676 1312 740 aliquando
1349 677 1400 725 id
1439 678 1595 726 solum

208 766 329 808 esse,
354 750 486 814 quod
520 751 674 798 tactui
705 766 815 798 meo
851 751 928 798 vel
959 751 1082 799 visui
1119 753 1351 801 obstaret.
1422 753 1595 817 Itaque

209 826 420 890 speciem
457 842 651 889 quoque
690 826 909 889 corporis
950 826 1001 873 in
1037 827 1249 890 speculo,
1283 835 1371 876 aut
1405 844 1594 886 somno,

209 910 295 950 aut
317 901 532 949 tenebris
556 909 888 963 apparentem,
915 918 1194 965 quanquam
1231 904 1452 959 miratus,
1486 919 1596 952 cor-

208 992 302 1040 pus
324 986 490 1024 tamen
514 992 620 1023 esse
644 977 932 1024 arbitrabar.
1015 978 1113 1026 Sed
1135 979 1462 1027 consideranti
1484 996 1596 1043 pos-

209 1060 291 1101 tea
325 1053 511 1116 species
548 1052 654 1100 illas
691 1069 993 1111 evanescere,
1018 1061 1082 1127 ¹¹AE
1108 1070 1313 1116 quarum
1337 1055 1596 1103 existentia

212 1127 510 1192 dependeret
532 1144 631 1175 non
668 1144 698 1175 a
739 1129 924 1192 seipsis,
965 1129 1112 1178 sedsa
1149 1137 1326 1178 natura
1366 1130 1594 1189 animata,

211 1220 311 1252 non
331 1202 539 1266 amplius
557 1203 677 1250 mihi
698 1204 812 1252 visae
831 1212 946 1251 sunt
964 1204 1134 1263 reales,
1151 1205 1236 1253 sed
1254 1206 1597 1269 phantasmata

211 1288 262 1328 et
285 1280 485 1327 effectus
504 1295 668 1327 rerum
692 1279 742 1327 in
766 1295 951 1342 organa
973 1296 1199 1328 sensuum
1223 1281 1473 1345 agentium
1499 1298 1511 1335 ;
1547 1288 1597 1328 et

211 1354 419 1419 proinde
451 1370 556 1402 esse
595 1354 935 1419 incorporeas.
1022 1356 1097 1404 De
1144 1357 1392 1420 spiritibus
1432 1366 1598 1405 autem

206 1430 490 1494 Judicabam
514 1446 575 1478 ex
593 1446 721 1488 aere,
746 1431 829 1493 qui
853 1431 1052 1495 spiritus
1075 1440 1166 1491 est,
1195 1440 1244 1480 et
1262 1440 1426 1491 vento,
1451 1448 1597 1496 quem

212 1513 351 1554 tactu
374 1505 644 1553 sentiebam
665 1527 676 1560 ;
713 1514 763 1554 et
781 1515 1043 1570 propterea
1077 1507 1301 1571 spiritum
1325 1508 1598 1556 existimavi

212 1596 391 1645 corpus
408 1580 621 1644 quidem,
637 1581 723 1628 sed
740 1589 902 1640 tenue,
920 1598 1040 1640 esse,
1059 1591 1108 1630 et
1132 1583 1330 1646 spiritus
1347 1583 1468 1631 alios
1491 1583 1598 1631 aliis

212 1671 319 1705 esse
341 1672 485 1719 posse
508 1655 771 1714 tenuiores,
795 1656 1033 1719 puriores,
1054 1664 1105 1705 et
1128 1657 1248 1706 alios
1279 1659 1342 1706 ab
1365 1659 1472 1706 aliis
1504 1658 1597 1706 dif-

211 1730 342 1779 ferre
364 1746 505 1794 posse
524 1731 671 1779 etiam
687 1731 883 1791 virtute,
903 1748 1001 1780 non
1020 1733 1182 1781 minus
1201 1749 1347 1798 quam
1368 1734 1597 1798 liquoreS,

214 1806 301 1869 qui
335 1822 615 1870 quanquam
638 1806 736 1854 sint
759 1815 1126 1871 transparentes
1149 1825 1304 1873 aeque,
1339 1810 1599 1858 virtutibus

215 1889 382 1930 tamen
404 1882 532 1930 inter
566 1898 617 1930 se
652 1883 863 1931 immane
888 1883 1181 1948 discrepant.
1251 1885 1489 1934 Naturam
1512 1901 1599 1933 au-

217 1968 317 2005 tem
340 1957 548 2006 mediam
575 1958 705 2006 inter
729 1974 905 2022 corpus
929 1966 978 2007 et
1002 1960 1243 2023 spiritum,
1267 1968 1352 2008 aut
1374 1961 1599 2024 spiritum

216 2038 267 2079 et
287 2031 591 2095 phantasma,
616 2032 667 2080 id
691 2042 782 2089 est,
806 2033 935 2082 inter
957 2034 1182 2098 spiritum
1203 2043 1253 2082 et
1276 2036 1413 2093 nihil,
1437 2035 1600 2083 conci-

216 2122 332 2170 pere
353 2123 454 2155 non
476 2107 631 2171 potui.
669 2108 1001 2157 Quaerendum
1025 2126 1142 2173 ergo
1165 2119 1254 2168 est,
1273 2127 1335 2158 an
1359 2111 1410 2158 in
1436 2110 1599 2173 Scrip-

217 2191 331 2231 tura
365 2183 514 2231 Sacra
542 2184 815 2246 reperiatur
847 2201 944 2232 vox
967 2185 1249 2233 substantia
1288 2186 1600 2250 incorporea,

217 2257 296 2305 vel
311 2257 594 2305 substantia
613 2258 972 2319 immateriali-5,
991 2260 1069 2307 vel
1086 2260 1312 2308 essentiae
1329 2266 1599 2324 separatae.

284 2333 352 2380 Β.
386 2333 544 2381 Voces
568 2333 663 2382 illae
687 2334 738 2381 in
762 2334 1016 2399 Scriptura
1035 2335 1185 2383 Sacra
1207 2351 1306 2382 non
1331 2343 1461 2383 sunt.
1498 2334 1601 2383 Cae·

220 2415 381 2455 terum
419 2408 470 2455 in
507 2408 666 2471 primo
701 2424 762 2457 ex
791 2410 996 2473 triginta
1028 2426 1203 2457 novem
1238 2410 1455 2458 articulis
1489 2409 1602 2457 reli-

219 2483 394 2547 gioniS,
432 2482 575 2531 editis
610 2484 671 2531 ab
709 2484 914 2533 ecclesia
952 2484 1224 2547 Anglicana
1254 2499 1360 2532 Λα).
1394 2499 1598 2532 MDLxu

221 2574 451 2622 expresse
491 2558 688 2616 dicitur,
711 2560 870 2608 Deum
904 2577 1013 2608 esse
1046 2560 1154 2608 sine
1189 2575 1401 2625 corpore
1423 2567 1473 2608 et
1495 2561 1604 2608 sine

215 2633 471 2699 partibus.
520 2634 691 2697 Itaque
714 2636 991 2698 negandum
1016 2652 1115 2683 non
1139 2643 1228 2683 est.
1283 2635 1432 2683 Poena
1453 2635 1602 2684 etiam

221 2709 272 2757 in
296 2718 531 2772 negantes
556 2709 874 2758 constituitur
898 2709 1353 2758 excommunicatio.

287 2784 352 2831 A.
389 2783 502 2831 Non
527 2784 802 2847 negabitur.
872 2786 928 2833 In
954 2784 1160 2832 articulo
1185 2793 1348 2832 tamen
1372 2785 1601 2833 vicaeimo

221 2859 415 2917 dicitur,
441 2858 571 2922 quod
594 2860 717 2908 nihil
753 2861 815 2908 ab
839 2861 1042 2909 ecclesia
1080 2859 1375 2908 credendum
1412 2860 1600 2925 injungi

1667 400 1770 432 CAP.
1787 399 1821 433 1.

1653 497 1696 525 De
1710 496 1843 534 symbolo

1652 540 1772 569 Nioeno.
