<?xml version="1.0" encoding="UTF-8"?>
<!DOCTYPE html PUBLIC "-//W3C//DTD XHTML 1.0 Transitional//EN"
    "http://www.w3.org/TR/xhtml1/DTD/xhtml1-transitional.dtd">
<html xmlns="http://www.w3.org/1999/xhtml" xml:lang="en" lang="en">
 <head>
  <title>
</title>
<meta http-equiv="Content-Type" content="text/html;charset=utf-8" />
  <meta name='ocr-system' content='tesseract 3.04.00' />
  <meta name='ocr-capabilities' content='ocr_page ocr_carea ocr_par ocr_line ocrx_word'/>
</head>
<body>
  <div class='ocr_page' id='page_1' title='image "./operaphilosophic03hobbuoft_0340.png"; bbox 0 0 1968 3236; ppageno 0'>
   <div class='ocr_carea' id='block_1_1' title="bbox 168 398 361 431">
    <p class='ocr_par' dir='ltr' id='par_1_1' title="bbox 168 398 361 431">
     <span class='ocr_line' id='line_1_1' title="bbox 168 398 361 431; baseline 0.005 -1"><span class='ocrx_word' id='word_1_1' title='bbox 168 398 270 431; x_wconf 82' lang='lat' dir='ltr'><strong>CAP.</strong></span> <span class='ocrx_word' id='word_1_2' title='bbox 285 399 361 431; x_wconf 87' lang='lat' dir='ltr'>XL.</span> 
     </span>
    </p>
   </div>
   <div class='ocr_carea' id='block_1_2' title="bbox 154 454 382 746">
    <p class='ocr_par' dir='ltr' id='par_1_2' title="bbox 154 454 382 746">
     <span class='ocr_line' id='line_1_2' title="bbox 174 454 361 475; baseline 0 -7"><span class='ocrx_word' id='word_1_3' title='bbox 174 454 361 475; x_wconf 44' lang='grc' dir='ltr'>κ-Ὗ-κ</span> 
     </span>
     <span class='ocr_line' id='line_1_3' title="bbox 158 494 371 531; baseline -0.005 -9"><span class='ocrx_word' id='word_1_4' title='bbox 158 494 201 522; x_wconf 74' lang='lat' dir='ltr'>Do</span> <span class='ocrx_word' id='word_1_5' title='bbox 209 495 277 531; x_wconf 85' lang='lat' dir='ltr'>jure</span> <span class='ocrx_word' id='word_1_6' title='bbox 291 494 371 529; x_wconf 78' lang='lat' dir='ltr'>regni</span> 
     </span>
     <span class='ocr_line' id='line_1_4' title="bbox 157 537 375 565; baseline -0.009 0"><span class='ocrx_word' id='word_1_7' title='bbox 157 537 211 565; x_wconf 80' lang='lat' dir='ltr'>Dei</span> <span class='ocrx_word' id='word_1_8' title='bbox 233 537 264 565; x_wconf 82' lang='lat' dir='ltr'>iu</span> <span class='ocrx_word' id='word_1_9' title='bbox 286 537 375 564; x_wconf 72' lang='lat' dir='ltr'>Abra„</span> 
     </span>
     <span class='ocr_line' id='line_1_5' title="bbox 155 579 369 614; baseline -0.009 -6"><span class='ocrx_word' id='word_1_10' title='bbox 155 581 250 614; x_wconf 77' lang='lat' dir='ltr'>hamo,</span> <span class='ocrx_word' id='word_1_11' title='bbox 276 579 369 612; x_wconf 78' lang='lat' dir='ltr'>Mose,</span> 
     </span>
     <span class='ocr_line' id='line_1_6' title="bbox 156 623 381 651; baseline -0.009 0"><span class='ocrx_word' id='word_1_12' title='bbox 156 623 276 651; x_wconf 76' lang='lat' dir='ltr'>summis</span> <span class='ocrx_word' id='word_1_13' title='bbox 293 631 381 650; x_wconf 74' lang='lat' dir='ltr'>sacer-</span> 
     </span>
     <span class='ocr_line' id='line_1_7' title="bbox 154 666 382 694; baseline -0.004 0"><span class='ocrx_word' id='word_1_14' title='bbox 154 666 270 694; x_wconf 83' lang='lat' dir='ltr'>dotibus</span> <span class='ocrx_word' id='word_1_15' title='bbox 293 669 321 693; x_wconf 77' lang='lat' dir='ltr'>ct</span> <span class='ocrx_word' id='word_1_16' title='bbox 342 674 382 693; x_wconf 80' lang='lat' dir='ltr'>re-</span> 
     </span>
     <span class='ocr_line' id='line_1_8' title="bbox 155 709 380 746; baseline -0.009 -9"><span class='ocrx_word' id='word_1_17' title='bbox 155 709 240 746; x_wconf 77' lang='lat' dir='ltr'>gibus</span> <span class='ocrx_word' id='word_1_18' title='bbox 259 709 278 737; x_wconf 88' lang='lat' dir='ltr'>J</span> <span class='ocrx_word' id='word_1_19' title='bbox 282 709 380 736; x_wconf 81' lang='lat' dir='ltr'>udoeae.</span> 
     </span>
    </p>
   </div>
   <div class='ocr_carea' id='block_1_3' title="bbox 416 259 1463 302">
    <p class='ocr_par' dir='ltr' id='par_1_3' title="bbox 416 259 1463 302">
     <span class='ocr_line' id='line_1_9' title="bbox 416 259 1463 302; baseline -0.009 0"><span class='ocrx_word' id='word_1_20' title='bbox 416 259 511 302; x_wconf 89' lang='grc'>340</span> <span class='ocrx_word' id='word_1_21' title='bbox 733 265 803 299; x_wconf 76' lang='lat' dir='ltr'>nn</span> <span class='ocrx_word' id='word_1_22' title='bbox 830 262 1083 298; x_wconf 78' lang='lat' dir='ltr'>CIVITATE</span> <span class='ocrx_word' id='word_1_23' title='bbox 1111 260 1463 294; x_wconf 76' lang='lat' dir='ltr'>cnms&#39;rtANA.</span> 
     </span>
    </p>
   </div>
   <div class='ocr_carea' id='block_1_4' title="bbox 414 371 1790 2924">
    <p class='ocr_par' dir='ltr' id='par_1_4' title="bbox 415 371 1787 895">
     <span class='ocr_line' id='line_1_10' title="bbox 415 371 1786 437; baseline -0.007 -9"><span class='ocrx_word' id='word_1_24' title='bbox 415 379 542 429; x_wconf 88' lang='lat' dir='ltr'>xxvi.</span> <span class='ocrx_word' id='word_1_25' title='bbox 569 385 614 437; x_wconf 88' lang='lat'>3,</span> <span class='ocrx_word' id='word_1_26' title='bbox 639 377 710 436; x_wconf 88' lang='grc'>4),</span> <span class='ocrx_word' id='word_1_27' title='bbox 735 384 782 424; x_wconf 90' lang='lat' dir='ltr'>et</span> <span class='ocrx_word' id='word_1_28' title='bbox 807 375 980 423; x_wconf 90' lang='lat' dir='ltr'>deinde</span> <span class='ocrx_word' id='word_1_29' title='bbox 1005 390 1116 422; x_wconf 92' lang='lat' dir='ltr'>cum</span> <span class='ocrx_word' id='word_1_30' title='bbox 1137 373 1321 421; x_wconf 86' lang='lat' dir='ltr'>Jacobo</span> <span class='ocrx_word' id='word_1_31' title='bbox 1353 372 1491 434; x_wconf 86' lang='lat' dir='ltr'><strong>(Gen.</strong></span> <span class='ocrx_word' id='word_1_32' title='bbox 1516 371 1679 419; x_wconf 88' lang='lat' dir='ltr'>xxviii.</span> <span class='ocrx_word' id='word_1_33' title='bbox 1710 376 1786 429; x_wconf 89' lang='lat'>13,</span> 
     </span>
     <span class='ocr_line' id='line_1_11' title="bbox 423 448 1787 516; baseline -0.008 -12"><span class='ocrx_word' id='word_1_34' title='bbox 423 463 495 515; x_wconf 90' lang='lat'>14,</span> <span class='ocrx_word' id='word_1_35' title='bbox 527 456 627 515; x_wconf 88' lang='lat'>15);</span> <span class='ocrx_word' id='word_1_36' title='bbox 662 460 905 516; x_wconf 87' lang='lat' dir='ltr'>postremo</span> <span class='ocrx_word' id='word_1_37' title='bbox 947 450 1122 512; x_wconf 88' lang='lat' dir='ltr'>(Exod.</span> <span class='ocrx_word' id='word_1_38' title='bbox 1146 449 1245 497; x_wconf 86' lang='lat' dir='ltr'>xix.</span> <span class='ocrx_word' id='word_1_39' title='bbox 1272 450 1377 510; x_wconf 87' lang='lat'>5-8)</span> <span class='ocrx_word' id='word_1_40' title='bbox 1417 464 1526 495; x_wconf 91' lang='lat' dir='ltr'>cum</span> <span class='ocrx_word' id='word_1_41' title='bbox 1562 448 1702 495; x_wconf 83' lang='lat' dir='ltr'>Mose</span> <span class='ocrx_word' id='word_1_42' title='bbox 1736 453 1787 493; x_wconf 90' lang='lat' dir='ltr'>et</span> 
     </span>
     <span class='ocr_line' id='line_1_12' title="bbox 417 522 1786 583; baseline -0.009 -3"><span class='ocrx_word' id='word_1_43' title='bbox 417 530 645 580; x_wconf 82' lang='lat' dir='ltr'>Israelitis</span> <span class='ocrx_word' id='word_1_44' title='bbox 669 529 731 576; x_wconf 91' lang='lat' dir='ltr'>ad</span> <span class='ocrx_word' id='word_1_45' title='bbox 754 534 967 575; x_wconf 90' lang='lat' dir='ltr'>montem</span> <span class='ocrx_word' id='word_1_46' title='bbox 994 525 1144 583; x_wconf 86' lang='lat' dir='ltr'>Sinai,</span> <span class='ocrx_word' id='word_1_47' title='bbox 1168 524 1253 571; x_wconf 92' lang='lat' dir='ltr'>ubi</span> <span class='ocrx_word' id='word_1_48' title='bbox 1275 523 1391 571; x_wconf 89' lang='lat' dir='ltr'>facti</span> <span class='ocrx_word' id='word_1_49' title='bbox 1414 531 1528 571; x_wconf 91' lang='lat' dir='ltr'>sunt</span> <span class='ocrx_word' id='word_1_50' title='bbox 1555 522 1786 570; x_wconf 85' lang='lat' dir='ltr'>Israelitae</span> 
     </span>
     <span class='ocr_line' id='line_1_13' title="bbox 416 598 1785 669; baseline -0.008 -14"><span class='ocrx_word' id='word_1_51' title='bbox 416 608 466 655; x_wconf 92' lang='lat' dir='ltr'>in</span> <span class='ocrx_word' id='word_1_52' title='bbox 491 621 692 669; x_wconf 84' lang='lat' dir='ltr'>regnum</span> <span class='ocrx_word' id='word_1_53' title='bbox 715 604 804 651; x_wconf 88' lang='lat' dir='ltr'>Dei</span> <span class='ocrx_word' id='word_1_54' title='bbox 828 602 1086 665; x_wconf 84' lang='lat' dir='ltr'>peculiare,</span> <span class='ocrx_word' id='word_1_55' title='bbox 1106 601 1326 663; x_wconf 85' lang='lat' dir='ltr'>rexitque</span> <span class='ocrx_word' id='word_1_56' title='bbox 1345 615 1428 647; x_wconf 91' lang='lat' dir='ltr'>eos</span> <span class='ocrx_word' id='word_1_57' title='bbox 1450 599 1538 646; x_wconf 86' lang='lat' dir='ltr'>sub</span> <span class='ocrx_word' id='word_1_58' title='bbox 1557 598 1678 655; x_wconf 91' lang='lat' dir='ltr'>Deo,</span> <span class='ocrx_word' id='word_1_59' title='bbox 1695 612 1785 660; x_wconf 93' lang='lat' dir='ltr'>pro</span> 
     </span>
     <span class='ocr_line' id='line_1_14' title="bbox 417 674 1785 743; baseline -0.008 -13"><span class='ocrx_word' id='word_1_60' title='bbox 417 699 501 730; x_wconf 91' lang='lat' dir='ltr'>suo</span> <span class='ocrx_word' id='word_1_61' title='bbox 525 689 756 743; x_wconf 90' lang='lat' dir='ltr'>tempore,</span> <span class='ocrx_word' id='word_1_62' title='bbox 781 678 960 742; x_wconf 87' lang='lat' dir='ltr'>Moses,</span> <span class='ocrx_word' id='word_1_63' title='bbox 986 677 1064 724; x_wconf 91' lang='lat' dir='ltr'>cui</span> <span class='ocrx_word' id='word_1_64' title='bbox 1089 676 1347 723; x_wconf 84' lang='lat' dir='ltr'>succedere</span> <span class='ocrx_word' id='word_1_65' title='bbox 1372 674 1629 722; x_wconf 88' lang='lat' dir='ltr'>debuerint</span> <span class='ocrx_word' id='word_1_66' title='bbox 1656 688 1785 720; x_wconf 92' lang='lat' dir='ltr'>sum-</span> 
     </span>
     <span class='ocr_line' id='line_1_15' title="bbox 415 747 1785 816; baseline -0.007 -11"><span class='ocrx_word' id='word_1_67' title='bbox 415 759 480 805; x_wconf 93' lang='lat' dir='ltr'>mi</span> <span class='ocrx_word' id='word_1_68' title='bbox 504 755 793 813; x_wconf 86' lang='lat' dir='ltr'>sacerdotes,</span> <span class='ocrx_word' id='word_1_69' title='bbox 817 768 990 816; x_wconf 89' lang='lat' dir='ltr'>nempe</span> <span class='ocrx_word' id='word_1_70' title='bbox 1026 760 1085 799; x_wconf 91' lang='lat' dir='ltr'>ut</span> <span class='ocrx_word' id='word_1_71' title='bbox 1108 758 1236 799; x_wconf 90' lang='lat' dir='ltr'>esset</span> <span class='ocrx_word' id='word_1_72' title='bbox 1258 766 1463 813; x_wconf 80' lang='lat' dir='ltr'>regnum</span> <span class='ocrx_word' id='word_1_73' title='bbox 1486 747 1785 797; x_wconf 88' lang='lat' dir='ltr'>sacerdotale</span> 
     </span>
     <span class='ocr_line' id='line_1_16' title="bbox 415 835 791 895; baseline -0.013 -14"><span class='ocrx_word' id='word_1_74' title='bbox 415 835 464 881; x_wconf 89' lang='lat' dir='ltr'>in</span> <span class='ocrx_word' id='word_1_75' title='bbox 490 837 791 895; x_wconf 89' lang='lat' dir='ltr'>perpetuum.</span> 
     </span>
    </p>

    <p class='ocr_par' dir='ltr' id='par_1_5' title="bbox 414 900 1790 2924">
     <span class='ocr_line' id='line_1_17' title="bbox 479 900 1786 966; baseline -0.008 -10"><span class='ocrx_word' id='word_1_76' title='bbox 479 909 570 956; x_wconf 92' lang='lat' dir='ltr'>Per</span> <span class='ocrx_word' id='word_1_77' title='bbox 605 907 731 954; x_wconf 92' lang='lat' dir='ltr'>hanc</span> <span class='ocrx_word' id='word_1_78' title='bbox 769 904 1180 960; x_wconf 86' lang='lat' dir='ltr'>constitutionem,</span> <span class='ocrx_word' id='word_1_79' title='bbox 1217 917 1420 966; x_wconf 84' lang='lat' dir='ltr'>regnum</span> <span class='ocrx_word' id='word_1_80' title='bbox 1458 900 1786 948; x_wconf 90' lang='lat' dir='ltr'>Israelitarum</span> 
     </span>
     <span class='ocr_line' id='line_1_18' title="bbox 414 976 1787 1046; baseline -0.007 -15"><span class='ocrx_word' id='word_1_81' title='bbox 414 983 702 1046; x_wconf 90' lang='lat' dir='ltr'>acquisitum</span> <span class='ocrx_word' id='word_1_82' title='bbox 747 987 821 1028; x_wconf 90' lang='lat' dir='ltr'>est</span> <span class='ocrx_word' id='word_1_83' title='bbox 867 980 971 1028; x_wconf 92' lang='lat' dir='ltr'>Deo</span> <span class='ocrx_word' id='word_1_84' title='bbox 1007 978 1266 1042; x_wconf 86' lang='lat' dir='ltr'>peculiare.</span> <span class='ocrx_word' id='word_1_85' title='bbox 1337 976 1581 1026; x_wconf 73' lang='lat' dir='ltr'>Quoniam</span> <span class='ocrx_word' id='word_1_86' title='bbox 1621 983 1787 1023; x_wconf 91' lang='lat' dir='ltr'>autem</span> 
     </span>
     <span class='ocr_line' id='line_1_19' title="bbox 415 1050 1787 1119; baseline -0.007 -13"><span class='ocrx_word' id='word_1_87' title='bbox 415 1057 642 1106; x_wconf 87' lang='lat' dir='ltr'>Israelitis</span> <span class='ocrx_word' id='word_1_88' title='bbox 678 1055 946 1119; x_wconf 86' lang='lat' dir='ltr'>imperandi</span> <span class='ocrx_word' id='word_1_89' title='bbox 983 1055 1145 1102; x_wconf 88' lang='lat' dir='ltr'>Moses</span> <span class='ocrx_word' id='word_1_90' title='bbox 1178 1055 1257 1117; x_wconf 85' lang='lat' dir='ltr'>jus</span> <span class='ocrx_word' id='word_1_91' title='bbox 1292 1053 1352 1100; x_wconf 93' lang='lat' dir='ltr'>ab</span> <span class='ocrx_word' id='word_1_92' title='bbox 1378 1051 1655 1099; x_wconf 90' lang='lat' dir='ltr'>Abrahamo</span> <span class='ocrx_word' id='word_1_93' title='bbox 1679 1050 1787 1098; x_wconf 89' lang='lat' dir='ltr'>nul-</span> 
     </span>
     <span class='ocr_line' id='line_1_20' title="bbox 415 1125 1786 1193; baseline -0.007 -12"><span class='ocrx_word' id='word_1_94' title='bbox 415 1134 515 1181; x_wconf 91' lang='lat' dir='ltr'>lum</span> <span class='ocrx_word' id='word_1_95' title='bbox 537 1133 721 1190; x_wconf 90' lang='lat' dir='ltr'>habuit,</span> <span class='ocrx_word' id='word_1_96' title='bbox 746 1131 875 1179; x_wconf 91' lang='lat' dir='ltr'>unde</span> <span class='ocrx_word' id='word_1_97' title='bbox 900 1130 1105 1193; x_wconf 86' lang='lat' dir='ltr'>obligari</span> <span class='ocrx_word' id='word_1_98' title='bbox 1127 1129 1290 1192; x_wconf 89' lang='lat' dir='ltr'>potuit</span> <span class='ocrx_word' id='word_1_99' title='bbox 1323 1128 1531 1192; x_wconf 91' lang='lat' dir='ltr'>populus</span> <span class='ocrx_word' id='word_1_100' title='bbox 1561 1133 1617 1174; x_wconf 91' lang='lat' dir='ltr'>ut</span> <span class='ocrx_word' id='word_1_101' title='bbox 1649 1125 1786 1174; x_wconf 91' lang='lat' dir='ltr'>illum</span> 
     </span>
     <span class='ocr_line' id='line_1_21' title="bbox 415 1200 1786 1271; baseline -0.007 -15"><span class='ocrx_word' id='word_1_102' title='bbox 415 1225 503 1271; x_wconf 91' lang='lat' dir='ltr'>pro</span> <span class='ocrx_word' id='word_1_103' title='bbox 521 1208 825 1270; x_wconf 84' lang='lat' dir='ltr'>vicegerente</span> <span class='ocrx_word' id='word_1_104' title='bbox 849 1206 940 1253; x_wconf 92' lang='lat' dir='ltr'>Dei</span> <span class='ocrx_word' id='word_1_105' title='bbox 964 1205 1146 1252; x_wconf 89' lang='lat' dir='ltr'>diutius</span> <span class='ocrx_word' id='word_1_106' title='bbox 1178 1203 1428 1262; x_wconf 86' lang='lat' dir='ltr'>haberent,</span> <span class='ocrx_word' id='word_1_107' title='bbox 1454 1217 1599 1265; x_wconf 90' lang='lat' dir='ltr'>quam</span> <span class='ocrx_word' id='word_1_108' title='bbox 1638 1200 1786 1248; x_wconf 94' lang='lat' dir='ltr'>collo-</span> 
     </span>
     <span class='ocr_line' id='line_1_22' title="bbox 416 1276 1786 1346; baseline -0.005 -15"><span class='ocrx_word' id='word_1_109' title='bbox 416 1284 538 1346; x_wconf 90' lang='lat' dir='ltr'>quiis</span> <span class='ocrx_word' id='word_1_110' title='bbox 562 1283 687 1330; x_wconf 88' lang='lat' dir='ltr'>inter</span> <span class='ocrx_word' id='word_1_111' title='bbox 706 1282 841 1329; x_wconf 91' lang='lat' dir='ltr'>illum</span> <span class='ocrx_word' id='word_1_112' title='bbox 864 1287 912 1328; x_wconf 89' lang='lat' dir='ltr'>et</span> <span class='ocrx_word' id='word_1_113' title='bbox 936 1281 1093 1328; x_wconf 88' lang='lat' dir='ltr'>Deum</span> <span class='ocrx_word' id='word_1_114' title='bbox 1115 1279 1262 1327; x_wconf 91' lang='lat' dir='ltr'>fidem</span> <span class='ocrx_word' id='word_1_115' title='bbox 1284 1279 1544 1332; x_wconf 87' lang='lat' dir='ltr'>haberent;</span> <span class='ocrx_word' id='word_1_116' title='bbox 1569 1276 1786 1324; x_wconf 86' lang='lat' dir='ltr'>authori-</span> 
     </span>
     <span class='ocr_line' id='line_1_23' title="bbox 414 1353 1787 1418; baseline -0.006 -11"><span class='ocrx_word' id='word_1_117' title='bbox 414 1367 487 1407; x_wconf 87' lang='lat' dir='ltr'>tas</span> <span class='ocrx_word' id='word_1_118' title='bbox 521 1366 683 1406; x_wconf 92' lang='lat' dir='ltr'>autem</span> <span class='ocrx_word' id='word_1_119' title='bbox 719 1357 886 1415; x_wconf 85' lang='lat' dir='ltr'>Mosis,</span> <span class='ocrx_word' id='word_1_120' title='bbox 925 1356 1017 1404; x_wconf 86' lang='lat' dir='ltr'>etsi</span> <span class='ocrx_word' id='word_1_121' title='bbox 1058 1372 1169 1403; x_wconf 90' lang='lat' dir='ltr'>cum</span> <span class='ocrx_word' id='word_1_122' title='bbox 1204 1355 1307 1403; x_wconf 91' lang='lat' dir='ltr'>Deo</span> <span class='ocrx_word' id='word_1_123' title='bbox 1353 1370 1441 1418; x_wconf 90' lang='lat' dir='ltr'>pro</span> <span class='ocrx_word' id='word_1_124' title='bbox 1478 1353 1571 1401; x_wconf 87' lang='lat' dir='ltr'>illis</span> <span class='ocrx_word' id='word_1_125' title='bbox 1616 1359 1787 1415; x_wconf 88' lang='lat' dir='ltr'>pactus</span> 
     </span>
     <span class='ocr_line' id='line_1_24' title="bbox 415 1427 1787 1495; baseline -0.005 -13"><span class='ocrx_word' id='word_1_126' title='bbox 415 1441 554 1492; x_wconf 87' lang='lat' dir='ltr'>esset,</span> <span class='ocrx_word' id='word_1_127' title='bbox 580 1432 874 1495; x_wconf 86' lang='lat' dir='ltr'>dependeret</span> <span class='ocrx_word' id='word_1_128' title='bbox 897 1448 927 1480; x_wconf 90' lang='lat' dir='ltr'>a</span> <span class='ocrx_word' id='word_1_129' title='bbox 949 1431 1052 1479; x_wconf 90' lang='lat' dir='ltr'>sola</span> <span class='ocrx_word' id='word_1_130' title='bbox 1080 1447 1225 1495; x_wconf 91' lang='lat' dir='ltr'>quam</span> <span class='ocrx_word' id='word_1_131' title='bbox 1258 1430 1504 1478; x_wconf 91' lang='lat' dir='ltr'>habebant</span> <span class='ocrx_word' id='word_1_132' title='bbox 1527 1428 1587 1475; x_wconf 93' lang='lat' dir='ltr'>de</span> <span class='ocrx_word' id='word_1_133' title='bbox 1610 1427 1787 1476; x_wconf 88' lang='lat' dir='ltr'>sancti-</span> 
     </span>
     <span class='ocr_line' id='line_1_25' title="bbox 415 1504 1788 1571; baseline -0.005 -15"><span class='ocrx_word' id='word_1_134' title='bbox 415 1516 515 1556; x_wconf 92' lang='lat' dir='ltr'>tate</span> <span class='ocrx_word' id='word_1_135' title='bbox 556 1509 674 1571; x_wconf 86' lang='lat' dir='ltr'>ejus,</span> <span class='ocrx_word' id='word_1_136' title='bbox 710 1515 760 1554; x_wconf 89' lang='lat' dir='ltr'>et</span> <span class='ocrx_word' id='word_1_137' title='bbox 794 1507 854 1554; x_wconf 89' lang='lat' dir='ltr'>de</span> <span class='ocrx_word' id='word_1_138' title='bbox 888 1506 1106 1554; x_wconf 86' lang='lat' dir='ltr'>realitate</span> <span class='ocrx_word' id='word_1_139' title='bbox 1141 1505 1495 1568; x_wconf 90' lang='lat' dir='ltr'>colloquiorum</span> <span class='ocrx_word' id='word_1_140' title='bbox 1528 1504 1631 1566; x_wconf 88' lang='lat' dir='ltr'>ejus</span> <span class='ocrx_word' id='word_1_141' title='bbox 1677 1518 1788 1550; x_wconf 89' lang='lat' dir='ltr'>cum</span> 
     </span>
     <span class='ocr_line' id='line_1_26' title="bbox 417 1581 1786 1643; baseline -0.004 -12"><span class='ocrx_word' id='word_1_142' title='bbox 417 1584 536 1641; x_wconf 88' lang='lat' dir='ltr'>Deo,</span> <span class='ocrx_word' id='word_1_143' title='bbox 560 1590 609 1631; x_wconf 90' lang='lat' dir='ltr'>et</span> <span class='ocrx_word' id='word_1_144' title='bbox 632 1583 691 1630; x_wconf 88' lang='lat' dir='ltr'>de</span> <span class='ocrx_word' id='word_1_145' title='bbox 714 1582 917 1630; x_wconf 88' lang='lat' dir='ltr'>veritate</span> <span class='ocrx_word' id='word_1_146' title='bbox 948 1581 1291 1630; x_wconf 89' lang='lat' dir='ltr'>miraculorum</span> <span class='ocrx_word' id='word_1_147' title='bbox 1317 1596 1425 1643; x_wconf 79' lang='lat' dir='ltr'>quae</span> <span class='ocrx_word' id='word_1_148' title='bbox 1448 1585 1672 1642; x_wconf 86' lang='lat' dir='ltr'>operatus</span> <span class='ocrx_word' id='word_1_149' title='bbox 1697 1585 1786 1636; x_wconf 90' lang='lat' dir='ltr'>est,</span> 
     </span>
     <span class='ocr_line' id='line_1_27' title="bbox 418 1653 1787 1719; baseline -0.003 -15"><span class='ocrx_word' id='word_1_150' title='bbox 418 1657 802 1705; x_wconf 85' lang='lat' dir='ltr'>existimatione:</span> <span class='ocrx_word' id='word_1_151' title='bbox 840 1673 947 1719; x_wconf 87' lang='lat' dir='ltr'>quae</span> <span class='ocrx_word' id='word_1_152' title='bbox 989 1655 1280 1704; x_wconf 86' lang='lat' dir='ltr'>existimatio</span> <span class='ocrx_word' id='word_1_153' title='bbox 1319 1655 1359 1702; x_wconf 88' lang='lat' dir='ltr'>si</span> <span class='ocrx_word' id='word_1_154' title='bbox 1395 1653 1575 1702; x_wconf 90' lang='lat' dir='ltr'>mutari</span> <span class='ocrx_word' id='word_1_155' title='bbox 1598 1653 1787 1701; x_wconf 90' lang='lat' dir='ltr'>contin-</span> 
     </span>
     <span class='ocr_line' id='line_1_28' title="bbox 418 1729 1787 1796; baseline -0.002 -17"><span class='ocrx_word' id='word_1_156' title='bbox 418 1739 570 1796; x_wconf 87' lang='lat' dir='ltr'>geret,</span> <span class='ocrx_word' id='word_1_157' title='bbox 602 1748 746 1779; x_wconf 90' lang='lat' dir='ltr'>causa</span> <span class='ocrx_word' id='word_1_158' title='bbox 778 1732 910 1779; x_wconf 89' lang='lat' dir='ltr'>nulla</span> <span class='ocrx_word' id='word_1_159' title='bbox 943 1732 1206 1795; x_wconf 88' lang='lat' dir='ltr'>apparebat</span> <span class='ocrx_word' id='word_1_160' title='bbox 1239 1738 1439 1794; x_wconf 89' lang='lat' dir='ltr'>propter</span> <span class='ocrx_word' id='word_1_161' title='bbox 1467 1745 1628 1792; x_wconf 90' lang='lat' dir='ltr'>quam,</span> <span class='ocrx_word' id='word_1_162' title='bbox 1654 1729 1787 1792; x_wconf 89' lang='lat' dir='ltr'>quic-</span> 
     </span>
     <span class='ocr_line' id='line_1_29' title="bbox 421 1804 1788 1871; baseline -0.003 -16"><span class='ocrx_word' id='word_1_163' title='bbox 421 1824 565 1871; x_wconf 89' lang='lat' dir='ltr'>quam</span> <span class='ocrx_word' id='word_1_164' title='bbox 588 1808 648 1855; x_wconf 90' lang='lat' dir='ltr'>ab</span> <span class='ocrx_word' id='word_1_165' title='bbox 673 1808 753 1854; x_wconf 94' lang='lat' dir='ltr'>illo</span> <span class='ocrx_word' id='word_1_166' title='bbox 778 1807 827 1854; x_wconf 89' lang='lat' dir='ltr'>in</span> <span class='ocrx_word' id='word_1_167' title='bbox 850 1808 1044 1855; x_wconf 91' lang='lat' dir='ltr'>nomine</span> <span class='ocrx_word' id='word_1_168' title='bbox 1063 1807 1155 1856; x_wconf 91' lang='lat' dir='ltr'>Dei</span> <span class='ocrx_word' id='word_1_169' title='bbox 1176 1813 1544 1870; x_wconf 89' lang='lat' dir='ltr'>proponeretur,</span> <span class='ocrx_word' id='word_1_170' title='bbox 1568 1820 1657 1868; x_wconf 93' lang='lat' dir='ltr'>pro</span> <span class='ocrx_word' id='word_1_171' title='bbox 1679 1804 1788 1867; x_wconf 86' lang='lat' dir='ltr'>lege</span> 
     </span>
     <span class='ocr_line' id='line_1_30' title="bbox 421 1879 1787 1946; baseline -0.003 -15"><span class='ocrx_word' id='word_1_172' title='bbox 421 1883 584 1931; x_wconf 87' lang='lat' dir='ltr'>divina</span> <span class='ocrx_word' id='word_1_173' title='bbox 625 1882 819 1930; x_wconf 87' lang='lat' dir='ltr'>obedire</span> <span class='ocrx_word' id='word_1_174' title='bbox 857 1883 1218 1946; x_wconf 84' lang='lat' dir='ltr'>obligarentur:</span> <span class='ocrx_word' id='word_1_175' title='bbox 1254 1881 1626 1929; x_wconf 88' lang='lat' dir='ltr'>fundamentum</span> <span class='ocrx_word' id='word_1_176' title='bbox 1666 1879 1787 1927; x_wconf 91' lang='lat' dir='ltr'>obli-</span> 
     </span>
     <span class='ocr_line' id='line_1_31' title="bbox 419 1955 1787 2021; baseline -0.001 -16"><span class='ocrx_word' id='word_1_177' title='bbox 419 1958 629 2021; x_wconf 87' lang='lat' dir='ltr'>gationis</span> <span class='ocrx_word' id='word_1_178' title='bbox 675 1957 840 2020; x_wconf 91' lang='lat' dir='ltr'>populi</span> <span class='ocrx_word' id='word_1_179' title='bbox 886 1958 1138 2006; x_wconf 87' lang='lat' dir='ltr'>Israelitici</span> <span class='ocrx_word' id='word_1_180' title='bbox 1176 1957 1239 2005; x_wconf 90' lang='lat' dir='ltr'>ad</span> <span class='ocrx_word' id='word_1_181' title='bbox 1275 1956 1599 2005; x_wconf 90' lang='lat' dir='ltr'>obediendum</span> <span class='ocrx_word' id='word_1_182' title='bbox 1643 1955 1787 2014; x_wconf 89' lang='lat' dir='ltr'>Mosi,</span> 
     </span>
     <span class='ocr_line' id='line_1_32' title="bbox 421 2030 1789 2095; baseline -0.001 -15"><span class='ocrx_word' id='word_1_183' title='bbox 421 2032 553 2080; x_wconf 91' lang='lat' dir='ltr'>aliud</span> <span class='ocrx_word' id='word_1_184' title='bbox 589 2032 899 2095; x_wconf 88' lang='lat' dir='ltr'>quaerendum</span> <span class='ocrx_word' id='word_1_185' title='bbox 939 2041 1026 2081; x_wconf 89' lang='lat' dir='ltr'>est.</span> <span class='ocrx_word' id='word_1_186' title='bbox 1096 2034 1210 2081; x_wconf 90' lang='lat' dir='ltr'>Non</span> <span class='ocrx_word' id='word_1_187' title='bbox 1256 2033 1386 2080; x_wconf 89' lang='lat' dir='ltr'>enim</span> <span class='ocrx_word' id='word_1_188' title='bbox 1430 2040 1487 2080; x_wconf 93' lang='lat' dir='ltr'>ut</span> <span class='ocrx_word' id='word_1_189' title='bbox 1533 2030 1789 2079; x_wconf 88' lang='lat' dir='ltr'>obedirent</span> 
     </span>
     <span class='ocr_line' id='line_1_33' title="bbox 416 2105 1790 2171; baseline -0.001 -16"><span class='ocrx_word' id='word_1_190' title='bbox 416 2108 559 2171; x_wconf 88' lang='lat' dir='ltr'>jussit</span> <span class='ocrx_word' id='word_1_191' title='bbox 605 2108 764 2155; x_wconf 87' lang='lat' dir='ltr'>Deus:</span> <span class='ocrx_word' id='word_1_192' title='bbox 816 2123 903 2155; x_wconf 86' lang='lat' dir='ltr'>nec</span> <span class='ocrx_word' id='word_1_193' title='bbox 937 2109 1064 2156; x_wconf 91' lang='lat' dir='ltr'>enim</span> <span class='ocrx_word' id='word_1_194' title='bbox 1109 2109 1216 2156; x_wconf 91' lang='lat' dir='ltr'>illos</span> <span class='ocrx_word' id='word_1_195' title='bbox 1251 2108 1528 2171; x_wconf 91' lang='lat' dir='ltr'>alloquutus</span> <span class='ocrx_word' id='word_1_196' title='bbox 1572 2114 1661 2165; x_wconf 87' lang='lat' dir='ltr'>est,</span> <span class='ocrx_word' id='word_1_197' title='bbox 1695 2105 1790 2154; x_wconf 89' lang='lat' dir='ltr'>nisi</span> 
     </span>
     <span class='ocr_line' id='line_1_34' title="bbox 419 2181 1787 2246; baseline -0.002 -14"><span class='ocrx_word' id='word_1_198' title='bbox 419 2183 664 2232; x_wconf 89' lang='lat' dir='ltr'>mediante</span> <span class='ocrx_word' id='word_1_199' title='bbox 699 2183 834 2230; x_wconf 91' lang='lat' dir='ltr'>Mose</span> <span class='ocrx_word' id='word_1_200' title='bbox 868 2183 987 2246; x_wconf 86' lang='lat' dir='ltr'>ipso.</span> <span class='ocrx_word' id='word_1_201' title='bbox 1056 2184 1185 2232; x_wconf 89' lang='lat' dir='ltr'>Dicit</span> <span class='ocrx_word' id='word_1_202' title='bbox 1219 2192 1381 2232; x_wconf 90' lang='lat' dir='ltr'>autem</span> <span class='ocrx_word' id='word_1_203' title='bbox 1408 2183 1628 2230; x_wconf 88' lang='lat' dir='ltr'>Christus</span> <span class='ocrx_word' id='word_1_204' title='bbox 1656 2181 1787 2243; x_wconf 89' lang='lat' dir='ltr'>(Joh.</span> 
     </span>
     <span class='ocr_line' id='line_1_35' title="bbox 420 2257 1787 2323; baseline -0.001 -17"><span class='ocrx_word' id='word_1_205' title='bbox 420 2275 465 2306; x_wconf 90' lang='lat' dir='ltr'>v.</span> <span class='ocrx_word' id='word_1_206' title='bbox 491 2258 608 2319; x_wconf 84' lang='lat'><strong>31):</strong></span> <span class='ocrx_word' id='word_1_207' title='bbox 646 2257 703 2305; x_wconf 76' lang='lat' dir='ltr'>Si</span> <span class='ocrx_word' id='word_1_208' title='bbox 741 2258 1061 2306; x_wconf 76' lang='lat' dir='ltr'>testimonium</span> <span class='ocrx_word' id='word_1_209' title='bbox 1093 2259 1204 2307; x_wconf 78' lang='lat' dir='ltr'>dico</span> <span class='ocrx_word' id='word_1_210' title='bbox 1237 2260 1299 2307; x_wconf 85' lang='lat' dir='ltr'>de</span> <span class='ocrx_word' id='word_1_211' title='bbox 1333 2259 1534 2323; x_wconf 78' lang='lat' dir='ltr'>meipso,</span> <span class='ocrx_word' id='word_1_212' title='bbox 1571 2257 1787 2305; x_wconf 70' lang='lat' dir='ltr'>testimo-</span> 
     </span>
     <span class='ocr_line' id='line_1_36' title="bbox 420 2332 1788 2395; baseline -0.001 -13"><span class='ocrx_word' id='word_1_213' title='bbox 420 2334 549 2382; x_wconf 80' lang='lat' dir='ltr'>nium</span> <span class='ocrx_word' id='word_1_214' title='bbox 572 2349 722 2380; x_wconf 85' lang='lat' dir='ltr'>meum</span> <span class='ocrx_word' id='word_1_215' title='bbox 745 2349 837 2380; x_wconf 82' lang='lat' dir='ltr'>non</span> <span class='ocrx_word' id='word_1_216' title='bbox 860 2339 936 2380; x_wconf 74' lang='lat' dir='ltr'>est</span> <span class='ocrx_word' id='word_1_217' title='bbox 959 2349 1134 2381; x_wconf 82' lang='lat' dir='ltr'>verum.</span> <span class='ocrx_word' id='word_1_218' title='bbox 1203 2334 1490 2382; x_wconf 82' lang='lat' dir='ltr'>Authoritas</span> <span class='ocrx_word' id='word_1_219' title='bbox 1528 2347 1645 2395; x_wconf 87' lang='lat' dir='ltr'>ergo</span> <span class='ocrx_word' id='word_1_220' title='bbox 1678 2332 1788 2380; x_wconf 93' lang='lat' dir='ltr'>Mo-</span> 
     </span>
     <span class='ocr_line' id='line_1_37' title="bbox 419 2406 1786 2472; baseline -0.001 -15"><span class='ocrx_word' id='word_1_221' title='bbox 419 2410 499 2467; x_wconf 89' lang='lat' dir='ltr'>sis,</span> <span class='ocrx_word' id='word_1_222' title='bbox 518 2408 643 2456; x_wconf 87' lang='lat' dir='ltr'>sicut</span> <span class='ocrx_word' id='word_1_223' title='bbox 660 2406 925 2454; x_wconf 88' lang='lat' dir='ltr'>authoritas</span> <span class='ocrx_word' id='word_1_224' title='bbox 949 2415 1233 2456; x_wconf 87' lang='lat' dir='ltr'>caeterorum</span> <span class='ocrx_word' id='word_1_225' title='bbox 1256 2409 1531 2472; x_wconf 90' lang='lat' dir='ltr'>principum</span> <span class='ocrx_word' id='word_1_226' title='bbox 1554 2406 1786 2467; x_wconf 89' lang='lat' dir='ltr'>omnium,</span> 
     </span>
     <span class='ocr_line' id='line_1_38' title="bbox 420 2482 1787 2548; baseline 0 -17"><span class='ocrx_word' id='word_1_227' title='bbox 420 2482 613 2531; x_wconf 86' lang='lat' dir='ltr'>fundari</span> <span class='ocrx_word' id='word_1_228' title='bbox 634 2482 800 2531; x_wconf 90' lang='lat' dir='ltr'>debuit</span> <span class='ocrx_word' id='word_1_229' title='bbox 818 2482 866 2529; x_wconf 91' lang='lat' dir='ltr'>in</span> <span class='ocrx_word' id='word_1_230' title='bbox 886 2499 1121 2531; x_wconf 89' lang='lat' dir='ltr'>consensu</span> <span class='ocrx_word' id='word_1_231' title='bbox 1138 2485 1304 2547; x_wconf 92' lang='lat' dir='ltr'>populi</span> <span class='ocrx_word' id='word_1_232' title='bbox 1322 2483 1650 2548; x_wconf 88' lang='lat' dir='ltr'>promittentis</span> <span class='ocrx_word' id='word_1_233' title='bbox 1673 2483 1787 2532; x_wconf 91' lang='lat' dir='ltr'>obe-</span> 
     </span>
     <span class='ocr_line' id='line_1_39' title="bbox 421 2557 1786 2624; baseline 0.003 -20"><span class='ocrx_word' id='word_1_234' title='bbox 421 2558 666 2605; x_wconf 88' lang='lat' dir='ltr'>dientiam.</span> <span class='ocrx_word' id='word_1_235' title='bbox 736 2557 895 2620; x_wconf 89' lang='lat' dir='ltr'>Atque</span> <span class='ocrx_word' id='word_1_236' title='bbox 919 2558 987 2605; x_wconf 88' lang='lat' dir='ltr'>ita</span> <span class='ocrx_word' id='word_1_237' title='bbox 1010 2566 1126 2607; x_wconf 87' lang='lat' dir='ltr'>erat.</span> <span class='ocrx_word' id='word_1_238' title='bbox 1196 2559 1420 2624; x_wconf 76' lang='lat' dir='ltr'>Populus</span> <span class='ocrx_word' id='word_1_239' title='bbox 1443 2560 1588 2618; x_wconf 89' lang='lat' dir='ltr'>enim,</span> <span class='ocrx_word' id='word_1_240' title='bbox 1612 2559 1786 2620; x_wconf 83' lang='lat' dir='ltr'>(Exod.</span> 
     </span>
     <span class='ocr_line' id='line_1_40' title="bbox 420 2631 1787 2699; baseline 0.002 -19"><span class='ocrx_word' id='word_1_241' title='bbox 420 2649 498 2681; x_wconf 83' lang='lat' dir='ltr'>xx.</span> <span class='ocrx_word' id='word_1_242' title='bbox 531 2639 603 2691; x_wconf 88' lang='lat'>18,</span> <span class='ocrx_word' id='word_1_243' title='bbox 633 2632 731 2694; x_wconf 87' lang='lat'>19),</span> <span class='ocrx_word' id='word_1_244' title='bbox 767 2631 966 2680; x_wconf 80' lang='lat' dir='ltr'>videbat</span> <span class='ocrx_word' id='word_1_245' title='bbox 999 2650 1157 2681; x_wconf 84' lang='lat' dir='ltr'>vocem</span> <span class='ocrx_word' id='word_1_246' title='bbox 1191 2642 1240 2682; x_wconf 86' lang='lat' dir='ltr'>et</span> <span class='ocrx_word' id='word_1_247' title='bbox 1275 2635 1548 2699; x_wconf 67' lang='lat' dir='ltr'>lampade-5,</span> <span class='ocrx_word' id='word_1_248' title='bbox 1584 2641 1635 2682; x_wconf 87' lang='lat' dir='ltr'>et</span> <span class='ocrx_word' id='word_1_249' title='bbox 1655 2635 1787 2683; x_wconf 75' lang='lat' dir='ltr'>soni-</span> 
     </span>
     <span class='ocr_line' id='line_1_41' title="bbox 421 2707 1788 2775; baseline 0.003 -21"><span class='ocrx_word' id='word_1_250' title='bbox 421 2714 518 2755; x_wconf 84' lang='lat' dir='ltr'>tum</span> <span class='ocrx_word' id='word_1_251' title='bbox 541 2707 763 2766; x_wconf 82' lang='lat' dir='ltr'>buccinoe,</span> <span class='ocrx_word' id='word_1_252' title='bbox 786 2713 1081 2771; x_wconf 84' lang='lat' dir='ltr'>montemque</span> <span class='ocrx_word' id='word_1_253' title='bbox 1098 2709 1394 2772; x_wconf 67' lang='lat' dir='ltr'>sumamma,</span> <span class='ocrx_word' id='word_1_254' title='bbox 1431 2716 1481 2758; x_wconf 79' lang='lat' dir='ltr'>ec</span> <span class='ocrx_word' id='word_1_255' title='bbox 1512 2710 1788 2775; x_wconf 77' lang='lat' dir='ltr'>perterriti</span> 
     </span>
     <span class='ocr_line' id='line_1_42' title="bbox 420 2782 1787 2849; baseline 0.004 -21"><span class='ocrx_word' id='word_1_256' title='bbox 420 2799 481 2829; x_wconf 81' lang='lat' dir='ltr'>ac</span> <span class='ocrx_word' id='word_1_257' title='bbox 528 2798 721 2847; x_wconf 78' lang='lat' dir='ltr'>pavore</span> <span class='ocrx_word' id='word_1_258' title='bbox 776 2782 997 2829; x_wconf 73' lang='lat' dir='ltr'>concussi</span> <span class='ocrx_word' id='word_1_259' title='bbox 1041 2789 1281 2831; x_wconf 75' lang='lat' dir='ltr'>steterunt</span> <span class='ocrx_word' id='word_1_260' title='bbox 1318 2784 1519 2849; x_wconf 83' lang='lat' dir='ltr'>procul,</span> <span class='ocrx_word' id='word_1_261' title='bbox 1566 2784 1787 2833; x_wconf 73' lang='lat' dir='ltr'>dicentes</span> 
     </span>
     <span class='ocr_line' id='line_1_43' title="bbox 421 2855 1786 2924; baseline 0.004 -21"><span class='ocrx_word' id='word_1_262' title='bbox 421 2856 571 2915; x_wconf 75' lang='lat' dir='ltr'>Mosi,</span> <span class='ocrx_word' id='word_1_263' title='bbox 588 2855 812 2921; x_wconf 84' lang='lat' dir='ltr'>Loquere</span> <span class='ocrx_word' id='word_1_264' title='bbox 831 2863 882 2904; x_wconf 82' lang='lat' dir='ltr'>tu</span> <span class='ocrx_word' id='word_1_265' title='bbox 900 2855 1053 2916; x_wconf 69' lang='lat' dir='ltr'>nobi-5,</span> <span class='ocrx_word' id='word_1_266' title='bbox 1069 2864 1117 2906; x_wconf 82' lang='lat' dir='ltr'>et</span> <span class='ocrx_word' id='word_1_267' title='bbox 1136 2859 1415 2915; x_wconf 73' lang='lat' dir='ltr'>audiemus;</span> <span class='ocrx_word' id='word_1_268' title='bbox 1438 2876 1531 2908; x_wconf 83' lang='lat' dir='ltr'>non</span> <span class='ocrx_word' id='word_1_269' title='bbox 1551 2859 1786 2924; x_wconf 80' lang='lat' dir='ltr'>loquatur</span> 
     </span>
    </p>
   </div>
  </div>
 </body>
</html>
