<?xml version="1.0" encoding="UTF-8"?>
<!DOCTYPE html PUBLIC "-//W3C//DTD XHTML 1.0 Transitional//EN"
    "http://www.w3.org/TR/xhtml1/DTD/xhtml1-transitional.dtd">
<html xmlns="http://www.w3.org/1999/xhtml" xml:lang="en" lang="en">
 <head>
  <title>
</title>
<meta http-equiv="Content-Type" content="text/html;charset=utf-8" />
  <meta name='ocr-system' content='tesseract 3.04.00' />
  <meta name='ocr-capabilities' content='ocr_page ocr_carea ocr_par ocr_line ocrx_word'/>
</head>
<body>
  <div class='ocr_page' id='page_1' title='image "./operaphilosophic03hobbuoft_0372.png"; bbox 0 0 1968 3236; ppageno 0'>
   <div class='ocr_carea' id='block_1_1' title="bbox 113 380 343 414">
    <p class='ocr_par' dir='ltr' id='par_1_1' title="bbox 113 380 343 414">
     <span class='ocr_line' id='line_1_1' title="bbox 113 380 343 414; baseline 0.009 -2"><span class='ocrx_word' id='word_1_1' title='bbox 113 380 214 412; x_wconf 84' lang='lat' dir='ltr'>CAP.</span> <span class='ocrx_word' id='word_1_2' title='bbox 230 380 343 414; x_wconf 78' lang='lat' dir='ltr'>xml.</span> 
     </span>
    </p>
   </div>
   <div class='ocr_carea' id='block_1_2' title="bbox 125 435 326 545">
    <p class='ocr_par' dir='ltr' id='par_1_2' title="bbox 125 435 326 545">
     <span class='ocr_line' id='line_1_2' title="bbox 131 435 319 458; baseline 0 -8"><span class='ocrx_word' id='word_1_3' title='bbox 131 435 319 458; x_wconf 50' lang='grc' dir='ltr'>κ-Ὓ-κ</span> 
     </span>
     <span class='ocr_line' id='line_1_3' title="bbox 129 473 324 510; baseline -0.005 -9"><span class='ocrx_word' id='word_1_4' title='bbox 129 473 173 501; x_wconf 86' lang='lat' dir='ltr'>De</span> <span class='ocrx_word' id='word_1_5' title='bbox 186 476 324 510; x_wconf 73' lang='lat' dir='ltr'><strong>potestate</strong></span> 
     </span>
     <span class='ocr_line' id='line_1_4' title="bbox 125 516 326 545; baseline 0 -1"><span class='ocrx_word' id='word_1_6' title='bbox 125 516 326 545; x_wconf 76' lang='lat' dir='ltr'>ecclesiastica.</span> 
     </span>
    </p>
   </div>
   <div class='ocr_carea' id='block_1_3' title="bbox 375 234 1426 287">
    <p class='ocr_par' dir='ltr' id='par_1_3' title="bbox 375 234 1426 287">
     <span class='ocr_line' id='line_1_5' title="bbox 375 234 1426 287; baseline -0.002 -7"><span class='ocrx_word' id='word_1_7' title='bbox 375 234 468 287; x_wconf 86' lang='lat'>372</span> <span class='ocrx_word' id='word_1_8' title='bbox 693 247 762 279; x_wconf 86' lang='lat' dir='ltr'>DE</span> <span class='ocrx_word' id='word_1_9' title='bbox 790 244 1045 279; x_wconf 79' lang='lat' dir='ltr'>c1v1TATE</span> <span class='ocrx_word' id='word_1_10' title='bbox 1072 244 1426 278; x_wconf 81' lang='lat' dir='ltr'>CHRISTIANA.</span> 
     </span>
    </p>
   </div>
   <div class='ocr_carea' id='block_1_4' title="bbox 367 355 1753 2902">
    <p class='ocr_par' dir='ltr' id='par_1_4' title="bbox 368 355 1753 1388">
     <span class='ocr_line' id='line_1_6' title="bbox 374 355 1747 418; baseline -0.004 -10"><span class='ocrx_word' id='word_1_11' title='bbox 374 357 859 408; x_wconf 87' lang='lat' dir='ltr'>excommunicationi</span> <span class='ocrx_word' id='word_1_12' title='bbox 905 355 1120 403; x_wconf 89' lang='lat' dir='ltr'>fidelium</span> <span class='ocrx_word' id='word_1_13' title='bbox 1164 355 1326 404; x_wconf 89' lang='lat' dir='ltr'>favere</span> <span class='ocrx_word' id='word_1_14' title='bbox 1370 355 1525 404; x_wconf 90' lang='lat' dir='ltr'>videri</span> <span class='ocrx_word' id='word_1_15' title='bbox 1569 361 1747 418; x_wconf 90' lang='lat' dir='ltr'>potest,</span> 
     </span>
     <span class='ocr_line' id='line_1_7' title="bbox 375 430 1747 500; baseline -0.005 -16"><span class='ocrx_word' id='word_1_16' title='bbox 375 437 457 500; x_wconf 93' lang='lat' dir='ltr'>qui</span> <span class='ocrx_word' id='word_1_17' title='bbox 501 435 870 483; x_wconf 80' lang='lat' dir='ltr'>fundamentum</span> <span class='ocrx_word' id='word_1_18' title='bbox 910 439 1190 489; x_wconf 86' lang='lat' dir='ltr'>tenuerunt,</span> <span class='ocrx_word' id='word_1_19' title='bbox 1227 438 1428 494; x_wconf 88' lang='lat' dir='ltr'>propter</span> <span class='ocrx_word' id='word_1_20' title='bbox 1468 430 1747 494; x_wconf 85' lang='lat' dir='ltr'>opinionem</span> 
     </span>
     <span class='ocr_line' id='line_1_8' title="bbox 374 506 1748 574; baseline -0.005 -15"><span class='ocrx_word' id='word_1_21' title='bbox 374 512 584 574; x_wconf 85' lang='lat' dir='ltr'>aliquam</span> <span class='ocrx_word' id='word_1_22' title='bbox 612 526 778 558; x_wconf 89' lang='lat' dir='ltr'>eorum</span> <span class='ocrx_word' id='word_1_23' title='bbox 803 507 1112 570; x_wconf 83' lang='lat' dir='ltr'>singularem,</span> <span class='ocrx_word' id='word_1_24' title='bbox 1138 507 1345 555; x_wconf 88' lang='lat' dir='ltr'>fortasse</span> <span class='ocrx_word' id='word_1_25' title='bbox 1369 523 1398 554; x_wconf 90' lang='lat' dir='ltr'>a</span> <span class='ocrx_word' id='word_1_26' title='bbox 1419 507 1550 553; x_wconf 89' lang='lat' dir='ltr'>bona</span> <span class='ocrx_word' id='word_1_27' title='bbox 1582 513 1632 552; x_wconf 88' lang='lat' dir='ltr'>et</span> <span class='ocrx_word' id='word_1_28' title='bbox 1666 506 1748 568; x_wconf 87' lang='lat' dir='ltr'>pia</span> 
     </span>
     <span class='ocr_line' id='line_1_9' title="bbox 372 582 1747 648; baseline -0.004 -14"><span class='ocrx_word' id='word_1_29' title='bbox 372 587 642 634; x_wconf 90' lang='lat' dir='ltr'>intentione</span> <span class='ocrx_word' id='word_1_30' title='bbox 664 584 1025 648; x_wconf 84' lang='lat' dir='ltr'>procedentem,</span> <span class='ocrx_word' id='word_1_31' title='bbox 1050 583 1210 630; x_wconf 92' lang='lat' dir='ltr'>nullus</span> <span class='ocrx_word' id='word_1_32' title='bbox 1231 590 1317 630; x_wconf 90' lang='lat' dir='ltr'>est.</span> <span class='ocrx_word' id='word_1_33' title='bbox 1369 582 1559 630; x_wconf 90' lang='lat' dir='ltr'>Monita</span> <span class='ocrx_word' id='word_1_34' title='bbox 1581 590 1747 629; x_wconf 88' lang='lat' dir='ltr'>autem</span> 
     </span>
     <span class='ocr_line' id='line_1_10' title="bbox 371 657 1746 722; baseline -0.004 -12"><span class='ocrx_word' id='word_1_35' title='bbox 371 663 453 710; x_wconf 89' lang='lat' dir='ltr'>illa</span> <span class='ocrx_word' id='word_1_36' title='bbox 487 662 546 709; x_wconf 92' lang='lat' dir='ltr'>de</span> <span class='ocrx_word' id='word_1_37' title='bbox 586 661 721 708; x_wconf 88' lang='lat' dir='ltr'>vanis</span> <span class='ocrx_word' id='word_1_38' title='bbox 756 667 805 707; x_wconf 89' lang='lat' dir='ltr'>et</span> <span class='ocrx_word' id='word_1_39' title='bbox 839 659 1001 706; x_wconf 87' lang='lat' dir='ltr'>stultis</span> <span class='ocrx_word' id='word_1_40' title='bbox 1038 658 1444 722; x_wconf 86' lang='lat' dir='ltr'>disputationibus</span> <span class='ocrx_word' id='word_1_41' title='bbox 1488 657 1746 720; x_wconf 86' lang='lat' dir='ltr'>fugiendis,</span> 
     </span>
     <span class='ocr_line' id='line_1_11' title="bbox 370 733 1747 801; baseline -0.003 -17"><span class='ocrx_word' id='word_1_42' title='bbox 370 737 660 801; x_wconf 88' lang='lat' dir='ltr'>pastoribus,</span> <span class='ocrx_word' id='word_1_43' title='bbox 693 735 857 798; x_wconf 87' lang='lat' dir='ltr'>quales</span> <span class='ocrx_word' id='word_1_44' title='bbox 893 741 1031 782; x_wconf 88' lang='lat' dir='ltr'>erant</span> <span class='ocrx_word' id='word_1_45' title='bbox 1062 734 1347 781; x_wconf 89' lang='lat' dir='ltr'>Timotheus</span> <span class='ocrx_word' id='word_1_46' title='bbox 1383 740 1432 780; x_wconf 89' lang='lat' dir='ltr'>et</span> <span class='ocrx_word' id='word_1_47' title='bbox 1453 733 1607 792; x_wconf 89' lang='lat' dir='ltr'>Titus,</span> <span class='ocrx_word' id='word_1_48' title='bbox 1633 733 1747 781; x_wconf 90' lang='lat' dir='ltr'>solis</span> 
     </span>
     <span class='ocr_line' id='line_1_12' title="bbox 371 810 1749 875; baseline -0.004 -15"><span class='ocrx_word' id='word_1_49' title='bbox 371 813 563 875; x_wconf 87' lang='lat' dir='ltr'>scripta,</span> <span class='ocrx_word' id='word_1_50' title='bbox 589 819 638 859; x_wconf 91' lang='lat' dir='ltr'>et</span> <span class='ocrx_word' id='word_1_51' title='bbox 670 827 727 858; x_wconf 88' lang='lat' dir='ltr'>eo</span> <span class='ocrx_word' id='word_1_52' title='bbox 763 810 963 858; x_wconf 90' lang='lat' dir='ltr'>consilio</span> <span class='ocrx_word' id='word_1_53' title='bbox 993 810 1175 872; x_wconf 84' lang='lat' dir='ltr'>scripta</span> <span class='ocrx_word' id='word_1_54' title='bbox 1205 816 1360 866; x_wconf 90' lang='lat' dir='ltr'>erant,</span> <span class='ocrx_word' id='word_1_55' title='bbox 1383 824 1445 856; x_wconf 89' lang='lat' dir='ltr'>ne</span> <span class='ocrx_word' id='word_1_56' title='bbox 1470 816 1749 856; x_wconf 86' lang='lat' dir='ltr'>controver-</span> 
     </span>
     <span class='ocr_line' id='line_1_13' title="bbox 371 884 1748 949; baseline -0.004 -14"><span class='ocrx_word' id='word_1_57' title='bbox 371 889 462 935; x_wconf 86' lang='lat' dir='ltr'>sias</span> <span class='ocrx_word' id='word_1_58' title='bbox 486 902 667 945; x_wconf 89' lang='lat' dir='ltr'>omnes,</span> <span class='ocrx_word' id='word_1_59' title='bbox 687 887 834 934; x_wconf 90' lang='lat' dir='ltr'>etiam</span> <span class='ocrx_word' id='word_1_60' title='bbox 852 886 988 949; x_wconf 80' lang='lat' dir='ltr'>parvi</span> <span class='ocrx_word' id='word_1_61' title='bbox 1006 885 1256 943; x_wconf 90' lang='lat' dir='ltr'>momenti,</span> <span class='ocrx_word' id='word_1_62' title='bbox 1275 884 1575 942; x_wconf 86' lang='lat' dir='ltr'>definientes,</span> <span class='ocrx_word' id='word_1_63' title='bbox 1595 899 1748 931; x_wconf 89' lang='lat' dir='ltr'>novos</span> 
     </span>
     <span class='ocr_line' id='line_1_14' title="bbox 371 959 1753 1020; baseline -0.004 -8"><span class='ocrx_word' id='word_1_64' title='bbox 371 963 604 1012; x_wconf 88' lang='lat' dir='ltr'>cuderent</span> <span class='ocrx_word' id='word_1_65' title='bbox 643 962 871 1010; x_wconf 86' lang='lat' dir='ltr'>articulos</span> <span class='ocrx_word' id='word_1_66' title='bbox 909 962 1039 1020; x_wconf 88' lang='lat' dir='ltr'>fidei,</span> <span class='ocrx_word' id='word_1_67' title='bbox 1075 976 1197 1008; x_wconf 85' lang='lat' dir='ltr'>neve</span> <span class='ocrx_word' id='word_1_68' title='bbox 1233 959 1555 1008; x_wconf 89' lang='lat' dir='ltr'>conscientias</span> <span class='ocrx_word' id='word_1_69' title='bbox 1596 959 1753 1007; x_wconf 90' lang='lat' dir='ltr'>homi-</span> 
     </span>
     <span class='ocr_line' id='line_1_15' title="bbox 369 1034 1752 1098; baseline -0.004 -12"><span class='ocrx_word' id='word_1_70' title='bbox 369 1055 485 1087; x_wconf 92' lang='lat' dir='ltr'>num</span> <span class='ocrx_word' id='word_1_71' title='bbox 510 1039 612 1086; x_wconf 89' lang='lat' dir='ltr'>sine</span> <span class='ocrx_word' id='word_1_72' title='bbox 635 1037 922 1085; x_wconf 79' lang='lat' dir='ltr'>necessitate</span> <span class='ocrx_word' id='word_1_73' title='bbox 951 1044 1227 1092; x_wconf 88' lang='lat' dir='ltr'>onerarent,</span> <span class='ocrx_word' id='word_1_74' title='bbox 1260 1051 1440 1098; x_wconf 85' lang='lat' dir='ltr'>eosque</span> <span class='ocrx_word' id='word_1_75' title='bbox 1471 1035 1534 1082; x_wconf 90' lang='lat' dir='ltr'>ad</span> <span class='ocrx_word' id='word_1_76' title='bbox 1560 1034 1752 1098; x_wconf 87' lang='lat' dir='ltr'>fugien-</span> 
     </span>
     <span class='ocr_line' id='line_1_16' title="bbox 371 1109 1751 1174; baseline -0.004 -13"><span class='ocrx_word' id='word_1_77' title='bbox 371 1114 481 1162; x_wconf 90' lang='lat' dir='ltr'>dam</span> <span class='ocrx_word' id='word_1_78' title='bbox 505 1113 718 1161; x_wconf 86' lang='lat' dir='ltr'>ecclesiae</span> <span class='ocrx_word' id='word_1_79' title='bbox 744 1112 1135 1160; x_wconf 89' lang='lat' dir='ltr'>communionem</span> <span class='ocrx_word' id='word_1_80' title='bbox 1171 1117 1510 1174; x_wconf 86' lang='lat' dir='ltr'>provocarent.</span> <span class='ocrx_word' id='word_1_81' title='bbox 1583 1109 1751 1157; x_wconf 88' lang='lat' dir='ltr'>Sancti</span> 
     </span>
     <span class='ocr_line' id='line_1_17' title="bbox 370 1185 1750 1248; baseline -0.004 -12"><span class='ocrx_word' id='word_1_82' title='bbox 370 1190 537 1237; x_wconf 88' lang='lat' dir='ltr'>Petrus</span> <span class='ocrx_word' id='word_1_83' title='bbox 562 1195 611 1235; x_wconf 90' lang='lat' dir='ltr'>et</span> <span class='ocrx_word' id='word_1_84' title='bbox 634 1186 824 1246; x_wconf 87' lang='lat' dir='ltr'>Paulus,</span> <span class='ocrx_word' id='word_1_85' title='bbox 850 1187 941 1234; x_wconf 89' lang='lat' dir='ltr'>etsi</span> <span class='ocrx_word' id='word_1_86' title='bbox 983 1186 1108 1248; x_wconf 90' lang='lat' dir='ltr'>(Gal.</span> <span class='ocrx_word' id='word_1_87' title='bbox 1134 1186 1183 1233; x_wconf 91' lang='lat' dir='ltr'>ii.</span> <span class='ocrx_word' id='word_1_88' title='bbox 1216 1185 1295 1247; x_wconf 93' lang='lat'>11)</span> <span class='ocrx_word' id='word_1_89' title='bbox 1324 1201 1502 1248; x_wconf 88' lang='lat' dir='ltr'>magna</span> <span class='ocrx_word' id='word_1_90' title='bbox 1525 1192 1653 1232; x_wconf 90' lang='lat' dir='ltr'>esset</span> <span class='ocrx_word' id='word_1_91' title='bbox 1675 1185 1750 1232; x_wconf 89' lang='lat' dir='ltr'>in—</span> 
     </span>
     <span class='ocr_line' id='line_1_18' title="bbox 368 1260 1749 1322; baseline -0.004 -10"><span class='ocrx_word' id='word_1_92' title='bbox 368 1271 443 1312; x_wconf 87' lang='lat' dir='ltr'>ter</span> <span class='ocrx_word' id='word_1_93' title='bbox 467 1280 548 1312; x_wconf 89' lang='lat' dir='ltr'>eos</span> <span class='ocrx_word' id='word_1_94' title='bbox 571 1262 914 1322; x_wconf 86' lang='lat' dir='ltr'>controversia,</span> <span class='ocrx_word' id='word_1_95' title='bbox 938 1279 1039 1310; x_wconf 89' lang='lat' dir='ltr'>non</span> <span class='ocrx_word' id='word_1_96' title='bbox 1072 1270 1237 1309; x_wconf 87' lang='lat' dir='ltr'>tamen</span> <span class='ocrx_word' id='word_1_97' title='bbox 1277 1261 1400 1308; x_wconf 89' lang='lat' dir='ltr'>alter</span> <span class='ocrx_word' id='word_1_98' title='bbox 1431 1260 1638 1308; x_wconf 87' lang='lat' dir='ltr'>alterum</span> <span class='ocrx_word' id='word_1_99' title='bbox 1666 1276 1749 1308; x_wconf 89' lang='lat' dir='ltr'>ex-</span> 
     </span>
     <span class='ocr_line' id='line_1_19' title="bbox 370 1339 757 1388; baseline -0.005 0"><span class='ocrx_word' id='word_1_100' title='bbox 370 1339 757 1388; x_wconf 88' lang='lat' dir='ltr'>communicavit.</span> 
     </span>
    </p>

    <p class='ocr_par' dir='ltr' id='par_1_5' title="bbox 369 1410 1750 2005">
     <span class='ocr_line' id='line_1_20' title="bbox 437 1410 1750 1478; baseline -0.004 -15"><span class='ocrx_word' id='word_1_101' title='bbox 437 1415 506 1463; x_wconf 85' lang='lat' dir='ltr'>Ut</span> <span class='ocrx_word' id='word_1_102' title='bbox 539 1415 647 1478; x_wconf 88' lang='lat' dir='ltr'>quis</span> <span class='ocrx_word' id='word_1_103' title='bbox 683 1413 1172 1462; x_wconf 88' lang='lat' dir='ltr'>excommunicationi</span> <span class='ocrx_word' id='word_1_104' title='bbox 1208 1412 1446 1460; x_wconf 90' lang='lat' dir='ltr'>obnoxius</span> <span class='ocrx_word' id='word_1_105' title='bbox 1481 1411 1558 1470; x_wconf 88' lang='lat' dir='ltr'>sit,</span> <span class='ocrx_word' id='word_1_106' title='bbox 1593 1410 1750 1458; x_wconf 87' lang='lat' dir='ltr'>multa</span> 
     </span>
     <span class='ocr_line' id='line_1_21' title="bbox 370 1487 1748 1554; baseline -0.003 -16"><span class='ocrx_word' id='word_1_107' title='bbox 370 1491 711 1554; x_wconf 90' lang='lat' dir='ltr'>requiruntur;</span> <span class='ocrx_word' id='word_1_108' title='bbox 746 1490 919 1553; x_wconf 92' lang='lat' dir='ltr'>primo,</span> <span class='ocrx_word' id='word_1_109' title='bbox 952 1497 1009 1538; x_wconf 93' lang='lat' dir='ltr'>ut</span> <span class='ocrx_word' id='word_1_110' title='bbox 1032 1490 1094 1537; x_wconf 86' lang='lat' dir='ltr'>sit</span> <span class='ocrx_word' id='word_1_111' title='bbox 1123 1489 1326 1551; x_wconf 84' lang='lat' dir='ltr'>alicujus</span> <span class='ocrx_word' id='word_1_112' title='bbox 1362 1498 1519 1535; x_wconf 85' lang='lat' dir='ltr'>coetus</span> <span class='ocrx_word' id='word_1_113' title='bbox 1542 1487 1748 1550; x_wconf 86' lang='lat' dir='ltr'>legitimi</span> 
     </span>
     <span class='ocr_line' id='line_1_22' title="bbox 371 1562 1748 1629; baseline -0.003 -16"><span class='ocrx_word' id='word_1_114' title='bbox 371 1567 655 1625; x_wconf 88' lang='lat' dir='ltr'>membrum,</span> <span class='ocrx_word' id='word_1_115' title='bbox 675 1566 876 1629; x_wconf 87' lang='lat' dir='ltr'>alicujus</span> <span class='ocrx_word' id='word_1_116' title='bbox 900 1565 1009 1613; x_wconf 89' lang='lat' dir='ltr'>dico</span> <span class='ocrx_word' id='word_1_117' title='bbox 1034 1565 1250 1613; x_wconf 88' lang='lat' dir='ltr'>ecclesiae</span> <span class='ocrx_word' id='word_1_118' title='bbox 1276 1564 1566 1611; x_wconf 87' lang='lat' dir='ltr'>Christianae</span> <span class='ocrx_word' id='word_1_119' title='bbox 1589 1562 1748 1625; x_wconf 87' lang='lat' dir='ltr'>legiti-</span> 
     </span>
     <span class='ocr_line' id='line_1_23' title="bbox 370 1639 1747 1705; baseline -0.003 -16"><span class='ocrx_word' id='word_1_120' title='bbox 370 1657 462 1689; x_wconf 87' lang='lat' dir='ltr'>mae</span> <span class='ocrx_word' id='word_1_121' title='bbox 480 1648 771 1704; x_wconf 86' lang='lat' dir='ltr'>potestatem</span> <span class='ocrx_word' id='word_1_122' title='bbox 789 1640 1115 1705; x_wconf 88' lang='lat' dir='ltr'>cognoscendi</span> <span class='ocrx_word' id='word_1_123' title='bbox 1133 1656 1327 1688; x_wconf 88' lang='lat' dir='ltr'>causam</span> <span class='ocrx_word' id='word_1_124' title='bbox 1346 1639 1586 1696; x_wconf 84' lang='lat' dir='ltr'>habentiS,</span> <span class='ocrx_word' id='word_1_125' title='bbox 1602 1654 1747 1701; x_wconf 90' lang='lat' dir='ltr'>prop-</span> 
     </span>
     <span class='ocr_line' id='line_1_24' title="bbox 371 1713 1747 1779; baseline -0.002 -16"><span class='ocrx_word' id='word_1_126' title='bbox 371 1724 446 1763; x_wconf 89' lang='lat' dir='ltr'>ter</span> <span class='ocrx_word' id='word_1_127' title='bbox 471 1732 613 1779; x_wconf 84' lang='lat' dir='ltr'>quam</span> <span class='ocrx_word' id='word_1_128' title='bbox 637 1716 1126 1765; x_wconf 82' lang='lat' dir='ltr'>excommunicandus</span> <span class='ocrx_word' id='word_1_129' title='bbox 1151 1715 1324 1779; x_wconf 88' lang='lat' dir='ltr'>aliquis</span> <span class='ocrx_word' id='word_1_130' title='bbox 1349 1716 1426 1762; x_wconf 90' lang='lat' dir='ltr'>sit.</span> <span class='ocrx_word' id='word_1_131' title='bbox 1497 1714 1593 1761; x_wconf 93' lang='lat' dir='ltr'>Ubi</span> <span class='ocrx_word' id='word_1_132' title='bbox 1618 1713 1747 1760; x_wconf 87' lang='lat' dir='ltr'>enim</span> 
     </span>
     <span class='ocr_line' id='line_1_25' title="bbox 371 1793 1749 1855; baseline -0.001 -17"><span class='ocrx_word' id='word_1_133' title='bbox 371 1806 471 1838; x_wconf 94' lang='lat' dir='ltr'>non</span> <span class='ocrx_word' id='word_1_134' title='bbox 495 1799 569 1839; x_wconf 90' lang='lat' dir='ltr'>est</span> <span class='ocrx_word' id='word_1_135' title='bbox 593 1793 928 1852; x_wconf 90' lang='lat' dir='ltr'>communitas,</span> <span class='ocrx_word' id='word_1_136' title='bbox 952 1793 1020 1840; x_wconf 92' lang='lat' dir='ltr'>ibi</span> <span class='ocrx_word' id='word_1_137' title='bbox 1050 1807 1209 1855; x_wconf 88' lang='lat' dir='ltr'>neque</span> <span class='ocrx_word' id='word_1_138' title='bbox 1238 1806 1339 1838; x_wconf 86' lang='lat' dir='ltr'>esse</span> <span class='ocrx_word' id='word_1_139' title='bbox 1367 1797 1530 1854; x_wconf 89' lang='lat' dir='ltr'>potest</span> <span class='ocrx_word' id='word_1_140' title='bbox 1558 1805 1749 1837; x_wconf 87' lang='lat' dir='ltr'>excom-</span> 
     </span>
     <span class='ocr_line' id='line_1_26' title="bbox 369 1866 1748 1932; baseline -0.001 -19"><span class='ocrx_word' id='word_1_141' title='bbox 369 1867 649 1916; x_wconf 88' lang='lat' dir='ltr'>municatio.</span> <span class='ocrx_word' id='word_1_142' title='bbox 704 1869 888 1932; x_wconf 88' lang='lat' dir='ltr'>Neque,</span> <span class='ocrx_word' id='word_1_143' title='bbox 912 1869 996 1916; x_wconf 91' lang='lat' dir='ltr'>ubi</span> <span class='ocrx_word' id='word_1_144' title='bbox 1021 1866 1347 1931; x_wconf 85' lang='lat' dir='ltr'>cognoscendi</span> <span class='ocrx_word' id='word_1_145' title='bbox 1372 1881 1565 1914; x_wconf 86' lang='lat' dir='ltr'>causam</span> <span class='ocrx_word' id='word_1_146' title='bbox 1588 1871 1748 1928; x_wconf 87' lang='lat' dir='ltr'>potes-</span> 
     </span>
     <span class='ocr_line' id='line_1_27' title="bbox 369 1943 1530 2005; baseline 0 -17"><span class='ocrx_word' id='word_1_147' title='bbox 369 1947 442 1989; x_wconf 87' lang='lat' dir='ltr'>tas</span> <span class='ocrx_word' id='word_1_148' title='bbox 466 1958 562 1989; x_wconf 92' lang='lat' dir='ltr'>non</span> <span class='ocrx_word' id='word_1_149' title='bbox 586 1950 676 2002; x_wconf 86' lang='lat' dir='ltr'>est,</span> <span class='ocrx_word' id='word_1_150' title='bbox 700 1943 888 1992; x_wconf 87' lang='lat' dir='ltr'>ferendi</span> <span class='ocrx_word' id='word_1_151' title='bbox 912 1943 1204 1991; x_wconf 87' lang='lat' dir='ltr'>sententiam</span> <span class='ocrx_word' id='word_1_152' title='bbox 1229 1958 1333 1990; x_wconf 88' lang='lat' dir='ltr'>esse</span> <span class='ocrx_word' id='word_1_153' title='bbox 1349 1949 1530 2005; x_wconf 89' lang='lat' dir='ltr'>potest.</span> 
     </span>
    </p>

    <p class='ocr_par' dir='ltr' id='par_1_6' title="bbox 367 2017 1749 2529">
     <span class='ocr_line' id='line_1_28' title="bbox 437 2017 1747 2080; baseline -0.001 -16"><span class='ocrx_word' id='word_1_154' title='bbox 437 2017 662 2080; x_wconf 85' lang='lat' dir='ltr'>Sequitur</span> <span class='ocrx_word' id='word_1_155' title='bbox 684 2019 813 2078; x_wconf 91' lang='lat' dir='ltr'>hinc,</span> <span class='ocrx_word' id='word_1_156' title='bbox 834 2020 1086 2067; x_wconf 87' lang='lat' dir='ltr'>ecclesiam</span> <span class='ocrx_word' id='word_1_157' title='bbox 1104 2035 1251 2066; x_wconf 90' lang='lat' dir='ltr'>unam</span> <span class='ocrx_word' id='word_1_158' title='bbox 1269 2018 1330 2066; x_wconf 90' lang='lat' dir='ltr'>ab</span> <span class='ocrx_word' id='word_1_159' title='bbox 1352 2018 1446 2066; x_wconf 87' lang='lat' dir='ltr'>alia</span> <span class='ocrx_word' id='word_1_160' title='bbox 1469 2032 1747 2064; x_wconf 83' lang='lat' dir='ltr'>excommu-</span> 
     </span>
     <span class='ocr_line' id='line_1_29' title="bbox 368 2094 1749 2162; baseline 0.001 -21"><span class='ocrx_word' id='word_1_161' title='bbox 368 2094 520 2142; x_wconf 88' lang='lat' dir='ltr'>nicari</span> <span class='ocrx_word' id='word_1_162' title='bbox 543 2112 641 2144; x_wconf 91' lang='lat' dir='ltr'>non</span> <span class='ocrx_word' id='word_1_163' title='bbox 662 2114 819 2161; x_wconf 86' lang='lat' dir='ltr'>posse.</span> <span class='ocrx_word' id='word_1_164' title='bbox 858 2098 1106 2162; x_wconf 88' lang='lat' dir='ltr'>Siquidem</span> <span class='ocrx_word' id='word_1_165' title='bbox 1139 2097 1268 2145; x_wconf 90' lang='lat' dir='ltr'>enim</span> <span class='ocrx_word' id='word_1_166' title='bbox 1293 2094 1749 2154; x_wconf 83' lang='lat' dir='ltr'>excommunicandi</span> 
     </span>
     <span class='ocr_line' id='line_1_30' title="bbox 369 2170 1747 2236; baseline 0.001 -20"><span class='ocrx_word' id='word_1_167' title='bbox 369 2185 419 2217; x_wconf 84' lang='lat' dir='ltr'>se</span> <span class='ocrx_word' id='word_1_168' title='bbox 441 2178 611 2220; x_wconf 88' lang='lat' dir='ltr'>mutuo</span> <span class='ocrx_word' id='word_1_169' title='bbox 635 2180 927 2236; x_wconf 87' lang='lat' dir='ltr'>potestatem</span> <span class='ocrx_word' id='word_1_170' title='bbox 951 2173 1186 2236; x_wconf 87' lang='lat' dir='ltr'>aequalem</span> <span class='ocrx_word' id='word_1_171' title='bbox 1217 2172 1445 2230; x_wconf 88' lang='lat' dir='ltr'>habeant,</span> <span class='ocrx_word' id='word_1_172' title='bbox 1470 2187 1571 2218; x_wconf 91' lang='lat' dir='ltr'>non</span> <span class='ocrx_word' id='word_1_173' title='bbox 1604 2170 1747 2218; x_wconf 89' lang='lat' dir='ltr'>disci-</span> 
     </span>
     <span class='ocr_line' id='line_1_31' title="bbox 367 2245 1747 2308; baseline 0.001 -16"><span class='ocrx_word' id='word_1_174' title='bbox 367 2245 499 2308; x_wconf 89' lang='lat' dir='ltr'>plina</span> <span class='ocrx_word' id='word_1_175' title='bbox 522 2249 956 2297; x_wconf 85' lang='lat' dir='ltr'>excommunicatio</span> <span class='ocrx_word' id='word_1_176' title='bbox 981 2256 1069 2307; x_wconf 87' lang='lat' dir='ltr'>est,</span> <span class='ocrx_word' id='word_1_177' title='bbox 1095 2248 1181 2296; x_wconf 90' lang='lat' dir='ltr'>sed</span> <span class='ocrx_word' id='word_1_178' title='bbox 1200 2248 1423 2296; x_wconf 90' lang='lat' dir='ltr'>schisma.</span> <span class='ocrx_word' id='word_1_179' title='bbox 1484 2247 1570 2294; x_wconf 91' lang='lat' dir='ltr'>Sin</span> <span class='ocrx_word' id='word_1_180' title='bbox 1593 2246 1747 2294; x_wconf 82' lang='lat' dir='ltr'>eccle—</span> 
     </span>
     <span class='ocr_line' id='line_1_32' title="bbox 369 2320 1749 2382; baseline 0.001 -15"><span class='ocrx_word' id='word_1_181' title='bbox 369 2320 438 2368; x_wconf 89' lang='lat' dir='ltr'>sia</span> <span class='ocrx_word' id='word_1_182' title='bbox 471 2338 569 2370; x_wconf 89' lang='lat' dir='ltr'>una</span> <span class='ocrx_word' id='word_1_183' title='bbox 602 2323 742 2371; x_wconf 87' lang='lat' dir='ltr'>alteri</span> <span class='ocrx_word' id='word_1_184' title='bbox 777 2324 1094 2372; x_wconf 88' lang='lat' dir='ltr'>subordinata</span> <span class='ocrx_word' id='word_1_185' title='bbox 1127 2323 1204 2382; x_wconf 89' lang='lat' dir='ltr'>sit,</span> <span class='ocrx_word' id='word_1_186' title='bbox 1239 2323 1385 2371; x_wconf 90' lang='lat' dir='ltr'>unica</span> <span class='ocrx_word' id='word_1_187' title='bbox 1412 2329 1606 2370; x_wconf 84' lang='lat' dir='ltr'>tantum</span> <span class='ocrx_word' id='word_1_188' title='bbox 1634 2328 1749 2370; x_wconf 89' lang='lat' dir='ltr'>sunt</span> 
     </span>
     <span class='ocr_line' id='line_1_33' title="bbox 369 2395 1747 2462; baseline 0.001 -20"><span class='ocrx_word' id='word_1_189' title='bbox 369 2395 598 2453; x_wconf 89' lang='lat' dir='ltr'>ecclesia;</span> <span class='ocrx_word' id='word_1_190' title='bbox 635 2406 684 2445; x_wconf 88' lang='lat' dir='ltr'>et</span> <span class='ocrx_word' id='word_1_191' title='bbox 708 2398 792 2462; x_wconf 90' lang='lat' dir='ltr'>qui</span> <span class='ocrx_word' id='word_1_192' title='bbox 815 2399 1312 2458; x_wconf 86' lang='lat' dir='ltr'>excommunicantur,</span> <span class='ocrx_word' id='word_1_193' title='bbox 1327 2397 1548 2446; x_wconf 87' lang='lat' dir='ltr'>homines</span> <span class='ocrx_word' id='word_1_194' title='bbox 1570 2395 1747 2460; x_wconf 86' lang='lat' dir='ltr'>privati</span> 
     </span>
     <span class='ocr_line' id='line_1_34' title="bbox 370 2472 970 2529; baseline 0.008 -13"><span class='ocrx_word' id='word_1_195' title='bbox 370 2478 498 2529; x_wconf 88' lang='lat' dir='ltr'>sunt,</span> <span class='ocrx_word' id='word_1_196' title='bbox 524 2472 606 2519; x_wconf 89' lang='lat' dir='ltr'>sed</span> <span class='ocrx_word' id='word_1_197' title='bbox 632 2489 727 2521; x_wconf 88' lang='lat' dir='ltr'>non</span> <span class='ocrx_word' id='word_1_198' title='bbox 754 2474 970 2521; x_wconf 89' lang='lat' dir='ltr'>ecclesia.</span> 
     </span>
    </p>

    <p class='ocr_par' dir='ltr' id='par_1_7' title="bbox 369 2546 1749 2902">
     <span class='ocr_line' id='line_1_35' title="bbox 437 2546 1749 2597; baseline 0.001 -3"><span class='ocrx_word' id='word_1_199' title='bbox 437 2546 680 2595; x_wconf 75' lang='lat' dir='ltr'>Quoniam</span> <span class='ocrx_word' id='word_1_200' title='bbox 726 2556 888 2596; x_wconf 88' lang='lat' dir='ltr'>autem</span> <span class='ocrx_word' id='word_1_201' title='bbox 943 2549 1457 2597; x_wconf 86' lang='lat' dir='ltr'>excommunicationis</span> <span class='ocrx_word' id='word_1_202' title='bbox 1503 2547 1749 2597; x_wconf 84' lang='lat' dir='ltr'>sententia</span> 
     </span>
     <span class='ocr_line' id='line_1_36' title="bbox 370 2619 1748 2686; baseline 0.003 -20"><span class='ocrx_word' id='word_1_203' title='bbox 370 2619 750 2670; x_wconf 87' lang='lat' dir='ltr'>admonitionem</span> <span class='ocrx_word' id='word_1_204' title='bbox 774 2623 993 2670; x_wconf 90' lang='lat' dir='ltr'>continet</span> <span class='ocrx_word' id='word_1_205' title='bbox 1033 2640 1348 2686; x_wconf 89' lang='lat' dir='ltr'>congressum</span> <span class='ocrx_word' id='word_1_206' title='bbox 1383 2632 1432 2672; x_wconf 87' lang='lat' dir='ltr'>et</span> <span class='ocrx_word' id='word_1_207' title='bbox 1468 2623 1748 2672; x_wconf 89' lang='lat' dir='ltr'>convictum</span> 
     </span>
     <span class='ocr_line' id='line_1_37' title="bbox 370 2698 1748 2763; baseline 0.003 -22"><span class='ocrx_word' id='word_1_208' title='bbox 370 2710 479 2742; x_wconf 88' lang='lat' dir='ltr'>cum</span> <span class='ocrx_word' id='word_1_209' title='bbox 516 2698 937 2746; x_wconf 87' lang='lat' dir='ltr'>excommunicato</span> <span class='ocrx_word' id='word_1_210' title='bbox 960 2698 1207 2761; x_wconf 87' lang='lat' dir='ltr'>fugiendi;</span> <span class='ocrx_word' id='word_1_211' title='bbox 1245 2699 1286 2746; x_wconf 90' lang='lat' dir='ltr'>si</span> <span class='ocrx_word' id='word_1_212' title='bbox 1319 2700 1376 2757; x_wconf 91' lang='lat' dir='ltr'>is,</span> <span class='ocrx_word' id='word_1_213' title='bbox 1402 2699 1486 2763; x_wconf 92' lang='lat' dir='ltr'>qui</span> <span class='ocrx_word' id='word_1_214' title='bbox 1509 2713 1748 2747; x_wconf 86' lang='lat' dir='ltr'>summam</span> 
     </span>
     <span class='ocr_line' id='line_1_38' title="bbox 369 2769 1748 2836; baseline 0.003 -20"><span class='ocrx_word' id='word_1_215' title='bbox 369 2769 516 2818; x_wconf 85' lang='lat' dir='ltr'>habet</span> <span class='ocrx_word' id='word_1_216' title='bbox 539 2771 588 2818; x_wconf 89' lang='lat' dir='ltr'>in</span> <span class='ocrx_word' id='word_1_217' title='bbox 612 2772 809 2820; x_wconf 87' lang='lat' dir='ltr'>civitate</span> <span class='ocrx_word' id='word_1_218' title='bbox 842 2780 1151 2836; x_wconf 85' lang='lat' dir='ltr'>potestatem,</span> <span class='ocrx_word' id='word_1_219' title='bbox 1173 2775 1619 2822; x_wconf 84' lang='lat' dir='ltr'>excommunicatus</span> <span class='ocrx_word' id='word_1_220' title='bbox 1642 2772 1748 2820; x_wconf 86' lang='lat' dir='ltr'>fue-</span> 
     </span>
     <span class='ocr_line' id='line_1_39' title="bbox 369 2844 1748 2902; baseline 0.004 -11"><span class='ocrx_word' id='word_1_221' title='bbox 369 2844 448 2902; x_wconf 87' lang='lat' dir='ltr'>rit,</span> <span class='ocrx_word' id='word_1_222' title='bbox 469 2847 710 2894; x_wconf 82' lang='lat' dir='ltr'>sententia</span> <span class='ocrx_word' id='word_1_223' title='bbox 732 2847 944 2895; x_wconf 87' lang='lat' dir='ltr'>invalida</span> <span class='ocrx_word' id='word_1_224' title='bbox 968 2854 1055 2895; x_wconf 87' lang='lat' dir='ltr'>est.</span> <span class='ocrx_word' id='word_1_225' title='bbox 1111 2848 1251 2897; x_wconf 89' lang='lat' dir='ltr'>Cives</span> <span class='ocrx_word' id='word_1_226' title='bbox 1272 2850 1401 2897; x_wconf 91' lang='lat' dir='ltr'>enim</span> <span class='ocrx_word' id='word_1_227' title='bbox 1425 2849 1595 2898; x_wconf 84' lang='lat' dir='ltr'>adesse</span> <span class='ocrx_word' id='word_1_228' title='bbox 1618 2863 1748 2897; x_wconf 86' lang='lat' dir='ltr'>sum-</span> 
     </span>
    </p>
   </div>
  </div>
 </body>
</html>
