1968 3236
100 329 203 362 CAP.
221 329 320 362 xxi.

115 385 303 403 bqr—A

115 423 162 451 De
174 423 307 453 libertate

117 475 234 495 mvmm.

367 186 460 229 168
876 198 947 231 DE
976 199 1250 233 eivl'rA‘rE.

431 309 482 357 Si
521 309 787 356 monarcha
824 309 899 355 vel
946 325 1183 357 summam
1230 311 1414 359 habens
1451 320 1748 375 potestatem

365 392 522 432 coetus
547 385 631 432 uni
659 385 734 431 vel
772 384 989 446 pluribus
1026 385 1213 434 civibus
1237 387 1559 450 privilegium,
1585 388 1635 436 id
1659 398 1747 447 est,

359 462 439 523 jus
486 461 588 508 sive
616 460 891 507 libertatem
932 460 1173 523 privatam
1211 462 1464 521 concedat,
1500 480 1596 527 qua
1631 481 1748 512 con-

362 552 499 583 cessa
521 536 727 583 salutem
743 535 909 599 populi
933 552 1197 598 procurare
1221 553 1321 585 non
1344 547 1523 601 potest,
1550 556 1750 588 conces-

362 613 432 658 sio
448 611 531 658 illa
548 611 761 658 invalida
779 618 867 669 est,
887 611 982 658 nisi
998 612 1140 659 simul
1160 614 1341 676 apertis
1364 615 1523 662 verbis
1547 631 1749 664 summae

361 687 594 750 potestati
618 687 891 746 renunciet,
929 688 1006 735 vel
1031 688 1081 735 in
1106 688 1313 736 alterum
1338 705 1445 737 eam
1468 691 1746 739 transferat.

360 764 431 810 Eo
453 763 582 810 enim
602 762 735 825 quod
759 763 936 825 potuit,
957 763 997 811 si
1021 764 1267 823 voluisset,
1292 781 1493 814 summae
1516 768 1747 830 potestati

361 839 522 886 verbis
559 838 830 901 perspicuis
871 840 1201 897 renunciasse,
1243 842 1320 888 vel
1361 857 1467 889 eam
1504 842 1555 890 in
1598 842 1747 890 alium

361 914 685 972 transtulisse,
734 930 825 961 nec
871 913 1005 973 fecit,
1054 914 1427 978 intelligendum
1474 925 1550 965 est
1589 934 1748 981 neque

360 990 650 1038 renunciare.
690 1006 850 1052 neque
883 990 1147 1038 transferre
1187 992 1398 1040 voluisse
1419 1014 1430 1047 ;
1469 1001 1518 1040 et
1542 994 1748 1057 proinde

361 1065 724 1113 concessionem
748 1065 881 1113 illam
918 1067 979 1113 ab
1017 1066 1295 1130 ignorantia
1334 1069 1604 1131 profectam
1644 1086 1748 1118 esse

359 1141 698 1206 repugnantiae
722 1142 852 1190 inter
871 1159 1155 1190 concessum
1179 1144 1486 1207 privilegium
1511 1153 1560 1193 et
1583 1153 1748 1209 potes-

360 1227 513 1266 tatem
548 1234 802 1266 summam.
874 1218 1136 1267 Retinetur
1159 1235 1276 1282 ergo
1300 1228 1517 1283 potestas
1543 1237 1747 1278 summa,

361 1302 410 1342 et
450 1310 538 1358 per
578 1310 881 1358 consequens
917 1296 1031 1358 jura
1062 1295 1228 1342 omnia
1250 1296 1526 1344 retinentur
1551 1313 1661 1360 quae
1684 1296 1749 1344 ad

362 1369 647 1417 exercitium
673 1371 777 1433 ejus
801 1378 916 1417 sunt
934 1371 1208 1418 necessaria
1225 1392 1235 1425 ;
1275 1372 1437 1434 qualia
1455 1380 1569 1420 sunt
1583 1379 1747 1436 potes-

361 1453 436 1492 tas
473 1445 587 1492 belli
636 1453 686 1493 et
725 1446 875 1508 pacis,
917 1445 1230 1508 judiciorum,
1275 1447 1650 1510 magistratuum
1697 1456 1747 1496 et

359 1522 693 1569 ministrorum
718 1522 1020 1580 constitutio,
1058 1530 1106 1569 et
1131 1530 1307 1570 caetera
1337 1539 1446 1586 quae
1477 1524 1637 1586 capite
1662 1523 1747 1571 de-

362 1598 487 1645 cimo
509 1606 680 1645 octavo
706 1603 1069 1644 enumerantur.

428 1673 691 1736 Obligatio,
712 1689 858 1735 quam
874 1673 1002 1720 cives
1026 1673 1208 1720 habent
1233 1689 1349 1736 erga
1367 1690 1478 1721 eum
1504 1674 1586 1736 qui
1617 1690 1748 1722 sum-

361 1766 491 1797 mam
508 1750 657 1797 habet
679 1757 990 1812 potestatem,
1015 1756 1115 1796 tam
1141 1748 1223 1796 diu
1245 1765 1334 1796 nec
1353 1749 1534 1797 diutius
1557 1766 1747 1812 perma-

361 1841 477 1873 nere
502 1824 809 1887 intelligitur,
830 1840 975 1887 quam
1000 1832 1164 1871 manet
1187 1825 1410 1887 potentia
1433 1825 1563 1873 cives
1586 1834 1749 1888 prote-

360 1901 524 1967 gendi.
594 1901 622 1948 J
627 1917 683 1947 us
709 1900 836 1947 enim
862 1900 1116 1948 hominum
1141 1901 1323 1963 seipsos
1347 1901 1637 1964 protegendi
1660 1917 1748 1949 na-

361 1978 535 2036 turale,
558 1976 755 2040 quando
780 1992 810 2023 a
831 1976 1027 2023 nemine
1046 1976 1142 2023 alio
1158 1977 1350 2039 protegi
1374 1984 1594 2040 possunt,
1613 1977 1746 2025 nullo

360 2061 506 2117 pacto
523 2052 741 2115 extingui
764 2059 940 2115 potest.
1014 2052 1060 2098 Is
1079 2052 1224 2108 enim,
1246 2051 1327 2114 qui
1346 2068 1583 2100 summam
1598 2052 1748 2100 habet

360 2135 673 2192 potestatem,
698 2128 911 2175 civitatis
940 2128 1102 2175 anima
1137 2134 1224 2185 est,
1251 2144 1358 2190 quae
1383 2129 1525 2176 simul
1549 2136 1696 2192 atque
1719 2145 1750 2177 a

362 2221 566 2268 corpore
585 2211 809 2268 separata
823 2212 911 2261 est,
930 2203 1147 2251 membra
1161 2212 1349 2251 motum
1364 2205 1426 2252 ab
1442 2205 1524 2252 illa
1542 2205 1749 2269 amplius

362 2297 462 2328 non
508 2280 769 2343 accipiunt.
853 2278 1158 2327 Obedientiae
1203 2279 1315 2327 finis
1356 2290 1432 2327 est
1478 2281 1748 2343 protectio;

364 2372 511 2419 quam
534 2355 812 2418 ubicunque
831 2354 937 2418 quis
957 2354 1148 2412 viderit,
1168 2355 1266 2402 sive
1291 2355 1340 2402 in
1366 2371 1417 2403 se
1441 2356 1611 2405 sivein
1636 2356 1748 2413 alio,

364 2432 427 2480 ad
467 2431 598 2480 illam
647 2430 975 2479 obedientiam
1022 2431 1125 2493 ejus
1163 2437 1212 2477 et
1244 2440 1475 2479 conatum
1515 2432 1579 2480 ad
1616 2432 1750 2480 illam

364 2506 747 2556 conservandam
771 2505 985 2570 applicat
1008 2514 1199 2553 natura.
1272 2506 1566 2570 Quanquam
1584 2516 1750 2556 autem

363 2591 578 2647 potestas
601 2598 789 2631 summa
813 2598 870 2630 ex
890 2581 1159 2629 intentione
1175 2581 1535 2631 instituentium
1551 2584 1750 2632 immor-

366 2660 476 2708 talis
495 2661 574 2718 sit,
591 2675 679 2708 sua
696 2668 860 2707 tamen
875 2665 1051 2704 natura
1066 2673 1163 2704 non
1183 2657 1338 2705 solum
1354 2659 1499 2707 morti
1522 2659 1751 2708 violentae

366 2753 395 2783 a
440 2735 567 2783 bello
615 2742 818 2783 externo
859 2733 1078 2796 subjecta
1121 2740 1211 2790 est,
1237 2733 1322 2780 sed
1363 2734 1506 2782 etiam
1550 2742 1752 2798 propter

369 2812 696 2874 ignorantiam
720 2817 769 2859 et
793 2809 1042 2874 passiones
1066 2808 1316 2856 hominum
1342 2809 1488 2857 habet
1514 2810 1562 2857 in
1593 2825 1659 2869 se,
1689 2810 1753 2858 ab
