1968 3236
141 432 244 464 CAP.
261 432 407 464 XXXV.

182 487 371 506 s-q-—ae

142 523 188 552 De
201 522 409 559 significatione

142 567 174 595 in
194 566 350 602 Scripturis
364 566 410 593 Sa»

142 610 200 638 cris
226 608 377 637 vocabulo-

144 661 210 681 rum
219 661 339 689 regnum
348 652 411 685 Dei,

140 699 412 727 sanctum‚sacrum,

145 743 174 768 et
191 742 409 767 sacramentum.

425 288 517 330 294
743 296 813 328 DE
842 293 1096 328 CIVITATE
1125 292 1480 326 cnms‘rlANA.

425 413 624 470 paratur
638 414 687 453 et
705 412 1016 452 consecratur
1036 403 1097 450 ad
1115 419 1256 450 usum
1272 403 1488 451 divinum
1512 404 1803 467 specialiter.

426 481 649 545 Regnum
672 480 772 526 Dei
804 487 852 526 et
876 479 1055 526 civitas
1081 478 1182 525 Dei
1206 478 1334 525 idem
1370 479 1645 542 significant
1666 501 1678 536 ;
1713 496 1805 528 nec

428 557 570 605 modo
604 557 735 618 leges
761 554 1106 602 ceremoniales
1142 561 1190 601 et
1214 554 1397 601 cultum
1421 555 1638 602 divinum
1674 555 1807 619 apud

428 633 644 680 Iraelitas
667 630 911 678 ordinavit
930 630 1078 688 DeUS,
1096 629 1181 676 sed
1196 630 1343 677 etiam
1359 630 1489 693 leges
1508 631 1686 690 civiles,
1703 632 1806 695 qui-

427 710 515 756 bus
539 709 718 755 scirent
735 707 970 754 Israelitae
991 706 1151 753 officia
1177 721 1264 753 sua
1283 722 1399 769 erga
1421 722 1471 754 se
1499 707 1721 756 invicem.

492 785 692 840 Rursus,
722 783 769 842 (1
799 783 927 830 Sam.
952 782 1035 828 xii.
1066 782 1146 843 12)
1186 781 1449 844 alloquitur
1485 782 1681 830 Samuel
1715 799 1803 846 po-

424 860 607 923 pulum,
628 859 819 906 dicens:
867 857 911 904 V
907 858 1099 905 identes
1124 857 1259 921 quod
1279 857 1442 915 Nau-9,
1466 873 1559 905 rem
1575 858 1833 920 filiorum.

426 936 645 992 Ammon,
671 934 883 981 venisset
907 933 1167 981 adversum
1190 949 1289 991 vos,
1316 933 1520 981 dixistis
1543 933 1662 981 mihi
1681 952 1697 981 .·
1723 951 1799 981 ne-

425 1027 688 1074 quaquam,
713 1009 808 1057 sed
828 1025 920 1056 rex
952 1009 1220 1073 imperabit
1249 1008 1420 1063 nobum
1447 1026 1552 1056 eum
1570 1009 1808 1058 Dominus

424 1084 562 1131 Deus
603 1091 765 1132 vester
805 1090 1050 1148 regnaret
1091 1083 1140 1130 in
1180 1083 1331 1130 vobis.
1426 1084 1569 1132 Unde
1611 1092 1810 1132 constat

426 1175 593 1207 eorum
618 1175 783 1219 regem
807 1159 1004 1222 proprie
1029 1158 1213 1205 dictum
1241 1158 1389 1206 fuisse
1413 1159 1586 1207 Deum.

491 1235 565 1283 De
583 1236 691 1283 loco
708 1235 845 1298 regni
861 1235 953 1282 Dei
967 1234 1183 1297 loquitur
1200 1235 1348 1282 Isaias
1369 1235 1517 1295 (xxiv.
1538 1236 1623 1296 23)
1646 1235 1810 1283 :Eru-

427 1311 590 1359 beseet
625 1311 756 1369 luna,
791 1318 841 1358 et
877 1310 1206 1374 eorffuncletur
1242 1310 1333 1369 sol,
1373 1328 1478 1358 eum
1516 1310 1811 1376 regnaverit

426 1387 664 1434 Dominus
689 1387 992 1434 exercituum
1027 1386 1077 1433 in
1112 1386 1288 1433 Monte
1311 1386 1432 1433 Sion
1457 1393 1507 1434 et
1530 1387 1580 1434 in
1604 1385 1812 1434 Jerusa-

427 1462 534 1522 lem,
550 1463 600 1510 id
624 1470 711 1521 est,
729 1478 872 1525 super
895 1469 1092 1509 terram.
1162 1462 1225 1509 Et
1241 1462 1490 1510 Michaeas
1519 1463 1603 1522 (iv.
1624 1463 1677 1524 7)
1699 1480 1710 1509 z
1735 1461 1812 1509 Et

427 1538 662 1585 Dominus
683 1538 919 1603 regnabit
938 1554 1089 1602 super
1108 1537 1223 1585 illos
1241 1537 1291 1585 in
1314 1538 1375 1584 M
1373 1545 1486 1585 onte
1496 1538 1631 1596 Sion,
1651 1538 1702 1585 id
1720 1545 1811 1595 est,

427 1613 478 1660 in
503 1621 647 1660 terra.
716 1614 779 1660 Et
814 1613 1040 1661 Ezechiel
1075 1613 1173 1673 (xx.
1201 1615 1316 1673 33:)
1378 1613 1492 1660 Vivo
1535 1629 1646 1678 eg0‚
1686 1612 1812 1660 dicit

429 1687 667 1735 Dominus
691 1688 846 1747 Deus,
872 1688 1006 1753 quod
1026 1688 1076 1736 in
1111 1687 1431 1752 manuforti,
1456 1695 1505 1736 et
1530 1688 1580 1736 in
1606 1687 1812 1736 brachio

430 1770 643 1821 extento,
676 1771 724 1810 et
757 1765 804 1810 in
827 1767 1019 1826 surore
1048 1764 1221 1826 effusa,
1250 1763 1475 1828 regnabo
1509 1780 1662 1828 super
1691 1781 1810 1811 ros:

431 1848 481 1886 et
509 1841 650 1898 (vers.
678 1843 795 1901 37):
832 1840 1101 1902 Subjiciam
1140 1857 1225 1887 vos
1262 1847 1464 1904 seeptro
1506 1856 1624 1898 meo,
1661 1845 1712 1887 et
1737 1839 1812 1886 in-

432 1915 605 1962 ducam
646 1933 730 1962 voa·
773 1916 822 1962 in
868 1915 1077 1963 vinc-ulis
1114 1914 1354 1978 scederis,
1400 1915 1451 1963 id
1498 1922 1586 1973 est,
1634 1913 1811 1963 faciam

431 1999 487 2038 ut
510 1991 646 2038 stetis
670 1998 812 2053 pacto
838 1992 968 2053 quod
991 1990 1255 2054 pepegistis
1279 2007 1470 2038 mecum
1491 2006 1580 2054 per
1603 1990 1810 2038 Mosem.

496 2066 656 2113 Etiam
680 2066 730 2112 in
753 2066 1065 2114 Testamento
1090 2066 1232 2114 Novo
1254 2066 1313 2114 de
1340 2067 1597 2114 Servatore
1634 2074 1806 2127 nostro

432 2141 549 2189 dicit
568 2141 767 2204 angelus
789 2141 987 2189 Gabriel
1006 2143 1144 2203 (Luc.
1161 2143 1190 2190 i.
1203 2149 1286 2201 32,
1303 2145 1387 2203 33)
1412 2161 1423 2189 2
1443 2142 1567 2190 Erit
1582 2158 1811 2206 magnus,

431 2216 638 2277 etfilius
662 2215 898 2263 altissimi
922 2217 1195 2276 vocabitur,
1220 2224 1270 2265 et
1293 2218 1436 2265 flabit
1465 2217 1546 2264 illi
1570 2217 1812 2266 Domi-nus

432 2292 571 2339 Deus
588 2292 751 2339 sedem
773 2292 945 2339 David
954 2294 1125 2356 patris
1144 2295 1266 2356 ejus,
1277 2301 1326 2341 et
1346 2292 1584 2358 regnabit
1604 2292 1654 2340 in
1670 2292 1811 2340 domo

430 2367 590 2416 Jacob
631 2367 681 2413 in
725 2373 969 2415 (eternum.
1062 2368 1304 2431 Regnavit
1350 2376 1514 2416 autem
1555 2367 1715 2416 David
1758 2367 1810 2416 in

431 2453 576 2491 terra.
630 2441 785 2499 Adde,
813 2442 944 2505 quod
968 2459 1024 2490 eo
1043 2444 1241 2491 nomine
1259 2444 1322 2492 ad
1345 2452 1553 2492 mortem
1577 2443 1811 2491 condem—

430 2527 573 2566 natus
591 2518 670 2575 sit,
696 2517 825 2580 quod
842 2533 1044 2580 regnum
1064 2518 1090 2565 J
1095 2519 1347 2567 udaeorum
1366 2519 1687 2583 postulaverit
1701 2518 1809 2575 sibi,

433 2602 482 2641 et
504 2599 560 2641 ut
582 2593 806 2640 inimicus
823 2593 1056 2647 Caesaris;
1094 2594 1224 2656 quod
1243 2595 1441 2643 titulum
1460 2595 1511 2642 in
1537 2610 1682 2643 cruce
1705 2594 1811 2658 ejus

432 2669 677 2731 scripserit
692 2668 889 2726 Pilatus,
899 2667 1047 2714 dea-us
1059 2668 1357 2718 Nazarenus
1371 2670 1481 2718 Rex
1489 2669 1775 2718 Judaeorum
1790 2688 1810 2725 ‚·

432 2744 562 2807 quod
585 2759 767 2792 corona
789 2759 849 2790 ex
867 2743 1019 2806 spinis
1039 2759 1124 2806 per
1147 2744 1410 2794 ludibrium
1429 2754 1692 2794 coronatus
1715 2744 1809 2800 sit;

433 2818 659 2882 quodque
698 2818 920 2882 discipuli
957 2819 1062 2881 ejus
1104 2819 1235 2878 (Act.
1261 2821 1375 2868 xvii.
1401 2827 1449 2878 6,
1474 2824 1522 2883 7)
1545 2820 1596 2868 in
1624 2818 1811 2868 crimen

432 2894 590 2942 vocati
615 2894 712 2942 sint
736 2910 765 2941 a
786 2892 968 2956 populo
995 2892 1262 2942 clamante:
1289 2895 1383 2954 Hi,
1402 2896 1488 2960 qui
1514 2895 1678 2944 orbem
1695 2911 1810 2944 con-
