1968 3236
571 230 641 263 nn
669 229 925 264 mvn-Am
953 230 1307 264 cnms'rmNA.
1485 265 1490 269 ,
1531 219 1627 271 373

248 358 329 391 mo
364 341 638 405 imperanti,
674 342 865 404 quoties
900 342 1114 405 jusserit,
1149 342 1258 406 lege
1291 347 1479 389 naturae
1504 341 1626 389 obli·
1657 364 1759 397 off,
1776 363 1890 397 xm,

246 424 455 482 gantur3
492 433 650 480 neque
675 417 809 465 illum
828 434 857 464 a
878 418 985 465 loco
1006 432 1296 480 quocunque
1315 415 1517 464 dominii
1535 416 1624 475 sui,
1676 418 1874 503 mu

247 493 348 542 sive
382 492 636 556 prophano
672 493 771 540 sive
807 509 960 549 sacro,
983 493 1240 556 prohibere
1259 493 1368 556 jure
1390 498 1623 556 possunt;
1676 508 1877 537 mele-iwa-

246 584 405 631 neque
430 568 560 616 exire
585 585 642 616 ex
668 570 771 631 ejus
796 569 1011 617 dominio
1036 569 1213 616 civium
1234 567 1507 632 quisquam,
1531 567 1627 615 nisi

246 644 330 692 illo
352 645 682 708 permittente,
703 644 876 693 debet:
901 645 1055 692 multo
1079 644 1238 692 minus
1259 659 1371 692 cum
1391 643 1490 703 illo,
1509 643 1550 691 si
1564 642 1629 691 ad

246 727 439 768 tantum
463 720 700 767 honorem
735 728 1016 778 evocentur,
1052 720 1215 767 cibum
1238 735 1336 767 una
1359 733 1532 782 capere
1550 733 1628 766 re-

247 811 432 844 cusare.
503 795 844 850 Qu0d1autem
872 796 935 844 ad
959 812 1112 859 regeS,
1137 795 1353 859 aliosque
1386 810 1625 842 summam

246 871 481 919 habentes
498 879 807 934 potestatem,
822 871 1020 925 attinet;
1047 887 1159 918 cum
1172 886 1273 918 non
1288 870 1390 917 sint
1406 868 1628 932 ejusdem

248 946 483 1004 ecclesiae,
507 963 598 994 nec
613 946 829 1009 ejusdem
846 946 1059 994 civitatis
1076 954 1257 1009 partes,
1282 961 1382 993 non
1405 960 1526 1008 opus
1552 953 1627 992 est

246 1023 491 1070 sententia
513 1022 1043 1080 excommunicationis,
1061 1029 1115 1069 ut
1140 1021 1263 1069 alter
1286 1021 1486 1069 alterius
1511 1036 1628 1068 con-

246 1113 466 1162 gressum
491 1097 626 1145 vitet.
699 1099 809 1162 Ipsa
841 1098 971 1146 enim
990 1097 1199 1179 civitatis
1219 1096 1478 1155 institutio,
1503 1095 1630 1143 sicut

246 1172 469 1220 homines
504 1173 716 1236 privatos
757 1174 807 1221 in
843 1189 942 1220 una
974 1172 1320 1220 communitate
1355 1171 1627 1235 conjungit,

247 1247 318 1296 ita
340 1249 712 1297 communitates
736 1249 864 1312 ipsas
888 1249 1090 1296 alteram
1113 1249 1175 1296 ab
1199 1248 1353 1296 altera
1377 1247 1627 1311 disjungit.

250 1323 422 1386 Neque
459 1323 509 1370 in
547 1323 700 1371 civem
743 1323 1088 1381 Christianum,
1113 1324 1152 1371 si
1186 1323 1373 1386 legibus
1415 1322 1628 1370 civitatis

249 1414 350 1446 suae
373 1398 583 1457 obediat,
607 1399 705 1445 vim
728 1398 877 1446 ullam
905 1398 1068 1446 habet.
1138 1398 1266 1446 Nam
1290 1398 1330 1445 si
1355 1397 1523 1446 credat
1545 1395 1631 1444 Je-

247 1489 352 1521 3um
376 1491 486 1521 esse
523 1473 788 1533 Christum,
826 1474 1059 1538 spiritum
1095 1473 1246 1521 habet
1282 1473 1399 1532 Dei,
1444 1472 1627 1535 (1Joh.

247 1566 293 1597 v.
325 1550 371 1611 l)
395 1568 406 1596 ε
461 1556 511 1597 et
548 1550 687 1597 Deus
731 1549 781 1596 in
818 1549 906 1596 illo
943 1548 1156 1607 habitat,
1193 1555 1244 1597 et
1285 1548 1374 1596 ille
1410 1549 1462 1596 in
1501 1547 1629 1607 DeO,

247 1625 286 1686 (Ι
314 1625 427 1673 Joh.
451 1631 499 1683 4,
531 1626 629 1685 15).
699 1625 796 1672 Sed
830 1625 886 1683 is,
912 1624 997 1688 qui
1021 1624 1253 1688 spiritum
1276 1623 1426 1672 habet
1447 1623 1565 1682 Dei,
1588 1623 1630 1671 is

248 1700 336 1765 qui
358 1700 407 1748 in
431 1701 540 1748 Deo
565 1700 776 1758 habitat,
802 1700 842 1747 is
871 1700 921 1747 in
960 1716 1055 1764 quo
1095 1699 1295 1747 habitat
1325 1700 1486 1758 Deus,
1509 1699 1631 1747 nihil

249 1776 350 1840 pati
383 1783 545 1839 potest
585 1776 700 1823 mali
734 1777 795 1823 ab
841 1774 1426 1822 excommunicationibus
1471 1774 1629 1822 homi-

249 1867 383 1899 num.
420 1850 711 1913 Quicunque
729 1866 846 1914 ergo
862 1850 1018 1898 credit
1035 1849 1202 1897 Jesum
1225 1867 1335 1898 esse
1362 1849 1627 1908 Christum,

250 1926 480 1974 damnum
537 1926 598 1973 ab
656 1925 1155 1974 excommunicatione
1217 1925 1406 1973 nullum
1463 1925 1626 1972 habet.

252 2002 350 2051 Qui
363 2017 479 2050 vero
498 2001 756 2049 articulum
773 2001 908 2049 illum
931 2017 1030 2049 non
1055 2000 1228 2059 credit,
1252 2016 1352 2048 non
1372 2007 1445 2047 est
1468 1999 1630 2048 Chris-

252 2077 429 2125 tianus.

320 2152 373 2201 Si
390 2152 498 2215 quis
530 2163 719 2215 patrem
753 2153 831 2200 vel
867 2160 1074 2200 matrem
1095 2152 1275 2200 habeat
1298 2149 1629 2198 excommuni-

253 2234 433 2286 catum,
451 2243 482 2275 a
494 2243 756 2290 congressu
781 2236 832 2276 et
855 2228 1083 2275 convictu
1098 2243 1210 2275 cum
1225 2226 1308 2274 illo
1322 2224 1401 2273 vel
1418 2225 1503 2272 illa
1515 2240 1628 2288 pro-

252 2302 408 2350 hiberi
435 2318 535 2350 non
567 2310 745 2365 potest.
812 2303 953 2350 Esset
986 2303 1117 2350 enim
1150 2299 1428 2364 hujusmodi
1466 2300 1631 2363 prohi-

253 2378 375 2426 bitio
407 2393 739 2441 saepenumero
773 2379 1036 2441 prohibitio
1059 2394 1122 2426 ne
1145 2378 1306 2425 cibum
1329 2376 1527 2424 omnino
1550 2391 1630 2423 su-

255 2460 426 2510 meret,
441 2461 497 2500 ut
512 2453 594 2516 qui
608 2469 638 2500 a
650 2454 932 2516 parentibus
950 2454 1236 2518 plerumque
1255 2451 1402 2499 alitur
1422 2470 1433 2498 :
1459 2450 1631 2499 eadem

255 2536 380 2577 esset
419 2527 681 2591 prohibitio
726 2530 1007 2592 parentibus
1039 2537 1088 2576 et
1130 2527 1339 2576 dominis
1382 2526 1481 2574 suis
1515 2526 1630 2574 obe-

256 2602 451 2657 diendi;
487 2602 619 2667 quod
641 2612 715 2652 est
738 2613 908 2652 contra
925 2611 1225 2668 praeceptum
1247 2601 1595 2665 apostolorum.

324 2677 628 2736 Summatim,
653 2679 1164 2728 excommunicationis
1195 2685 1411 2742 potestas
1434 2675 1631 2724 extendi

256 2753 456 2801 ulterius
479 2768 579 2800 non
596 2761 772 2816 potest,
796 2770 942 2817 quam
961 2754 1022 2802 ad
1047 2755 1193 2802 finem
1216 2753 1267 2800 in
1302 2751 1632 2815 apostolorum

258 2836 308 2877 et
330 2835 579 2892 pastorum
603 2843 633 2876 a
646 2828 839 2878 Christo
854 2829 1066 2893 acceptis
1091 2827 1333 2877 mandatis
1360 2826 1631 2876 definitum.
