1968 3236
446 219 542 261 425
770 228 840 260 DE
868 226 1125 260 clvrrA'rE
1156 226 1515 262 cansT1ANA.

180 364 282 395 CAp,
299 363 412 396 xm,
447 349 519 388 tes
544 356 708 387 earum
735 339 939 386 diversae
965 347 1077 385 sunt
1102 353 1340 400 personae,
1378 339 1461 402 qui
1497 339 1649 402 loqui,
1674 355 1837 403 agere,

197 419 396 496 W
447 416 713 473 consulere,
740 423 832 471 ete,
857 421 1077 476 possunt,
1112 413 1239 460 sicut
1273 413 1495 462 homines
1532 415 1838 478 singulares;

196 502 397 531 ecclesiastica
446 491 497 539 id
522 490 652 554 quod
677 489 880 537 ecclesia
904 488 1188 536 universalis
1211 488 1373 537 facere
1397 505 1495 537 non
1519 499 1698 553 potest,
1724 491 1840 554 quia

445 583 702 631 personam
736 565 1171 629 representativam
1208 565 1259 612 in
1291 573 1426 613 terra
1449 565 1633 613 nullam
1654 566 1837 622 habet3

446 659 559 690 nam
584 643 623 690 si
646 643 863 700 haberet,
884 641 1086 688 dubium
1110 640 1301 688 nullum
1333 648 1478 700 esset,
1504 641 1623 704 quin
1645 641 1730 689 illa
1750 658 1838 705 po-

446 725 671 766 testatem
688 717 891 765 haberet
906 732 994 780 per
1009 723 1169 764 totum
1185 717 1352 764 orbem
1363 717 1696 765 Christianum
1710 733 1839 765 sum-

447 810 591 851 mam,
637 800 743 840 tum
784 792 1087 856 spiritualem
1130 799 1234 840 tum
1278 793 1615 857 temporalem.
1707 793 1840 858 Papa

446 876 624 927 autem,
648 875 703 916 ut
722 868 785 916 sit
806 883 1016 931 persona
1039 868 1162 926 haec,
1187 868 1345 916 tribus
1369 876 1504 916 caret
1527 869 1691 927 rebus,
1717 885 1838 933 quas

446 945 515 992 illi
531 945 761 992 Servator
779 952 948 992 noster
967 960 1066 991 non
1083 944 1235 1002 dedit,
1253 960 1429 1008 nempe
1431 945 1522 1007 jus
1538 944 1837 1008 imperandi,

434 1021 524 1083 jus
536 1019 825 1082 judicandi,
853 1028 904 1066 et
915 1020 1005 1081 jus
1021 1019 1286 1084 puniendi.
1356 1020 1518 1068 Etiam
1550 1019 1681 1078 dato,
1706 1019 1839 1084 quod

448 1096 578 1158 Papa
595 1095 725 1143 solus
747 1103 874 1143 esset
885 1095 1072 1142 Christi
1090 1095 1139 1143 in
1157 1103 1291 1143 terra
1309 1096 1535 1165 vicarius,
1555 1113 1654 1144 non
1670 1104 1837 1144 tamen

446 1171 731 1218 vicariatum
755 1171 891 1218 illum
918 1171 1094 1234 exequi
1112 1171 1223 1234 jure
1242 1180 1423 1235 posset,
1439 1183 1704 1235 antequam
1725 1173 1837 1220 Ser-

446 1254 584 1295 vator
631 1254 798 1294 noster
844 1247 894 1295 in
942 1246 1020 1294 die
1066 1247 1240 1295 ultimo
1291 1255 1585 1310 regnaturus
1630 1248 1835 1297 venerit.

446 1324 606 1371 Etiam
654 1332 772 1371 tunc
818 1340 919 1371 non
966 1323 1112 1386 Papa,
1149 1322 1235 1371 sed
1277 1323 1381 1386 ipse
1418 1324 1467 1371 S.
1505 1324 1679 1371 Petrus
1720 1340 1834 1372 cum

445 1400 632 1447 caeteris
651 1399 881 1462 apostolis
907 1399 1142 1446 mundum
1162 1398 1472 1461 judicaturus
1492 1406 1583 1447 est.

510 1475 798 1537 Argumenti
845 1475 990 1537 hujus
1038 1490 1175 1522 error
1221 1474 1345 1522 alter
1392 1482 1482 1534 est,
1526 1474 1659 1538 quod
1705 1474 1838 1525 dicat

442 1551 660 1597 membra
682 1550 978 1613 reipublicae,
1004 1551 1129 1598 sieut
1150 1550 1369 1614 corporis
1402 1551 1656 1610 naturalis,
1681 1567 1836 1600 unum

443 1626 503 1673 ab
528 1626 682 1673 altero
699 1625 989 1688 dependere.
1062 1625 1210 1675 Quod
1230 1625 1427 1689 quidem
1446 1627 1578 1674 inter
1598 1642 1650 1674 se
1674 1627 1836 1675 eohae-

442 1709 596 1760 reant,
634 1718 729 1748 non
765 1702 1042 1764 negabitur.
1132 1701 1231 1750 Sed
1255 1701 1536 1765 dependent
1558 1703 1620 1750 ab
1645 1718 1704 1750 eo
1729 1703 1832 1751 solo

443 1778 525 1840 qui
563 1794 800 1825 summam
846 1778 996 1826 habet
1032 1785 1342 1841 potestatem,
1368 1778 1420 1825 id
1443 1786 1534 1837 est,
1570 1779 1631 1826 ab
1672 1778 1837 1826 anima

443 1852 737 1916 reipublicae,
763 1869 859 1915 qua
883 1853 1142 1901 deficiente
1167 1852 1419 1911 deficiunt,
1439 1853 1510 1901 ita
1534 1861 1590 1901 ut
1612 1869 1675 1901 ne
1709 1869 1836 1904 unus

444 1928 639 1990 quidem
648 1929 794 1975 homo
810 1945 921 1976 oum
938 1929 1094 1977 altero
1112 1929 1357 1977 eohaereat
1371 1937 1575 1993 propter
1589 1929 1835 1978 defectum

444 2004 618 2050 summi
643 2004 942 2066 imperantis,
960 2021 988 2052 a
1009 2021 1105 2067 quo
1122 2004 1287 2052 cuncti
1306 2004 1450 2052 simul
1470 2004 1835 2068 dependerent;

443 2095 541 2126 non
576 2079 717 2126 aliter
741 2096 889 2142 quam
918 2080 1138 2128 membra
1161 2081 1382 2143 corporis
1415 2081 1654 2129 naturalis
1686 2081 1836 2130 resol-

443 2162 621 2202 vuntur
658 2155 710 2202 in
749 2163 946 2213 terram,
987 2156 1184 2203 defectu
1224 2156 1400 2204 animae
1437 2172 1546 2219 quae
1569 2156 1654 2205 illa
1676 2157 1834 2205 conti-

443 2239 595 2277 neret.
666 2231 724 2278 In
757 2231 850 2278 hac
875 2247 992 2294 ergo
1019 2232 1336 2279 similitudine
1361 2232 1483 2279 nihil
1508 2240 1583 2280 est
1605 2232 1737 2281 unde
1760 2233 1836 2281 in-

442 2305 651 2353 ferretur
674 2307 843 2369 populi
867 2307 1195 2369 dependentia
1230 2324 1260 2354 a
1295 2307 1442 2365 clero,
1468 2306 1547 2354 vel
1585 2307 1834 2356 ministro-

444 2397 551 2428 rum
587 2382 932 2445 temporalium
968 2399 998 2430 a
1037 2383 1388 2446 spiritualibus,
1414 2383 1501 2430 sed
1524 2384 1782 2431 amborum
1805 2399 1836 2432 a

444 2472 632 2504 summo
657 2457 928 2520 imperante
947 2476 957 2504 z
984 2458 1067 2520 qui
1092 2458 1288 2520 quidem
1311 2459 1459 2522 leges,
1479 2475 1600 2522 quas
1617 2458 1753 2518 facit,
1769 2458 1834 2508 ad

444 2532 649 2579 salutem
683 2533 956 2580 animarum
981 2532 1126 2580 debet
1159 2533 1399 2596 dirigere3
1438 2533 1525 2582 sed
1564 2550 1661 2582 non
1702 2534 1832 2594 ideo,

446 2607 672 2669 cuiquam
698 2607 921 2655 subditus
945 2615 1019 2655 est
1043 2616 1370 2671 praeterquam
1395 2610 1488 2673 ipsi
1512 2609 1635 2659 Deo.
1703 2611 1831 2659 Eva-

446 2683 599 2729 neseit
636 2699 753 2745 ergo
794 2683 1166 2746 parallogismus
1205 2684 1284 2731 hic
1323 2685 1624 2745 Bellarmini,
1667 2685 1833 2735 elabo-

446 2764 580 2803 ratus
599 2757 660 2804 ad
685 2758 1028 2821 decipiendum
1044 2758 1167 2816 illos,
1184 2760 1267 2822 qui
1284 2760 1585 2824 distinguere
1605 2762 1834 2810 nesciunt

447 2831 574 2879 inter
610 2833 1058 2882 subordinationem
1090 2835 1270 2883 artium
1294 2835 1357 2883 ad
1380 2837 1544 2895 finem,
1570 2845 1617 2885 et
1643 2837 1833 2900 subjec-
