1968 3236
469 292 753 326 APPEme
782 292 853 325 AD
884 289 1217 324 LEle‘rHAN.
1438 267 1531 327 54'7

226 404 291 454 A.
326 405 557 453 Ecclesiae
585 420 702 466 ergo
727 403 1009 467 Anglicanae
1033 402 1250 451 conditio
1273 400 1428 465 qualis
1451 401 1537 448 ho-

159 479 239 529 die
269 480 500 538 cernitur,
523 488 627 527 tum
650 479 862 542 puritate
898 477 1135 525 doctrinae
1159 475 1426 525 conditioni
1458 490 1536 522 ec-

161 554 337 613 clesiae‚
361 571 469 618 quae
493 563 598 602 erat
623 563 840 617 tempore
864 553 1187 610 Constantini,
1212 551 1410 614 aequalis
1434 558 1536 605 est;

161 638 268 679 tum
314 631 544 694 aequitate
590 631 751 693 legum
805 628 1255 687 ecclesiasticarum,
1302 626 1535 690 superior.

162 706 390 771 Iniquum
427 706 556 754 euim
593 705 799 763 videtur,
838 713 892 752 ut
923 704 1087 761 homo,
1118 704 1254 766 cujus
1291 702 1411 750 fides
1451 717 1538 749 suo

163 782 314 831 solius
337 782 555 847 periculo
580 781 801 838 sumitur,
826 796 883 827 eo
914 779 1111 826 nomine
1143 778 1373 842 puniatur
1410 775 1541 839 quod

164 857 231 906 sit
253 873 471 916 erronea,
488 856 760 920 praesertim
785 855 846 902 ab
870 854 965 901 illis
989 854 1163 916 quibus
1188 853 1373 900 alienus
1406 866 1542 899 error

165 932 427 981 damnosus
450 947 548 979 non
572 939 660 978 est.

232 1008 298 1057 B.
334 1009 525 1066 Errare,
563 1005 737 1069 decipi,
760 1004 887 1052 male
922 1004 1117 1062 sentire,
1140 1011 1316 1051 natura
1339 1019 1427 1051 sua
1450 1002 1545 1050 cri-

165 1098 279 1131 men
315 1099 414 1131 non
437 1091 541 1135 est;
576 1097 683 1139 nec,
721 1080 838 1127 dum
876 1079 1006 1127 intra
1034 1086 1210 1142 pectus
1248 1078 1543 1137 continetur,

167 1173 304 1207 error
325 1158 431 1206 fieri
454 1157 638 1205 crimen
661 1162 836 1219 potest.
896 1154 1023 1202 Nam
1039 1139 1143 1216 q'uo
1167 1153 1326 1201 indice
1349 1169 1546 1213 accusa-

166 1234 316 1292 bitur,
346 1249 443 1296 quo
466 1240 591 1280 teste
615 1229 968 1278 convincetur?
1038 1228 1297 1278 Quomodo
1330 1244 1447 1292 ergo
1466 1229 1545 1291 ju-

169 1307 445 1357 dicabitur?
481 1309 547 1355 At
570 1306 719 1354 verba
741 1306 925 1353 crimen
950 1320 1053 1352 esse
1071 1312 1288 1389 possunt,
1307 1312 1357 1352 et
1371 1304 1546 1367 quibus

167 1384 468 1449 legislatores
508 1382 678 1430 volunt
713 1381 869 1445 poenis
904 1380 1066 1444 puniri
1103 1380 1206 1428 sine
1242 1380 1449 1443 injuria;
1498 1388 1549 1428 et

170 1462 366 1526 quidem
389 1460 627 1525 supplicio
649 1459 836 1507 ultimo.
908 1459 959 1507 Si
983 1458 1319 1543 blasphemia
1307 1474 1358 1506 m
1381 1474 1549 1521 regem

171 1546 329 1586 morte
365 1537 529 1601 puniri
568 1543 747 1599 potest,
781 1534 935 1582 multo
971 1534 1126 1596 magis
1162 1534 1462 1598 blasphemia
1497 1533 1550 1581 in

171 1613 346 1662 Deum.
415 1612 746 1659 Veruntamen
782 1609 1024 1672 aequitatis
1058 1616 1146 1668 est,
1171 1616 1226 1656 ut
1250 1609 1301 1656 in
1333 1609 1421 1657 tali
1442 1609 1551 1672 lege

172 1695 340 1753 aperte
363 1687 620 1735 definitum
643 1687 722 1744 sit,
739 1693 845 1732 tum
864 1683 983 1748 quid
1000 1684 1063 1732 sit
1080 1683 1264 1732 crimen
1284 1683 1417 1747 quod
1436 1700 1551 1732 con-

173 1763 447 1820 demnatur,
470 1770 578 1810 tum
611 1761 720 1824 quis
760 1760 825 1807 sit
864 1759 1037 1807 modus
1075 1758 1338 1822 puniendi;
1374 1774 1433 1807 eo
1455 1759 1552 1806 fine

172 1847 231 1888 ut
251 1838 592 1903 expectatione
621 1852 781 1900 poenae
818 1835 973 1882 malus
1006 1851 1037 1883 a
1063 1834 1413 1883 malefaciendo
1447 1835 1555 1882 abs-

174 1922 432 1963 terreatur.
502 1913 755 1977 Legitimae
778 1910 909 1959 enim
932 1926 1092 1973 poenae
1114 1910 1225 1958 finis
1248 1926 1348 1958 non
1370 1917 1444 1958 est
1466 1910 1553 1958 irae

175 1996 348 2038 contra
382 1988 630 2037 hominem
661 1987 871 2045 satiatio,
897 1986 998 2044 sed,
1021 1985 1085 2033 ad
1119 1985 1428 2034 commodum
1465 1985 1554 2033 hu-

174 2064 308 2113 mani
325 2064 535 2129 generis,
564 2063 852 2126 injuriarum
876 2068 1112 2125 quantum
1133 2061 1239 2109 fieri
1263 2068 1426 2125 potest
1449 2076 1557 2124 pre-

176 2139 376 2194 ventio;
411 2146 462 2187 et
496 2138 665 2201 iniqua
700 2144 774 2185 est
808 2137 887 2185 lex
932 2137 1104 2194 omniS,
1145 2152 1253 2199 quae
1297 2152 1396 2184 non
1441 2142 1556 2184 ante

179 2214 517 2272 comminatur,
554 2227 701 2276 quam
734 2212 883 2267 ferit;
919 2219 970 2260 et
1001 2210 1310 2275 quantumvis
1346 2226 1556 2258 summa-

179 2305 289 2339 rum
309 2295 612 2353 potestatum
644 2288 696 2335 in
729 2287 917 2349 legibus
941 2285 1207 2334 condendis
1234 2286 1315 2348 jus
1350 2286 1556 2334 arbitra-

179 2364 309 2413 rium
338 2363 418 2422 sit,
457 2361 766 2411 arbitrarium
805 2369 970 2410 tamen
1006 2377 1105 2409 non
1137 2361 1284 2408 estin
1310 2361 1557 2409 sumendis

178 2440 336 2505 poenis
370 2454 481 2502 quae
514 2454 613 2486 non
645 2438 744 2486 sint
766 2446 880 2486 ante
909 2437 1097 2501 legibus
1133 2435 1359 2483 definitae.
1430 2436 1557 2484 Prae-

180 2524 332 2571 terea,
355 2514 434 2562 lex
470 2513 563 2561 nisi
597 2511 844 2560 declarata
877 2511 939 2560 sit
973 2520 1024 2559 et
1058 2510 1379 2574 promulgata,
1404 2511 1475 2559 ita
1501 2519 1558 2559 ut

181 2588 500 2654 ignorationis
540 2587 788 2635 excusatio
825 2586 986 2634 omnis
1007 2585 1271 2649 probabilis
1294 2585 1557 2645 auferatur,

181 2682 245 2714 ne
267 2664 319 2712 id
342 2662 553 2726 quidem,
578 2661 709 2725 quod
730 2669 903 2710 contra
928 2661 1086 2725 legem
1109 2660 1292 2708 factum
1315 2669 1404 2720 est,
1427 2669 1560 2709 recte

182 2739 346 2805 puniri
369 2746 456 2786 aut
478 2737 662 2785 crimen
685 2737 917 2800 appellari
939 2743 1118 2800 potest.

250 2815 315 2863 A.
353 2813 500 2864 Quod
538 2813 723 2861 factum
762 2820 836 2861 est
874 2820 1046 2861 contra
1084 2812 1241 2875 legem
1276 2812 1562 2870 naturalem,

184 2906 348 2939 nonne
372 2889 556 2938 crimen
579 2896 669 2946 est,
698 2894 749 2935 et
769 2887 932 2951 puniri
968 2895 1147 2950 potest,
1184 2886 1373 2936 etiamsi
1403 2887 1564 2936 nullus

185 2965 284 3030 legi
307 2964 580 3027 adscriptus
603 2963 668 3011 sit
684 2961 919 3026 puniendi
941 2960 1147 3010 modus?
1348 2977 1385 3010 Ν
1408 2978 1443 3011 N
1458 2979 1480 3010 ²

1600 421 1702 454 CAP.
1722 421 1775 454 11.

1590 474 1777 497 s———r—-1

1649 523 1763 552 hereti.
