1968 3236
987 255 1180 300 ⁴INDEX.

271 352 423 387 Persona
453 353 602 399 propria,
625 352 914 399 repraesentativa,
934 355 1001 386 123
1025 359 1058 387 et
1135 357 1240 394 trum,
1266 362 1336 386 non
1364 356 1476 398 potest
1498 353 1588 398 cogi,
1606 355 1700 397 1343
1723 353 1878 389 indivisi-

315 412 417 446 seqq.;
433 411 579 446 persona
591 401 639 434 rei
648 400 859 442 inanimatus,
879 402 943 434 124
958 412 968 442 3
981 411 1057 445 per·
1133 399 1224 441 bilis,
1239 399 1387 444 singulis
1403 405 1438 434 et
1454 400 1622 435 universis
1643 401 1766 447 major,
1787 403 1877 445 1393

316 458 401 482 sona
423 447 488 482 Dei
504 448 651 493 propria,
667 447 955 492 repraesentativa,
972 449 1055 489 1253
1133 445 1268 491 dejure
1285 447 1512 481 successionis
1527 459 1674 482 summae
1683 449 1879 494 potestatiS,

314 505 462 540 persona
486 495 619 536 civitas,
648 497 736 536 1313
761 505 908 539 persona
935 498 969 528 et
994 493 1055 539 hy-
1135 495 1305 536 141‚146‚
1326 496 1416 536 147;
1442 499 1620 540 potestatis
1636 506 1783 530 summae
1792 495 1878 541 jura

314 542 460 587 postasis
476 541 654 584 differunt,
670 544 750 584 494,
768 544 847 583 515,
864 543 956 585 5193
980 552 1056 587 per·
1131 545 1217 574 sunt
1234 540 1353 574 omnia
1369 546 1511 586 patema
1525 546 1559 576 et
1570 541 1757 588 despotica,
1785 545 1851 577 154
1865 555 1876 586 ;

317 599 401 623 sona
415 588 500 633 quid
517 589 661 634 proprie,
677 590 758 630 533,
775 590 856 621 539.
1130 587 1309 632 potestatis
1322 598 1469 622 summae
1480 589 1631 623 ministri
1642 589 1785 635 publici,
1797 592 1873 624 181.

269 634 473 677 Prudentia,
490 635 717 681 providentia,
733 635 901 681 praevisio,
919 635 1055 681 sapien-
1086 632 1242 668 Potestas
1258 635 1437 680 regnantis
1446 635 1544 680 justo
1560 636 1674 670 minor
1697 636 1744 671 ad
1766 637 1874 672 disso-

313 683 374 724 tia,
395 685 435 717 18
449 695 459 723 ;
484 682 668 728 prudentia
695 682 918 728 praesumptio
934 689 986 717 est
999 682 1053 717 fu·
1129 680 1300 715 lationem
1316 681 1465 716 civitatis
1480 681 1603 724 tendit,
1613 685 1696 726 231,
1712 686 1794 718 239.

314 730 396 772 turi,
417 732 480 772 193
504 729 710 775 prudentius
734 734 785 764 est
800 729 930 763 animal
948 730 1053 764 unius
1084 726 1240 762 Potestas
1260 739 1400 762 summa
1414 729 1496 763 boni
1511 734 1546 764 et
1568 729 1653 764 mali
1672 730 1789 776 judex
1803 742 1875 766 non

314 777 399 810 anni
425 776 564 810 homine
591 776 746 819 decenni,
776 778 844 819 193
868 776 1052 822 prudentia
1129 774 1276 820 quilibet
1293 775 1459 820 privatus,
1470 778 1720 822 2323potestas
1735 789 1874 813 summa

314 823 494 866 naturalis,
516 826 561 857 38
578 836 588 866 3
624 823 810 869 prudentia
840 824 1053 869 experientia
1127 827 1180 856 est
1201 827 1299 856 extra
1316 823 1496 858 vinculum
1520 823 1640 869 legum
1661 824 1817 859 civilium
1838 831 1874 860 et

312 871 437 912 multa,
455 873 520 912 383
545 870 730 916 prudentia
746 871 895 914 sinistra,
911 871 1052 913 astutia,
1127 880 1279 914 poenam,
1295 871 1387 912 2343
1416 871 1546 905 summi
1573 871 1775 917 imperantis
1797 871 1873 906 offi-

313 920 376 960 583
412 917 596 963 prudentia
620 918 733 952 omnis
758 918 802 952 ab
828 918 1052 964 experientia,
1128 915 1222 950 cium
1250 916 1370 951 ordine
1385 917 1623 963 particulatim
1646 918 1874 964 explicatum,

314 967 373 998 97.
1126 965 1197 997 240
1215 969 1247 997 et
1270 976 1303 997 se
1348 989 1356 997 .

267 1011 391 1046 Petrus
407 1023 450 1046 an
466 1011 570 1046 fuerit
584 1011 771 1046 monarcha
784 1011 950 1055 ecclesiae,
963 1014 1050 1054 4053
1083 1008 1268 1044 Potestatis
1289 975 1435 1044 signinae
1446 1010 1510 1056 jus
1527 1011 1715 1057 judicandi
1732 1013 1775 1048 de
1790 1012 1871 1047 doc-

312 1070 357 1093 an
373 1058 479 1093 suerit
495 1058 630 1101 Romae,
647 1059 752 1093 anibi
767 1059 960 1104 episcopus,
971 1062 1051 1093 407.
1126 1057 1237 1100 trinis,
1253 1059 1346 1099 3963
1370 1069 1530 1093 summus
1555 1059 1728 1105 imperans
1754 1066 1872 1106 pastor

266 1105 464 1149 Phantasia,
480 1106 555 1140 vide
572 1106 797 1151 Imaginatio.
1129 1114 1323 1149 supremus,
1339 1107 1431 1147 3973
1455 1116 1639 1151 personam
1667 1117 1790 1152 gerens
1814 1118 1870 1142 ec-

266 1152 466 1196 Phantasia‚
479 1153 551 1187 sine
561 1152 699 1196 judicio
714 1164 784 1187 non
796 1152 972 1195 laudatur,
985 1155 1052 1196 553
1128 1150 1253 1194 clesiae,
1268 1154 1349 1194 448,
1372 1151 1458 1186 Vide
1474 1152 1619 1187 Civitas.

310 1200 554 1246 phantasmata
573 1200 788 1245 objectorum
817 1201 998 1245 imagines,
1017 1202 1051 1245 6,
1083 1196 1240 1232 Potestas
1278 1199 1510 1234 ecclesiastica
1540 1199 1672 1235 civitati
1702 1200 1870 1247 subjecta,

310 1250 400 1289 4753
425 1248 626 1282 substantiae
643 1247 861 1293 incorporeae,
877 1249 957 1282 563.
1127 1247 1198 1279 357
1221 1256 1336 1291 usque
1349 1248 1430 1280 434.

265 1294 517 1340 Philosophicae
543 1295 692 1329 tenebrae
720 1294 791 1329 late
817 1293 1051 1338 deducuntur,
1082 1291 1231 1326 Praemia
1257 1298 1292 1327 et
1318 1304 1443 1338 poenae,
1467 1295 1549 1336 223,
1567 1296 1756 1338 228,250;
1781 1305 1868 1341 prae-

309 1344 377 1376 495
401 1353 512 1388 usque
525 1344 629 1384 -5053
654 1341 871 1387 philosophia
897 1342 1052 1387 genuina
1126 1340 1205 1374 miis
1221 1340 1396 1374 ambitiosi
1411 1351 1482 1374 non
1498 1340 1684 1386 afficiendi,
1699 1343 1780 1376 251.

310 1389 477 1423 definitur
508 1393 542 1423 et
572 1389 778 1432 celebratur,
808 1391 880 1422 490
896 1401 906 1429 ς
944 1389 1051 1434 origo,
1081 1385 1204 1421 Preces
1215 1386 1426 1432 praecedunt,
1438 1389 1630 1433 gratiarum
1644 1389 1736 1424 actio
1751 1389 1867 1435 sequi-

309 1439 498 1479 sectae,490
508 1449 517 1478 3
528 1437 745 1479 abusus‚495
758 1448 768 1478 3
781 1435 955 1470 mirabiles
963 1447 1051 1482 prae-
1125 1439 1195 1476 tur,
1210 1436 1292 1468 261.

310 1483 434 1529 sfigiae,
452 1485 534 1517 533.
1081 1480 1262 1526 Presbyter
1275 1487 1310 1516 et
1324 1481 1517 1528 episcopus,
1534 1482 1640 1526 idem,
1656 1484 1736 1518 388.

263 1529 368 1564 Plebs
378 1531 483 1564 robur
494 1530 653 1573 civitatis,
666 1532 736 1564 247
751 1543 761 1574 3
791 1529 937 1565 colenda
948 1541 1050 1576 prop·
1079 1526 1421 1573 Presbyterianorum
1435 1530 1540 1564 tactio
1555 1535 1676 1566 contra
1689 1530 1867 1577 episcopos

308 1582 361 1612 ter
375 1578 578 1622 potentiam,
593 1579 674 1611 247.
1126 1573 1264 1618 scotiae,
1279 1575 1429 1621 Angliae,
1445 1579 1525 1612 559.

262 1623 373 1658 Poeua
388 1623 585 1670 praecedens
606 1624 704 1670 justo
719 1623 831 1669 major
844 1623 891 1658 ad
917 1623 1047 1659 crimen
1078 1620 1268 1664 Primatus,
1283 1621 1527 1667 infallibilitas,
1542 1628 1577 1659 et
1590 1624 1790 1670 temporalis
1803 1635 1865 1671 po-

306 1670 474 1713 hortatur,
488 1673 578 1713 2123
602 1682 707 1716 poena
732 1671 948 1716 subsequens
975 1682 1048 1705 ma*
1122 1674 1226 1703 testas
1247 1670 1377 1703 summi
1392 1670 1576 1715 pontificis,
1591 1674 1672 1713 279,
1691 1673 1774 1715 358,
1791 1674 1862 1706 404

301 1717 359 1762 jor
375 1717 634 1763 delinquentem
646 1717 784 1763 decipit,
798 1720 879 1752 212.
1121 1727 1164 1749 us
1190 1726 1234 1750 ue
1244 1717 1329 1759 4343
1341 1717 1508 1762 probatio,
1520 1719 1602 1760 463,
1612 1728 1634 1752 a
1643 1715 1773 1763 Phoca,
1781 1721 1864 1753 545.

261 1763 380 1799 Poenae
410 1770 445 1799 et
467 1765 620 1810 praemia,
641 1766 711 1798 223
733 1770 764 1798 et
785 1776 872 1810 seqq.
891 1764 962 1799 late
990 1776 1049 1799 ex-
1076 1761 1168 1796 Privi
1185 1763 1254 1808 egii
1277 1764 1485 1799 revocationi
1502 1763 1643 1810 quando
1658 1764 1767 1810 locus,
1785 1767 1862 1810 168,

305 1811 491 1857 plicantur.
541 1811 731 1846 Poenarum
752 1811 898 1846 inflictio
923 1822 945 1845 a
967 1811 1048 1857 jure
1120 1811 1199 1843 217·

306 1858 434 1904 pendet
457 1858 622 1900 naturali,
642 1869 712 1892 non
740 1858 973 1893 submissione
999 1860 1047 1893 ci·
1075 1854 1255 1891 Probatio:
1282 1857 1489 1902 quaestiones
1498 1857 1592 1902 juris
1607 1869 1678 1893 non
1693 1864 1779 1894 sunt
1794 1864 1862 1895 tes-

306 1906 415 1947 vium,
428 1907 519 1948 2233
543 1916 654 1950 poenae
667 1911 702 1940 et
716 1905 858 1951 praemia
873 1910 963 1940 recte
978 1905 1047 1940 dis·
1117 1902 1213 1937 tibus
1240 1903 1523 1946 determinandae,
1547 1907 1641 1949 4223
1671 1916 1863 1942 cousensus

305 1952 495 1998 pensanda,
510 1955 599 1995 2503
616 1953 734 1998 puniri
750 1957 898 1998 possunt
912 1957 1047 1987 contra·
1117 1949 1311 1993 hominum,
1325 1962 1395 1985 non
1421 1951 1486 1986 hoc
1513 1953 1695 1997 agentium
1712 1953 1808 1998 quod
1822 1955 1860 1989 in

305 1999 452 2034 dictores
468 1998 548 2033 fidei
563 2010 586 2034 a
600 1999 750 2040 civitate,
765 2001 836 2034 360
850 2012 860 2041 ;
877 1999 951 2045 qui,
963 2011 1045 2045 quo·
1117 1997 1345 2041 quaestionem
1361 1998 1467 2041 venit,
1482 2010 1552 2033 non
1567 1999 1702 2045 probat,
1716 2002 1796 2035 525.

305 2045 408 2081 modo
421 2045 537 2092 quoad
552 2045 710 2089 haeresin,
725 2045 946 2089 atheismum,
956 2047 1045 2081 blas-
1072 2042 1394 2092 Processi0‚pompa
1404 2045 1466 2080 illa
1480 2046 1687 2092 imaginum,
1702 2046 1859 2094 reliquia

304 2093 492 2139 phemiam,
509 2095 579 2127 540
602 2105 715 2139 usque
732 2095 812 2127 559.
1117 2090 1325 2135 ethnicismi,
1340 2095 1421 2127 489.
1639 2110 1642 2113 ·

259 2139 481 2175 Poenitentiae
507 2139 686 2186 judicium
717 2151 822 2186 penes
853 2140 1045 2183 ecclesiam,
1071 2136 1256 2173 Processus
1271 2146 1391 2175 contra
1405 2139 1620 2183 haereficum,
1635 2143 1717 2175 552.

304 2198 374 2222 non
391 2188 504 2222 solum
516 2193 698 2234 pastorem,
713 2189 792 2221 368.
1071 2183 1253 2230 Propheta,
1264 2187 1376 2222 bonus
1391 2186 1576 2231 conjector,
1594 2190 1659 2222 18:
1682 2187 1857 2234 prophetae

258 2232 408 2269 Politica
416 2239 487 2270 tam
498 2239 550 2269 est
561 2235 703 2269 scientia
712 2239 815 2277 certa,
823 2245 930 2280 quam
940 2233 1045 2271 arith.
1116 2232 1186 2265 veri
1204 2234 1435 2277 γνωρίσματα,
1449 2235 1520 2267 267
1535 2240 1566 2268 et
1578 2246 1687 2281 seqq.;
1711 2237 1857 2282 prophe-

304 2283 429 2316 mctica
445 2287 508 2316 aut
523 2281 723 2327 geometria,
742 2284 819 2315 159.
1116 2283 1161 2313 tae
1188 2278 1424 2323 antiquissimi
1455 2281 1529 2326 qui,
1558 2283 1626 2316 274
1640 2294 1650 2324 ;
1682 2283 1855 2329 prophetis

258 2328 405 2364 Politica
421 2329 613 2363 Aristotelis
627 2334 662 2363 et
681 2328 858 2363 Ciceronis
872 2328 1045 2374 principa·
1117 2325 1216 2360 Deus
1230 2324 1369 2360 locutus
1386 2327 1439 2362 vel
1454 2338 1516 2373 per
1532 2329 1709 2371 visionem,
1725 2329 1778 2364 vel
1794 2341 1855 2376 per

304 2376 357 2410 tui
374 2375 579 2421 periculosa,
596 2378 675 2419 163,
689 2378 770 2419 235,
787 2378 879 2418 5Ο2;
895 2375 1043 2421 politicae
1115 2372 1261 2413 somnia,
1276 2372 1329 2406 vel
1354 2385 1415 2419 per
1439 2375 1580 2420 gratias,
1594 2378 1660 2410 301
1685 2383 1717 2411 et
1743 2388 1855 2424 seqq.;

303 2422 510 2458 Christianae
537 2423 708 2469 principia
730 2422 950 2469 explanatur,
971 2424 1041 2457 265
1115 2419 1280 2465 propheta
1295 2431 1356 2465 per
1370 2426 1487 2465 sortes,
1501 2424 1584 2456 309.

302 2476 333 2503 et
347 2482 433 2516 seqq,
1068 2465 1314 2511 Purgatorium
1341 2474 1578 2514 expugnatur,
1592 2471 1662 2504 459
1686 2477 1718 2506 ee
1740 2481 1851 2518 oeqq.;

256 2515 419 2551 Pontifex
434 2517 610 2551 maximus
625 2515 720 2552 unde
735 2515 909 2562 procedat,
923 2518 1003 2551 488.
1115 2519 1270 2558 quoestus
1285 2515 1413 2560 regius,
1428 2518 1510 2551 505.

256 2563 416 2598 Potentia
439 2563 620 2606 naturalis,
649 2563 936 2606 instrumentalis,
965 2565 1011 2598 68
1028 2575 1038 2606 ;

301 2611 453 2656 potentia
467 2622 573 2646 causa
586 2609 718 2654 cultus,
731 2613 812 2654 258,
826 2612 908 2646 259.
1435 2608 1480 2650 Q.

254 2655 412 2692 Potestas
433 2669 570 2693 summa
594 2657 713 2692 anima
732 2658 892 2700 civitatis,
912 2660 942 2700 1,
960 2658 1038 2700 168,
1065 2674 1311 2716 QUAESUONES
1335 2677 1456 2713 smnus
1470 2685 1502 2713 et
1526 2679 1680 2714 inanem

299 2707 368 2739 4‘28
383 2717 393 2747 ;
416 2710 514 2740 extra
535 2704 727 2750 potentiam
742 2710 954 2740 coercentem
970 2710 1037 2739 sta-

299 2757 357 2786 tus
382 2751 477 2793 belli,
497 2754 650 2794 99,127,
665 2753 757 2795 234;
781 2762 879 2797 reges
902 2756 937 2786 et.
963 2761 1038 2797 per-

300 2810 392 2834 sonae
423 2810 596 2833 summam
636 2803 842 2845 potestatem
870 2797 1037 2833 habentes
1426 2818 1472 2855 R

299 2845 412 2879 hostes
439 2845 528 2880 inter
544 2857 591 2887 se,
606 2856 740 2891 semper
765 2845 978 2880 excubantes
1001 2850 1037 2879 et

299 2892 1035 2938 suspicantes,101,1623jurasummaepo-
1064 2890 1338 2928 Rmocm-no
1367 2899 1420 2929 est
1445 2895 1670 2941 computatio,
1699 2897 1768 2939 28;
1794 2906 1847 2931 ra-

300 2939 476 2973 testatisin
484 2939 622 2973 civitate
631 2939 1036 2985 perinstitutionem,l32
1111 2939 1220 2974 tiones
1249 2940 1442 2985 ingreditur
1471 2952 1524 2976 res
1588 2941 1848 2988 uadrupliciter,

300 2991 331 3019 et
347 2998 456 3031 seqq.;
481 2997 619 3020 summa
647 2991 797 3031 potestas
818 2992 915 3020 extra
932 2987 1043 3032 cupis·
1100 2988 1167 3029 29;
1196 2987 1410 3022 ratiocinatio
1441 2994 1494 3023 est
1517 2988 1561 3023 ad
1588 2989 1662 3033 itio,
1686 2989 1740 3025 vel
1763 2990 1846 3025 sub-

1752 2692 1840 2715 scere

1111 2734 1180 2758 non
1189 2730 1242 2759 cst
1253 2724 1429 2760 hominem
1441 2692 1756 2771 excommunicari-3,
1765 2707 1850 2763 371:

1962 2724 1968 2757 i

1956 2783 1968 2860 ἐ

1958 2862 1968 2942 ÷

1944 2945 1968 3051 ³1.
