<?xml version="1.0" encoding="UTF-8"?>
<!DOCTYPE html PUBLIC "-//W3C//DTD XHTML 1.0 Transitional//EN"
    "http://www.w3.org/TR/xhtml1/DTD/xhtml1-transitional.dtd">
<html xmlns="http://www.w3.org/1999/xhtml" xml:lang="en" lang="en">
 <head>
  <title>
</title>
<meta http-equiv="Content-Type" content="text/html;charset=utf-8" />
  <meta name='ocr-system' content='tesseract 3.04.00' />
  <meta name='ocr-capabilities' content='ocr_page ocr_carea ocr_par ocr_line ocrx_word'/>
</head>
<body>
  <div class='ocr_page' id='page_1' title='image "./operaphilosophic03hobbuoft_0156.png"; bbox 0 0 1968 3236; ppageno 0'>
   <div class='ocr_carea' id='block_1_1' title="bbox 113 355 338 391">
    <p class='ocr_par' dir='ltr' id='par_1_1' title="bbox 113 355 338 391">
     <span class='ocr_line' id='line_1_1' title="bbox 113 355 338 391; baseline 0.018 -4"><span class='ocrx_word' id='word_1_1' title='bbox 113 355 216 388; x_wconf 84' lang='lat' dir='ltr'>CAP.</span> <span class='ocrx_word' id='word_1_2' title='bbox 238 357 338 391; x_wconf 83' lang='lat' dir='ltr'>xlx.</span> 
     </span>
    </p>
   </div>
   <div class='ocr_carea' id='block_1_2' title="bbox 130 412 318 431">
    <p class='ocr_par' dir='ltr' id='par_1_2' title="bbox 130 412 318 431">
     <span class='ocr_line' id='line_1_2' title="bbox 130 412 318 431; baseline 0 -7"><span class='ocrx_word' id='word_1_3' title='bbox 130 412 318 431; x_wconf 48' lang='grc' dir='ltr'>κ-Ὗ--α</span> 
     </span>
    </p>
   </div>
   <div class='ocr_carea' id='block_1_3' title="bbox 89 451 357 707">
    <p class='ocr_par' dir='ltr' id='par_1_3' title="bbox 89 451 357 707">
     <span class='ocr_line' id='line_1_3' title="bbox 92 451 307 489; baseline 0.009 -10"><span class='ocrx_word' id='word_1_4' title='bbox 92 451 137 479; x_wconf 89' lang='lat' dir='ltr'>De</span> <span class='ocrx_word' id='word_1_5' title='bbox 149 453 307 489; x_wconf 84' lang='lat' dir='ltr'>generibus</span> 
     </span>
     <span class='ocr_line' id='line_1_4' title="bbox 90 496 308 534; baseline 0.009 -11"><span class='ocrx_word' id='word_1_6' title='bbox 90 496 242 523; x_wconf 78' lang='lat' dir='ltr'>civitatum</span> <span class='ocrx_word' id='word_1_7' title='bbox 256 507 308 534; x_wconf 89' lang='lat' dir='ltr'>per</span> 
     </span>
     <span class='ocr_line' id='line_1_5' title="bbox 89 539 308 574; baseline 0.009 -8"><span class='ocrx_word' id='word_1_8' title='bbox 89 539 308 574; x_wconf 81' lang='lat' dir='ltr'>institutionem,</span> 
     </span>
     <span class='ocr_line' id='line_1_6' title="bbox 91 583 309 612; baseline 0.014 -3"><span class='ocrx_word' id='word_1_9' title='bbox 91 586 120 609; x_wconf 86' lang='lat' dir='ltr'>ct</span> <span class='ocrx_word' id='word_1_10' title='bbox 139 583 174 610; x_wconf 84' lang='lat' dir='ltr'>de</span> <span class='ocrx_word' id='word_1_11' title='bbox 197 591 309 612; x_wconf 74' lang='lat' dir='ltr'>succes-</span> 
     </span>
     <span class='ocr_line' id='line_1_7' title="bbox 91 625 319 655; baseline 0.013 -3"><span class='ocrx_word' id='word_1_12' title='bbox 91 625 170 653; x_wconf 86' lang='lat' dir='ltr'><strong>sione</strong></span> <span class='ocrx_word' id='word_1_13' title='bbox 191 626 228 653; x_wconf 81' lang='lat' dir='ltr'>ad</span> <span class='ocrx_word' id='word_1_14' title='bbox 243 636 319 655; x_wconf 86' lang='lat' dir='ltr'>sum—</span> 
     </span>
     <span class='ocr_line' id='line_1_8' title="bbox 90 672 357 707; baseline 0.011 -11"><span class='ocrx_word' id='word_1_15' title='bbox 90 677 167 697; x_wconf 78' lang='lat' dir='ltr'>mam</span> <span class='ocrx_word' id='word_1_16' title='bbox 178 672 357 707; x_wconf 79' lang='lat' dir='ltr'>potestatem.</span> 
     </span>
    </p>
   </div>
   <div class='ocr_carea' id='block_1_4' title="bbox 378 217 1260 261">
    <p class='ocr_par' dir='ltr' id='par_1_4' title="bbox 378 217 1260 261">
     <span class='ocr_line' id='line_1_9' title="bbox 378 217 1260 261; baseline 0.003 -3"><span class='ocrx_word' id='word_1_17' title='bbox 378 217 467 259; x_wconf 85' lang='lat'>144</span> <span class='ocrx_word' id='word_1_18' title='bbox 887 228 956 260; x_wconf 89' lang='lat' dir='ltr'>DE</span> <span class='ocrx_word' id='word_1_19' title='bbox 986 227 1260 261; x_wconf 78' lang='lat' dir='ltr'>crvlTA&#39;rE.</span> 
     </span>
    </p>
   </div>
   <div class='ocr_carea' id='block_1_5' title="bbox 366 339 1768 2900">
    <p class='ocr_par' dir='ltr' id='par_1_5' title="bbox 376 339 1766 538">
     <span class='ocr_line' id='line_1_10' title="bbox 376 339 1766 402; baseline 0 -17"><span class='ocrx_word' id='word_1_20' title='bbox 376 339 437 385; x_wconf 90' lang='lat' dir='ltr'>ab</span> <span class='ocrx_word' id='word_1_21' title='bbox 477 339 580 401; x_wconf 91' lang='lat' dir='ltr'>ipso</span> <span class='ocrx_word' id='word_1_22' title='bbox 618 355 820 386; x_wconf 88' lang='lat' dir='ltr'>numero</span> <span class='ocrx_word' id='word_1_23' title='bbox 860 339 1128 386; x_wconf 91' lang='lat' dir='ltr'>hominum.</span> <span class='ocrx_word' id='word_1_24' title='bbox 1214 340 1341 387; x_wconf 91' lang='lat' dir='ltr'>Nam</span> <span class='ocrx_word' id='word_1_25' title='bbox 1374 340 1542 402; x_wconf 83' lang='lat' dir='ltr'>paucis</span> <span class='ocrx_word' id='word_1_26' title='bbox 1580 354 1766 395; x_wconf 85' lang='lat' dir='ltr'>eorum,</span> 
     </span>
     <span class='ocr_line' id='line_1_11' title="bbox 377 414 1764 479; baseline -0.001 -18"><span class='ocrx_word' id='word_1_27' title='bbox 377 414 461 476; x_wconf 91' lang='lat' dir='ltr'>qui</span> <span class='ocrx_word' id='word_1_28' title='bbox 487 414 737 462; x_wconf 89' lang='lat' dir='ltr'>decretum</span> <span class='ocrx_word' id='word_1_29' title='bbox 763 414 997 473; x_wconf 79' lang='lat' dir='ltr'>fecerant,</span> <span class='ocrx_word' id='word_1_30' title='bbox 1023 415 1323 474; x_wconf 82' lang='lat' dir='ltr'>absentibus,</span> <span class='ocrx_word' id='word_1_31' title='bbox 1353 415 1485 479; x_wconf 92' lang='lat' dir='ltr'>quod</span> <span class='ocrx_word' id='word_1_32' title='bbox 1510 415 1764 462; x_wconf 86' lang='lat' dir='ltr'>decretum</span> 
     </span>
     <span class='ocr_line' id='line_1_12' title="bbox 377 490 1086 538; baseline 0.003 -2"><span class='ocrx_word' id='word_1_33' title='bbox 377 497 452 537; x_wconf 90' lang='lat' dir='ltr'>est</span> <span class='ocrx_word' id='word_1_34' title='bbox 475 490 621 537; x_wconf 92' lang='lat' dir='ltr'>hodie</span> <span class='ocrx_word' id='word_1_35' title='bbox 645 506 751 537; x_wconf 86' lang='lat' dir='ltr'>cras</span> <span class='ocrx_word' id='word_1_36' title='bbox 775 490 1086 538; x_wconf 85' lang='lat' dir='ltr'>rescinditur.</span> 
     </span>
    </p>

    <p class='ocr_par' dir='ltr' id='par_1_6' title="bbox 374 565 1768 840">
     <span class='ocr_line' id='line_1_13' title="bbox 446 565 1768 629; baseline -0.001 -16"><span class='ocrx_word' id='word_1_37' title='bbox 446 565 654 624; x_wconf 76' lang='lat' dir='ltr'>Quarto,</span> <span class='ocrx_word' id='word_1_38' title='bbox 680 565 946 613; x_wconf 88' lang='lat' dir='ltr'>monarcha</span> <span class='ocrx_word' id='word_1_39' title='bbox 969 582 998 613; x_wconf 90' lang='lat' dir='ltr'>a</span> <span class='ocrx_word' id='word_1_40' title='bbox 1022 566 1179 629; x_wconf 89' lang='lat' dir='ltr'>seipso</span> <span class='ocrx_word' id='word_1_41' title='bbox 1215 566 1398 613; x_wconf 89' lang='lat' dir='ltr'>invidia</span> <span class='ocrx_word' id='word_1_42' title='bbox 1437 573 1523 613; x_wconf 89' lang='lat' dir='ltr'>aut</span> <span class='ocrx_word' id='word_1_43' title='bbox 1562 565 1768 613; x_wconf 87' lang='lat' dir='ltr'>avaritia</span> 
     </span>
     <span class='ocr_line' id='line_1_14' title="bbox 376 641 1766 704; baseline 0 -17"><span class='ocrx_word' id='word_1_44' title='bbox 376 641 635 688; x_wconf 86' lang='lat' dir='ltr'>dissentire</span> <span class='ocrx_word' id='word_1_45' title='bbox 670 641 856 704; x_wconf 91' lang='lat' dir='ltr'>nequit.</span> <span class='ocrx_word' id='word_1_46' title='bbox 928 641 1096 688; x_wconf 87' lang='lat' dir='ltr'>Coetus</span> <span class='ocrx_word' id='word_1_47' title='bbox 1131 649 1295 688; x_wconf 91' lang='lat' dir='ltr'>autem</span> <span class='ocrx_word' id='word_1_48' title='bbox 1331 641 1680 689; x_wconf 88' lang='lat' dir='ltr'>dissensionem</span> <span class='ocrx_word' id='word_1_49' title='bbox 1715 641 1766 687; x_wconf 88' lang='lat' dir='ltr'>in</span> 
     </span>
     <span class='ocr_line' id='line_1_15' title="bbox 375 716 1767 781; baseline 0 -17"><span class='ocrx_word' id='word_1_50' title='bbox 375 716 533 779; x_wconf 88' lang='lat' dir='ltr'>seipso</span> <span class='ocrx_word' id='word_1_51' title='bbox 558 717 739 765; x_wconf 87' lang='lat' dir='ltr'>habere</span> <span class='ocrx_word' id='word_1_52' title='bbox 773 725 952 780; x_wconf 89' lang='lat' dir='ltr'>potest,</span> <span class='ocrx_word' id='word_1_53' title='bbox 988 733 1191 780; x_wconf 87' lang='lat' dir='ltr'>eamque</span> <span class='ocrx_word' id='word_1_54' title='bbox 1216 725 1421 775; x_wconf 86' lang='lat' dir='ltr'>tantam,</span> <span class='ocrx_word' id='word_1_55' title='bbox 1446 725 1502 765; x_wconf 92' lang='lat' dir='ltr'>ut</span> <span class='ocrx_word' id='word_1_56' title='bbox 1525 717 1767 781; x_wconf 87' lang='lat' dir='ltr'>producat</span> 
     </span>
     <span class='ocr_line' id='line_1_16' title="bbox 374 793 740 840; baseline 0.003 -1"><span class='ocrx_word' id='word_1_57' title='bbox 374 793 557 839; x_wconf 89' lang='lat' dir='ltr'>bellum</span> <span class='ocrx_word' id='word_1_58' title='bbox 581 793 740 840; x_wconf 91' lang='lat' dir='ltr'>civile.</span> 
     </span>
    </p>

    <p class='ocr_par' dir='ltr' id='par_1_7' title="bbox 369 867 1766 2445">
     <span class='ocr_line' id='line_1_17' title="bbox 442 867 1764 930; baseline -0.002 -14"><span class='ocrx_word' id='word_1_59' title='bbox 442 868 646 925; x_wconf 76' lang='lat' dir='ltr'>Quinto,</span> <span class='ocrx_word' id='word_1_60' title='bbox 671 868 723 915; x_wconf 92' lang='lat' dir='ltr'>in</span> <span class='ocrx_word' id='word_1_61' title='bbox 746 867 1031 915; x_wconf 88' lang='lat' dir='ltr'>monarchia</span> <span class='ocrx_word' id='word_1_62' title='bbox 1065 867 1429 915; x_wconf 90' lang='lat' dir='ltr'>incommodum</span> <span class='ocrx_word' id='word_1_63' title='bbox 1455 867 1650 930; x_wconf 89' lang='lat' dir='ltr'>quidem</span> <span class='ocrx_word' id='word_1_64' title='bbox 1675 874 1764 925; x_wconf 91' lang='lat' dir='ltr'>est,</span> 
     </span>
     <span class='ocr_line' id='line_1_18' title="bbox 374 943 1766 1005; baseline 0 -15"><span class='ocrx_word' id='word_1_65' title='bbox 374 950 427 990; x_wconf 91' lang='lat' dir='ltr'>ut</span> <span class='ocrx_word' id='word_1_66' title='bbox 450 943 604 1005; x_wconf 86' lang='lat' dir='ltr'>possit</span> <span class='ocrx_word' id='word_1_67' title='bbox 641 944 906 991; x_wconf 89' lang='lat' dir='ltr'>monarcha</span> <span class='ocrx_word' id='word_1_68' title='bbox 939 943 1003 990; x_wconf 91' lang='lat' dir='ltr'>ad</span> <span class='ocrx_word' id='word_1_69' title='bbox 1038 943 1297 991; x_wconf 88' lang='lat' dir='ltr'>ditandum</span> <span class='ocrx_word' id='word_1_70' title='bbox 1320 944 1531 991; x_wconf 90' lang='lat' dir='ltr'>amicum</span> <span class='ocrx_word' id='word_1_71' title='bbox 1554 943 1766 1004; x_wconf 88' lang='lat' dir='ltr'>aliquem</span> 
     </span>
     <span class='ocr_line' id='line_1_19' title="bbox 372 1018 1765 1081; baseline -0.001 -15"><span class='ocrx_word' id='word_1_72' title='bbox 372 1019 583 1066; x_wconf 86' lang='lat' dir='ltr'>fortunis</span> <span class='ocrx_word' id='word_1_73' title='bbox 618 1020 844 1067; x_wconf 88' lang='lat' dir='ltr'>omnibus</span> <span class='ocrx_word' id='word_1_74' title='bbox 869 1020 1052 1067; x_wconf 92' lang='lat' dir='ltr'>bonum</span> <span class='ocrx_word' id='word_1_75' title='bbox 1093 1018 1265 1077; x_wconf 88' lang='lat' dir='ltr'>civem,</span> <span class='ocrx_word' id='word_1_76' title='bbox 1297 1018 1428 1081; x_wconf 90' lang='lat' dir='ltr'>quod</span> <span class='ocrx_word' id='word_1_77' title='bbox 1451 1025 1615 1065; x_wconf 88' lang='lat' dir='ltr'>tamen</span> <span class='ocrx_word' id='word_1_78' title='bbox 1640 1034 1765 1065; x_wconf 88' lang='lat' dir='ltr'>nun-</span> 
     </span>
     <span class='ocr_line' id='line_1_20' title="bbox 373 1094 1765 1158; baseline -0.002 -15"><span class='ocrx_word' id='word_1_79' title='bbox 373 1111 519 1157; x_wconf 90' lang='lat' dir='ltr'>quam</span> <span class='ocrx_word' id='word_1_80' title='bbox 542 1095 729 1143; x_wconf 88' lang='lat' dir='ltr'>factum</span> <span class='ocrx_word' id='word_1_81' title='bbox 753 1096 976 1158; x_wconf 84' lang='lat' dir='ltr'>legimus,</span> <span class='ocrx_word' id='word_1_82' title='bbox 1003 1095 1226 1158; x_wconf 91' lang='lat' dir='ltr'>spoliare.</span> <span class='ocrx_word' id='word_1_83' title='bbox 1300 1094 1397 1142; x_wconf 88' lang='lat' dir='ltr'>Sed</span> <span class='ocrx_word' id='word_1_84' title='bbox 1423 1094 1553 1142; x_wconf 92' lang='lat' dir='ltr'>idem</span> <span class='ocrx_word' id='word_1_85' title='bbox 1578 1094 1765 1141; x_wconf 85' lang='lat' dir='ltr'>contin-</span> 
     </span>
     <span class='ocr_line' id='line_1_21' title="bbox 371 1171 1762 1234; baseline -0.002 -15"><span class='ocrx_word' id='word_1_86' title='bbox 371 1172 445 1234; x_wconf 84' lang='lat' dir='ltr'>git</span> <span class='ocrx_word' id='word_1_87' title='bbox 484 1188 585 1219; x_wconf 89' lang='lat' dir='ltr'>non</span> <span class='ocrx_word' id='word_1_88' title='bbox 626 1187 754 1230; x_wconf 88' lang='lat' dir='ltr'>raro,</span> <span class='ocrx_word' id='word_1_89' title='bbox 796 1172 881 1219; x_wconf 87' lang='lat' dir='ltr'>ubi</span> <span class='ocrx_word' id='word_1_90' title='bbox 924 1187 1113 1219; x_wconf 89' lang='lat' dir='ltr'>summa</span> <span class='ocrx_word' id='word_1_91' title='bbox 1151 1178 1366 1234; x_wconf 86' lang='lat' dir='ltr'>potestas</span> <span class='ocrx_word' id='word_1_92' title='bbox 1406 1171 1458 1217; x_wconf 92' lang='lat' dir='ltr'>in</span> <span class='ocrx_word' id='word_1_93' title='bbox 1497 1177 1631 1217; x_wconf 86' lang='lat' dir='ltr'>coetu</span> <span class='ocrx_word' id='word_1_94' title='bbox 1671 1177 1762 1216; x_wconf 90' lang='lat' dir='ltr'>est.</span> 
     </span>
     <span class='ocr_line' id='line_1_22' title="bbox 371 1245 1764 1310; baseline -0.002 -16"><span class='ocrx_word' id='word_1_95' title='bbox 371 1247 557 1294; x_wconf 88' lang='lat' dir='ltr'>Eadem</span> <span class='ocrx_word' id='word_1_96' title='bbox 582 1247 712 1294; x_wconf 91' lang='lat' dir='ltr'>enim</span> <span class='ocrx_word' id='word_1_97' title='bbox 737 1255 811 1295; x_wconf 90' lang='lat' dir='ltr'>est</span> <span class='ocrx_word' id='word_1_98' title='bbox 833 1247 1095 1310; x_wconf 81' lang='lat' dir='ltr'>utrobique</span> <span class='ocrx_word' id='word_1_99' title='bbox 1117 1246 1354 1309; x_wconf 89' lang='lat' dir='ltr'>potentia,</span> <span class='ocrx_word' id='word_1_100' title='bbox 1378 1245 1576 1309; x_wconf 88' lang='lat' dir='ltr'>utrique</span> <span class='ocrx_word' id='word_1_101' title='bbox 1601 1260 1764 1292; x_wconf 89' lang='lat' dir='ltr'>errare</span> 
     </span>
     <span class='ocr_line' id='line_1_23' title="bbox 371 1322 1764 1386; baseline -0.002 -16"><span class='ocrx_word' id='word_1_102' title='bbox 371 1331 612 1386; x_wconf 89' lang='lat' dir='ltr'>possunt;</span> <span class='ocrx_word' id='word_1_103' title='bbox 649 1339 739 1371; x_wconf 90' lang='lat' dir='ltr'>nec</span> <span class='ocrx_word' id='word_1_104' title='bbox 775 1323 935 1371; x_wconf 90' lang='lat' dir='ltr'>minus</span> <span class='ocrx_word' id='word_1_105' title='bbox 970 1323 1114 1371; x_wconf 88' lang='lat' dir='ltr'>facile</span> <span class='ocrx_word' id='word_1_106' title='bbox 1149 1322 1309 1386; x_wconf 90' lang='lat' dir='ltr'>decipi</span> <span class='ocrx_word' id='word_1_107' title='bbox 1342 1329 1505 1385; x_wconf 90' lang='lat' dir='ltr'>potest</span> <span class='ocrx_word' id='word_1_108' title='bbox 1542 1329 1699 1368; x_wconf 84' lang='lat' dir='ltr'>coetus</span> <span class='ocrx_word' id='word_1_109' title='bbox 1735 1336 1764 1367; x_wconf 91' lang='lat' dir='ltr'>a</span> 
     </span>
     <span class='ocr_line' id='line_1_24' title="bbox 371 1396 1764 1460; baseline -0.002 -14"><span class='ocrx_word' id='word_1_110' title='bbox 371 1399 652 1446; x_wconf 88' lang='lat' dir='ltr'>rhetoribus</span> <span class='ocrx_word' id='word_1_111' title='bbox 678 1407 728 1446; x_wconf 91' lang='lat' dir='ltr'>et</span> <span class='ocrx_word' id='word_1_112' title='bbox 753 1399 1028 1446; x_wconf 90' lang='lat' dir='ltr'>oratoribus</span> <span class='ocrx_word' id='word_1_113' title='bbox 1051 1398 1243 1446; x_wconf 90' lang='lat' dir='ltr'>blandis</span> <span class='ocrx_word' id='word_1_114' title='bbox 1267 1414 1414 1460; x_wconf 89' lang='lat' dir='ltr'>quam</span> <span class='ocrx_word' id='word_1_115' title='bbox 1446 1396 1712 1444; x_wconf 89' lang='lat' dir='ltr'>monarcha</span> <span class='ocrx_word' id='word_1_116' title='bbox 1734 1411 1764 1443; x_wconf 90' lang='lat' dir='ltr'>a</span> 
     </span>
     <span class='ocr_line' id='line_1_25' title="bbox 371 1473 1762 1532; baseline -0.003 -10"><span class='ocrx_word' id='word_1_117' title='bbox 371 1474 620 1522; x_wconf 90' lang='lat' dir='ltr'>blanditiis</span> <span class='ocrx_word' id='word_1_118' title='bbox 658 1474 946 1532; x_wconf 90' lang='lat' dir='ltr'>aulicorum,</span> <span class='ocrx_word' id='word_1_119' title='bbox 989 1474 1074 1521; x_wconf 91' lang='lat' dir='ltr'>sed</span> <span class='ocrx_word' id='word_1_120' title='bbox 1113 1474 1304 1521; x_wconf 86' lang='lat' dir='ltr'>facilius</span> <span class='ocrx_word' id='word_1_121' title='bbox 1326 1494 1338 1528; x_wconf 75' lang='lat'>3</span> <span class='ocrx_word' id='word_1_122' title='bbox 1387 1489 1502 1520; x_wconf 89' lang='lat' dir='ltr'>nam</span> <span class='ocrx_word' id='word_1_123' title='bbox 1545 1473 1596 1520; x_wconf 93' lang='lat' dir='ltr'>in</span> <span class='ocrx_word' id='word_1_124' title='bbox 1631 1479 1762 1519; x_wconf 86' lang='lat' dir='ltr'>coetu</span> 
     </span>
     <span class='ocr_line' id='line_1_26' title="bbox 371 1546 1762 1598; baseline -0.003 -1"><span class='ocrx_word' id='word_1_125' title='bbox 371 1551 496 1598; x_wconf 90' lang='lat' dir='ltr'>alter</span> <span class='ocrx_word' id='word_1_126' title='bbox 531 1550 729 1597; x_wconf 88' lang='lat' dir='ltr'>alterius</span> <span class='ocrx_word' id='word_1_127' title='bbox 763 1550 978 1597; x_wconf 84' lang='lat' dir='ltr'>avaritiae</span> <span class='ocrx_word' id='word_1_128' title='bbox 1011 1557 1060 1597; x_wconf 91' lang='lat' dir='ltr'>et</span> <span class='ocrx_word' id='word_1_129' title='bbox 1095 1549 1348 1596; x_wconf 88' lang='lat' dir='ltr'>ambitioni</span> <span class='ocrx_word' id='word_1_130' title='bbox 1372 1547 1586 1595; x_wconf 88' lang='lat' dir='ltr'>vicissim</span> <span class='ocrx_word' id='word_1_131' title='bbox 1608 1546 1762 1594; x_wconf 86' lang='lat' dir='ltr'>inser-</span> 
     </span>
     <span class='ocr_line' id='line_1_27' title="bbox 371 1623 1761 1685; baseline -0.003 -12"><span class='ocrx_word' id='word_1_132' title='bbox 371 1626 456 1673; x_wconf 90' lang='lat' dir='ltr'>vit.</span> <span class='ocrx_word' id='word_1_133' title='bbox 513 1626 639 1673; x_wconf 84' lang='lat' dir='ltr'>Sunt</span> <span class='ocrx_word' id='word_1_134' title='bbox 659 1633 822 1673; x_wconf 89' lang='lat' dir='ltr'>autem</span> <span class='ocrx_word' id='word_1_135' title='bbox 839 1625 1135 1683; x_wconf 80' lang='lat' dir='ltr'>monarchae,</span> <span class='ocrx_word' id='word_1_136' title='bbox 1155 1633 1209 1672; x_wconf 90' lang='lat' dir='ltr'>ut</span> <span class='ocrx_word' id='word_1_137' title='bbox 1229 1625 1371 1671; x_wconf 88' lang='lat' dir='ltr'>unius</span> <span class='ocrx_word' id='word_1_138' title='bbox 1394 1623 1619 1681; x_wconf 90' lang='lat' dir='ltr'>hominis,</span> <span class='ocrx_word' id='word_1_139' title='bbox 1645 1638 1761 1685; x_wconf 87' lang='lat' dir='ltr'>cog-</span> 
     </span>
     <span class='ocr_line' id='line_1_28' title="bbox 373 1698 1759 1763; baseline -0.001 -16"><span class='ocrx_word' id='word_1_140' title='bbox 373 1700 475 1747; x_wconf 87' lang='lat' dir='ltr'>nati</span> <span class='ocrx_word' id='word_1_141' title='bbox 496 1708 544 1748; x_wconf 91' lang='lat' dir='ltr'>et</span> <span class='ocrx_word' id='word_1_142' title='bbox 560 1701 704 1748; x_wconf 88' lang='lat' dir='ltr'>amici</span> <span class='ocrx_word' id='word_1_143' title='bbox 721 1716 841 1763; x_wconf 90' lang='lat' dir='ltr'>quos</span> <span class='ocrx_word' id='word_1_144' title='bbox 862 1700 1019 1747; x_wconf 86' lang='lat' dir='ltr'>ditare</span> <span class='ocrx_word' id='word_1_145' title='bbox 1034 1700 1165 1755; x_wconf 90' lang='lat' dir='ltr'>velit,</span> <span class='ocrx_word' id='word_1_146' title='bbox 1191 1699 1349 1762; x_wconf 89' lang='lat' dir='ltr'>pauci.</span> <span class='ocrx_word' id='word_1_147' title='bbox 1389 1698 1488 1747; x_wconf 77' lang='lat' dir='ltr'>Qui</span> <span class='ocrx_word' id='word_1_148' title='bbox 1508 1714 1624 1746; x_wconf 90' lang='lat' dir='ltr'>vero</span> <span class='ocrx_word' id='word_1_149' title='bbox 1649 1714 1759 1761; x_wconf 87' lang='lat' dir='ltr'>gra-</span> 
     </span>
     <span class='ocr_line' id='line_1_29' title="bbox 371 1774 1759 1839; baseline -0.001 -16"><span class='ocrx_word' id='word_1_150' title='bbox 371 1776 442 1823; x_wconf 88' lang='lat' dir='ltr'>tia</span> <span class='ocrx_word' id='word_1_151' title='bbox 461 1777 591 1839; x_wconf 91' lang='lat' dir='ltr'>apud</span> <span class='ocrx_word' id='word_1_152' title='bbox 615 1784 797 1824; x_wconf 90' lang='lat' dir='ltr'>coetum</span> <span class='ocrx_word' id='word_1_153' title='bbox 812 1776 990 1834; x_wconf 88' lang='lat' dir='ltr'>valent,</span> <span class='ocrx_word' id='word_1_154' title='bbox 1006 1783 1209 1839; x_wconf 91' lang='lat' dir='ltr'>propter</span> <span class='ocrx_word' id='word_1_155' title='bbox 1226 1774 1635 1822; x_wconf 86' lang='lat' dir='ltr'>necessitudinem</span> <span class='ocrx_word' id='word_1_156' title='bbox 1659 1774 1759 1821; x_wconf 89' lang='lat' dir='ltr'>fac-</span> 
     </span>
     <span class='ocr_line' id='line_1_30' title="bbox 371 1850 1762 1915; baseline -0.002 -16"><span class='ocrx_word' id='word_1_157' title='bbox 371 1852 516 1899; x_wconf 89' lang='lat' dir='ltr'>tionis</span> <span class='ocrx_word' id='word_1_158' title='bbox 541 1851 736 1915; x_wconf 85' lang='lat' dir='ltr'>cognati</span> <span class='ocrx_word' id='word_1_159' title='bbox 762 1859 811 1899; x_wconf 91' lang='lat' dir='ltr'>et</span> <span class='ocrx_word' id='word_1_160' title='bbox 834 1851 978 1898; x_wconf 89' lang='lat' dir='ltr'>amici</span> <span class='ocrx_word' id='word_1_161' title='bbox 996 1851 1137 1898; x_wconf 87' lang='lat' dir='ltr'>multi</span> <span class='ocrx_word' id='word_1_162' title='bbox 1161 1858 1288 1898; x_wconf 89' lang='lat' dir='ltr'>sunt.</span> <span class='ocrx_word' id='word_1_163' title='bbox 1377 1851 1439 1907; x_wconf 92' lang='lat' dir='ltr'>Is,</span> <span class='ocrx_word' id='word_1_164' title='bbox 1465 1850 1544 1896; x_wconf 90' lang='lat' dir='ltr'>cui</span> <span class='ocrx_word' id='word_1_165' title='bbox 1569 1865 1762 1897; x_wconf 88' lang='lat' dir='ltr'>monar-</span> 
     </span>
     <span class='ocr_line' id='line_1_31' title="bbox 371 1925 1759 1989; baseline -0.002 -14"><span class='ocrx_word' id='word_1_166' title='bbox 371 1928 464 1975; x_wconf 90' lang='lat' dir='ltr'>cha</span> <span class='ocrx_word' id='word_1_167' title='bbox 486 1927 633 1986; x_wconf 87' lang='lat' dir='ltr'>favet,</span> <span class='ocrx_word' id='word_1_168' title='bbox 659 1927 827 1974; x_wconf 90' lang='lat' dir='ltr'>amicis</span> <span class='ocrx_word' id='word_1_169' title='bbox 852 1942 990 1989; x_wconf 90' lang='lat' dir='ltr'>aeque</span> <span class='ocrx_word' id='word_1_170' title='bbox 1008 1926 1255 1989; x_wconf 89' lang='lat' dir='ltr'>prodesse,</span> <span class='ocrx_word' id='word_1_171' title='bbox 1282 1935 1330 1973; x_wconf 93' lang='lat' dir='ltr'>et</span> <span class='ocrx_word' id='word_1_172' title='bbox 1354 1925 1563 1972; x_wconf 88' lang='lat' dir='ltr'>inimicis</span> <span class='ocrx_word' id='word_1_173' title='bbox 1588 1926 1759 1972; x_wconf 89' lang='lat' dir='ltr'>obesse</span> 
     </span>
     <span class='ocr_line' id='line_1_32' title="bbox 369 2001 1759 2066; baseline -0.001 -15"><span class='ocrx_word' id='word_1_174' title='bbox 369 2011 534 2066; x_wconf 88' lang='lat' dir='ltr'>potest</span> <span class='ocrx_word' id='word_1_175' title='bbox 555 2025 566 2059; x_wconf 93' lang='lat'>;</span> <span class='ocrx_word' id='word_1_176' title='bbox 604 2011 656 2051; x_wconf 88' lang='lat' dir='ltr'>at</span> <span class='ocrx_word' id='word_1_177' title='bbox 680 2012 918 2061; x_wconf 84' lang='lat' dir='ltr'>oratores,</span> <span class='ocrx_word' id='word_1_178' title='bbox 944 2002 995 2049; x_wconf 92' lang='lat' dir='ltr'>id</span> <span class='ocrx_word' id='word_1_179' title='bbox 1020 2011 1108 2059; x_wconf 88' lang='lat' dir='ltr'>est,</span> <span class='ocrx_word' id='word_1_180' title='bbox 1136 2002 1310 2064; x_wconf 89' lang='lat' dir='ltr'>quibus</span> <span class='ocrx_word' id='word_1_181' title='bbox 1334 2001 1467 2048; x_wconf 84' lang='lat' dir='ltr'>favet</span> <span class='ocrx_word' id='word_1_182' title='bbox 1483 2010 1655 2058; x_wconf 86' lang='lat' dir='ltr'>coetus,</span> <span class='ocrx_word' id='word_1_183' title='bbox 1671 2017 1759 2063; x_wconf 92' lang='lat' dir='ltr'>po-</span> 
     </span>
     <span class='ocr_line' id='line_1_33' title="bbox 369 2076 1759 2141; baseline -0.003 -14"><span class='ocrx_word' id='word_1_184' title='bbox 369 2079 560 2127; x_wconf 89' lang='lat' dir='ltr'>testatis</span> <span class='ocrx_word' id='word_1_185' title='bbox 585 2078 794 2127; x_wconf 91' lang='lat' dir='ltr'>nocendi</span> <span class='ocrx_word' id='word_1_186' title='bbox 817 2078 1075 2141; x_wconf 86' lang='lat' dir='ltr'>plusquam</span> <span class='ocrx_word' id='word_1_187' title='bbox 1095 2076 1229 2135; x_wconf 89' lang='lat' dir='ltr'>satis,</span> <span class='ocrx_word' id='word_1_188' title='bbox 1250 2076 1455 2139; x_wconf 87' lang='lat' dir='ltr'>juvandi</span> <span class='ocrx_word' id='word_1_189' title='bbox 1474 2092 1648 2139; x_wconf 87' lang='lat' dir='ltr'>parum</span> <span class='ocrx_word' id='word_1_190' title='bbox 1672 2076 1759 2124; x_wconf 89' lang='lat' dir='ltr'>ha-</span> 
     </span>
     <span class='ocr_line' id='line_1_34' title="bbox 369 2151 1758 2211; baseline -0.004 -7"><span class='ocrx_word' id='word_1_191' title='bbox 369 2157 503 2204; x_wconf 88' lang='lat' dir='ltr'>bent.</span> <span class='ocrx_word' id='word_1_192' title='bbox 591 2153 853 2202; x_wconf 89' lang='lat' dir='ltr'>Accusatio</span> <span class='ocrx_word' id='word_1_193' title='bbox 891 2153 1036 2210; x_wconf 90' lang='lat' dir='ltr'>enim,</span> <span class='ocrx_word' id='word_1_194' title='bbox 1074 2161 1130 2200; x_wconf 89' lang='lat' dir='ltr'>ut</span> <span class='ocrx_word' id='word_1_195' title='bbox 1166 2161 1237 2199; x_wconf 90' lang='lat' dir='ltr'>est</span> <span class='ocrx_word' id='word_1_196' title='bbox 1274 2159 1450 2199; x_wconf 87' lang='lat' dir='ltr'>natura</span> <span class='ocrx_word' id='word_1_197' title='bbox 1490 2151 1758 2211; x_wconf 87' lang='lat' dir='ltr'>hominum,</span> 
     </span>
     <span class='ocr_line' id='line_1_35' title="bbox 371 2226 1760 2292; baseline -0.004 -13"><span class='ocrx_word' id='word_1_198' title='bbox 371 2231 559 2279; x_wconf 89' lang='lat' dir='ltr'>minore</span> <span class='ocrx_word' id='word_1_199' title='bbox 601 2228 880 2292; x_wconf 89' lang='lat' dir='ltr'>eloquentia</span> <span class='ocrx_word' id='word_1_200' title='bbox 918 2227 1107 2290; x_wconf 82' lang='lat' dir='ltr'>indiget</span> <span class='ocrx_word' id='word_1_201' title='bbox 1148 2243 1295 2290; x_wconf 88' lang='lat' dir='ltr'>quam</span> <span class='ocrx_word' id='word_1_202' title='bbox 1333 2226 1566 2284; x_wconf 86' lang='lat' dir='ltr'>defensio,</span> <span class='ocrx_word' id='word_1_203' title='bbox 1610 2228 1760 2290; x_wconf 86' lang='lat' dir='ltr'>majo-</span> 
     </span>
     <span class='ocr_line' id='line_1_36' title="bbox 370 2302 1758 2370; baseline -0.004 -15"><span class='ocrx_word' id='word_1_204' title='bbox 370 2322 569 2370; x_wconf 88' lang='lat' dir='ltr'>remque</span> <span class='ocrx_word' id='word_1_205' title='bbox 593 2305 741 2353; x_wconf 89' lang='lat' dir='ltr'>habet</span> <span class='ocrx_word' id='word_1_206' title='bbox 765 2321 876 2352; x_wconf 92' lang='lat' dir='ltr'>cum</span> <span class='ocrx_word' id='word_1_207' title='bbox 906 2303 1098 2367; x_wconf 89' lang='lat' dir='ltr'>justitia</span> <span class='ocrx_word' id='word_1_208' title='bbox 1121 2302 1488 2351; x_wconf 89' lang='lat' dir='ltr'>similitudinem</span> <span class='ocrx_word' id='word_1_209' title='bbox 1526 2302 1758 2350; x_wconf 91' lang='lat' dir='ltr'>condem-</span> 
     </span>
     <span class='ocr_line' id='line_1_37' title="bbox 370 2378 961 2445; baseline -0.008 -14"><span class='ocrx_word' id='word_1_210' title='bbox 370 2383 505 2430; x_wconf 91' lang='lat' dir='ltr'>natio</span> <span class='ocrx_word' id='word_1_211' title='bbox 531 2397 678 2445; x_wconf 89' lang='lat' dir='ltr'>quam</span> <span class='ocrx_word' id='word_1_212' title='bbox 702 2378 961 2428; x_wconf 87' lang='lat' dir='ltr'>absolutio.</span> 
     </span>
    </p>

    <p class='ocr_par' dir='ltr' id='par_1_8' title="bbox 366 2452 1759 2900">
     <span class='ocr_line' id='line_1_38' title="bbox 437 2452 1759 2516; baseline -0.002 -11"><span class='ocrx_word' id='word_1_213' title='bbox 437 2459 495 2505; x_wconf 91' lang='lat' dir='ltr'>In</span> <span class='ocrx_word' id='word_1_214' title='bbox 534 2456 819 2505; x_wconf 87' lang='lat' dir='ltr'>monarchia</span> <span class='ocrx_word' id='word_1_215' title='bbox 854 2453 1217 2502; x_wconf 88' lang='lat' dir='ltr'>incommodum</span> <span class='ocrx_word' id='word_1_216' title='bbox 1265 2461 1353 2511; x_wconf 91' lang='lat' dir='ltr'>est,</span> <span class='ocrx_word' id='word_1_217' title='bbox 1396 2452 1529 2516; x_wconf 90' lang='lat' dir='ltr'>quod</span> <span class='ocrx_word' id='word_1_218' title='bbox 1569 2469 1759 2502; x_wconf 84' lang='lat' dir='ltr'>summa</span> 
     </span>
     <span class='ocr_line' id='line_1_39' title="bbox 368 2529 1758 2597; baseline -0.004 -15"><span class='ocrx_word' id='word_1_219' title='bbox 368 2541 584 2597; x_wconf 89' lang='lat' dir='ltr'>potestas</span> <span class='ocrx_word' id='word_1_220' title='bbox 609 2531 902 2580; x_wconf 86' lang='lat' dir='ltr'>descendere</span> <span class='ocrx_word' id='word_1_221' title='bbox 927 2529 990 2578; x_wconf 90' lang='lat' dir='ltr'>ad</span> <span class='ocrx_word' id='word_1_222' title='bbox 1018 2529 1257 2578; x_wconf 83' lang='lat' dir='ltr'>infantem</span> <span class='ocrx_word' id='word_1_223' title='bbox 1289 2536 1467 2592; x_wconf 90' lang='lat' dir='ltr'>potest,</span> <span class='ocrx_word' id='word_1_224' title='bbox 1493 2529 1570 2576; x_wconf 90' lang='lat' dir='ltr'>vel</span> <span class='ocrx_word' id='word_1_225' title='bbox 1600 2529 1664 2577; x_wconf 86' lang='lat' dir='ltr'>ad</span> <span class='ocrx_word' id='word_1_226' title='bbox 1686 2530 1758 2577; x_wconf 89' lang='lat' dir='ltr'>vi-</span> 
     </span>
     <span class='ocr_line' id='line_1_40' title="bbox 368 2604 1757 2672; baseline -0.004 -15"><span class='ocrx_word' id='word_1_227' title='bbox 368 2626 476 2657; x_wconf 91' lang='lat' dir='ltr'>rum</span> <span class='ocrx_word' id='word_1_228' title='bbox 501 2609 584 2672; x_wconf 90' lang='lat' dir='ltr'>qui</span> <span class='ocrx_word' id='word_1_229' title='bbox 608 2608 736 2656; x_wconf 91' lang='lat' dir='ltr'>inter</span> <span class='ocrx_word' id='word_1_230' title='bbox 758 2607 941 2655; x_wconf 90' lang='lat' dir='ltr'>bonum</span> <span class='ocrx_word' id='word_1_231' title='bbox 966 2613 1014 2653; x_wconf 89' lang='lat' dir='ltr'>et</span> <span class='ocrx_word' id='word_1_232' title='bbox 1039 2605 1219 2652; x_wconf 89' lang='lat' dir='ltr'>malum</span> <span class='ocrx_word' id='word_1_233' title='bbox 1244 2604 1520 2652; x_wconf 86' lang='lat' dir='ltr'>discernere</span> <span class='ocrx_word' id='word_1_234' title='bbox 1539 2604 1757 2661; x_wconf 85' lang='lat' dir='ltr'>nesciat;</span> 
     </span>
     <span class='ocr_line' id='line_1_41' title="bbox 368 2681 1759 2749; baseline -0.003 -16"><span class='ocrx_word' id='word_1_235' title='bbox 368 2685 498 2733; x_wconf 88' lang='lat' dir='ltr'>unde</span> <span class='ocrx_word' id='word_1_236' title='bbox 520 2684 777 2749; x_wconf 89' lang='lat' dir='ltr'>potestatis</span> <span class='ocrx_word' id='word_1_237' title='bbox 801 2698 915 2730; x_wconf 91' lang='lat' dir='ltr'>usus</span> <span class='ocrx_word' id='word_1_238' title='bbox 947 2682 997 2729; x_wconf 91' lang='lat' dir='ltr'>in</span> <span class='ocrx_word' id='word_1_239' title='bbox 1025 2681 1120 2729; x_wconf 87' lang='lat' dir='ltr'>alio</span> <span class='ocrx_word' id='word_1_240' title='bbox 1146 2681 1252 2737; x_wconf 87' lang='lat' dir='ltr'>erit,</span> <span class='ocrx_word' id='word_1_241' title='bbox 1279 2688 1399 2743; x_wconf 88' lang='lat' dir='ltr'>puta</span> <span class='ocrx_word' id='word_1_242' title='bbox 1422 2690 1647 2729; x_wconf 84' lang='lat' dir='ltr'>curatore</span> <span class='ocrx_word' id='word_1_243' title='bbox 1671 2690 1759 2729; x_wconf 83' lang='lat' dir='ltr'>aut</span> 
     </span>
     <span class='ocr_line' id='line_1_42' title="bbox 367 2756 1758 2824; baseline -0.004 -16"><span class='ocrx_word' id='word_1_244' title='bbox 367 2768 659 2824; x_wconf 88' lang='lat' dir='ltr'>protectore.</span> <span class='ocrx_word' id='word_1_245' title='bbox 711 2758 808 2807; x_wconf 84' lang='lat' dir='ltr'>Sed</span> <span class='ocrx_word' id='word_1_246' title='bbox 826 2757 1190 2806; x_wconf 88' lang='lat' dir='ltr'>incommodum</span> <span class='ocrx_word' id='word_1_247' title='bbox 1207 2756 1257 2803; x_wconf 88' lang='lat' dir='ltr'>in</span> <span class='ocrx_word' id='word_1_248' title='bbox 1283 2773 1340 2803; x_wconf 90' lang='lat' dir='ltr'>eo</span> <span class='ocrx_word' id='word_1_249' title='bbox 1360 2756 1600 2815; x_wconf 89' lang='lat' dir='ltr'>consistit,</span> <span class='ocrx_word' id='word_1_250' title='bbox 1626 2756 1758 2819; x_wconf 91' lang='lat' dir='ltr'>quod</span> 
     </span>
     <span class='ocr_line' id='line_1_43' title="bbox 366 2831 1755 2900; baseline -0.004 -15"><span class='ocrx_word' id='word_1_251' title='bbox 366 2843 566 2900; x_wconf 90' lang='lat' dir='ltr'>propter</span> <span class='ocrx_word' id='word_1_252' title='bbox 585 2842 774 2884; x_wconf 87' lang='lat' dir='ltr'>tantam</span> <span class='ocrx_word' id='word_1_253' title='bbox 790 2833 1078 2896; x_wconf 85' lang='lat' dir='ltr'>dignitatem</span> <span class='ocrx_word' id='word_1_254' title='bbox 1095 2840 1146 2880; x_wconf 89' lang='lat' dir='ltr'>et</span> <span class='ocrx_word' id='word_1_255' title='bbox 1164 2832 1374 2880; x_wconf 88' lang='lat' dir='ltr'>officium</span> <span class='ocrx_word' id='word_1_256' title='bbox 1395 2842 1494 2880; x_wconf 85' lang='lat' dir='ltr'>tam</span> <span class='ocrx_word' id='word_1_257' title='bbox 1510 2831 1755 2881; x_wconf 87' lang='lat' dir='ltr'>lucrosum</span> 
     </span>
    </p>
   </div>
  </div>
 </body>
</html>
