<?xml version="1.0" encoding="UTF-8"?>
<!DOCTYPE html PUBLIC "-//W3C//DTD XHTML 1.0 Transitional//EN"
    "http://www.w3.org/TR/xhtml1/DTD/xhtml1-transitional.dtd">
<html xmlns="http://www.w3.org/1999/xhtml" xml:lang="en" lang="en">
 <head>
  <title>
</title>
<meta http-equiv="Content-Type" content="text/html;charset=utf-8" />
  <meta name='ocr-system' content='tesseract 3.04.00' />
  <meta name='ocr-capabilities' content='ocr_page ocr_carea ocr_par ocr_line ocrx_word'/>
</head>
<body>
  <div class='ocr_page' id='page_1' title='image "./operaphilosophic03hobbuoft_0130.png"; bbox 0 0 1910 3236; ppageno 0'>
   <div class='ocr_carea' id='block_1_1' title="bbox 96 355 293 431">
    <p class='ocr_par' dir='ltr' id='par_1_1' title="bbox 96 355 293 431">
     <span class='ocr_line' id='line_1_1' title="bbox 96 355 293 387; baseline 0.01 -2"><span class='ocrx_word' id='word_1_1' title='bbox 96 355 197 386; x_wconf 86' lang='lat' dir='ltr'><strong>CAP.</strong></span> <span class='ocrx_word' id='word_1_2' title='bbox 215 356 293 387; x_wconf 91' lang='lat' dir='ltr'>XV.</span> 
     </span>
     <span class='ocr_line' id='line_1_2' title="bbox 102 409 292 431; baseline 0.011 -8"><span class='ocrx_word' id='word_1_3' title='bbox 102 409 292 431; x_wconf 42' lang='grc' dir='ltr'>κ--Υψ</span> 
     </span>
    </p>
   </div>
   <div class='ocr_carea' id='block_1_2' title="bbox 103 448 272 486">
    <p class='ocr_par' dir='ltr' id='par_1_2' title="bbox 103 448 272 486">
     <span class='ocr_line' id='line_1_3' title="bbox 103 448 272 486; baseline 0.012 -11"><span class='ocrx_word' id='word_1_4' title='bbox 103 448 148 476; x_wconf 86' lang='lat' dir='ltr'>De</span> <span class='ocrx_word' id='word_1_5' title='bbox 160 448 272 486; x_wconf 73' lang='lat' dir='ltr'>legibus</span> 
     </span>
    </p>
   </div>
   <div class='ocr_carea' id='block_1_3' title="bbox 102 493 298 522">
    <p class='ocr_par' dir='ltr' id='par_1_3' title="bbox 102 493 298 522">
     <span class='ocr_line' id='line_1_4' title="bbox 102 493 298 522; baseline 0.01 -3"><span class='ocrx_word' id='word_1_6' title='bbox 102 496 214 521; x_wconf 73' lang='lat' dir='ltr'>naturae</span> <span class='ocrx_word' id='word_1_7' title='bbox 227 493 298 522; x_wconf 80' lang='lat' dir='ltr'>aliis.</span> 
     </span>
    </p>
   </div>
   <div class='ocr_carea' id='block_1_4' title="bbox 355 212 1204 259">
    <p class='ocr_par' dir='ltr' id='par_1_4' title="bbox 355 212 1204 259">
     <span class='ocr_line' id='line_1_5' title="bbox 355 212 1204 259; baseline 0.005 -4"><span class='ocrx_word' id='word_1_8' title='bbox 355 212 444 255; x_wconf 87' lang='lat'>118</span> <span class='ocrx_word' id='word_1_9' title='bbox 866 223 936 255; x_wconf 82' lang='lat' dir='ltr'>DE</span> <span class='ocrx_word' id='word_1_10' title='bbox 963 224 1204 259; x_wconf 77' lang='lat' dir='ltr'><strong>HOMINE.</strong></span> 
     </span>
    </p>
   </div>
   <div class='ocr_carea' id='block_1_5' title="bbox 340 333 1726 2894">
    <p class='ocr_par' dir='ltr' id='par_1_5' title="bbox 343 333 1724 854">
     <span class='ocr_line' id='line_1_6' title="bbox 349 333 1721 400; baseline 0.004 -19"><span class='ocrx_word' id='word_1_11' title='bbox 349 334 577 397; x_wconf 84' lang='lat' dir='ltr'>Sequitur</span> <span class='ocrx_word' id='word_1_12' title='bbox 601 333 728 380; x_wconf 90' lang='lat' dir='ltr'>enim</span> <span class='ocrx_word' id='word_1_13' title='bbox 747 333 825 380; x_wconf 87' lang='lat' dir='ltr'>lex</span> <span class='ocrx_word' id='word_1_14' title='bbox 840 334 945 381; x_wconf 88' lang='lat' dir='ltr'>haec</span> <span class='ocrx_word' id='word_1_15' title='bbox 965 350 1023 381; x_wconf 89' lang='lat' dir='ltr'>ex</span> <span class='ocrx_word' id='word_1_16' title='bbox 1041 335 1362 397; x_wconf 82' lang='lat' dir='ltr'>praecedente,</span> <span class='ocrx_word' id='word_1_17' title='bbox 1382 353 1505 400; x_wconf 86' lang='lat' dir='ltr'>quae,</span> <span class='ocrx_word' id='word_1_18' title='bbox 1526 337 1721 400; x_wconf 88' lang='lat' dir='ltr'>quando</span> 
     </span>
     <span class='ocr_line' id='line_1_7' title="bbox 350 407 1719 476; baseline 0.004 -20"><span class='ocrx_word' id='word_1_19' title='bbox 350 418 547 457; x_wconf 89' lang='lat' dir='ltr'>cautum</span> <span class='ocrx_word' id='word_1_20' title='bbox 573 417 645 455; x_wconf 87' lang='lat' dir='ltr'>est</span> <span class='ocrx_word' id='word_1_21' title='bbox 670 407 729 455; x_wconf 91' lang='lat' dir='ltr'>de</span> <span class='ocrx_word' id='word_1_22' title='bbox 754 408 936 467; x_wconf 84' lang='lat' dir='ltr'>futuro,</span> <span class='ocrx_word' id='word_1_23' title='bbox 957 410 1194 472; x_wconf 88' lang='lat' dir='ltr'>praeteriti</span> <span class='ocrx_word' id='word_1_24' title='bbox 1216 412 1407 459; x_wconf 90' lang='lat' dir='ltr'>veniam</span> <span class='ocrx_word' id='word_1_25' title='bbox 1431 413 1546 460; x_wconf 87' lang='lat' dir='ltr'>dare</span> <span class='ocrx_word' id='word_1_26' title='bbox 1565 413 1719 476; x_wconf 88' lang='lat' dir='ltr'>jubet.</span> 
     </span>
     <span class='ocr_line' id='line_1_8' title="bbox 351 483 1721 551; baseline 0.003 -19"><span class='ocrx_word' id='word_1_27' title='bbox 351 485 531 532; x_wconf 90' lang='lat' dir='ltr'>Ulcisci</span> <span class='ocrx_word' id='word_1_28' title='bbox 569 483 711 541; x_wconf 91' lang='lat' dir='ltr'>enim,</span> <span class='ocrx_word' id='word_1_29' title='bbox 751 483 842 530; x_wconf 86' lang='lat' dir='ltr'>nisi</span> <span class='ocrx_word' id='word_1_30' title='bbox 879 484 942 531; x_wconf 89' lang='lat' dir='ltr'>ad</span> <span class='ocrx_word' id='word_1_31' title='bbox 978 484 1196 533; x_wconf 88' lang='lat' dir='ltr'>futurum</span> <span class='ocrx_word' id='word_1_32' title='bbox 1235 486 1418 535; x_wconf 91' lang='lat' dir='ltr'>bonum</span> <span class='ocrx_word' id='word_1_33' title='bbox 1464 488 1721 551; x_wconf 85' lang='lat' dir='ltr'><strong>dirigatur,</strong></span> 
     </span>
     <span class='ocr_line' id='line_1_9' title="bbox 347 559 1724 623; baseline 0.004 -17"><span class='ocrx_word' id='word_1_34' title='bbox 347 560 659 623; x_wconf 65' lang='grc' dir='ltr'>ἐπιχαιρεκακία</span> <span class='ocrx_word' id='word_1_35' title='bbox 686 567 773 617; x_wconf 81' lang='lat' dir='ltr'>est,</span> <span class='ocrx_word' id='word_1_36' title='bbox 799 559 849 606; x_wconf 90' lang='lat' dir='ltr'>id</span> <span class='ocrx_word' id='word_1_37' title='bbox 873 568 960 618; x_wconf 83' lang='lat' dir='ltr'>est,</span> <span class='ocrx_word' id='word_1_38' title='bbox 987 560 1046 607; x_wconf 92' lang='lat' dir='ltr'>de</span> <span class='ocrx_word' id='word_1_39' title='bbox 1066 561 1192 609; x_wconf 91' lang='lat' dir='ltr'>malo</span> <span class='ocrx_word' id='word_1_40' title='bbox 1223 562 1381 610; x_wconf 85' lang='lat' dir='ltr'>alieno</span> <span class='ocrx_word' id='word_1_41' title='bbox 1405 580 1556 611; x_wconf 88' lang='lat' dir='ltr'>vanus</span> <span class='ocrx_word' id='word_1_42' title='bbox 1581 570 1630 611; x_wconf 90' lang='lat' dir='ltr'>et</span> <span class='ocrx_word' id='word_1_43' title='bbox 1652 564 1724 611; x_wconf 91' lang='lat' dir='ltr'>in-</span> 
     </span>
     <span class='ocr_line' id='line_1_10' title="bbox 347 635 1724 699; baseline 0.004 -17"><span class='ocrx_word' id='word_1_44' title='bbox 347 635 477 683; x_wconf 88' lang='lat' dir='ltr'>utilis</span> <span class='ocrx_word' id='word_1_45' title='bbox 506 635 812 697; x_wconf 89' lang='lat' dir='ltr'>triumphus;</span> <span class='ocrx_word' id='word_1_46' title='bbox 849 644 899 683; x_wconf 90' lang='lat' dir='ltr'>et</span> <span class='ocrx_word' id='word_1_47' title='bbox 933 636 1137 699; x_wconf 83' lang='lat' dir='ltr'>proinde</span> <span class='ocrx_word' id='word_1_48' title='bbox 1169 645 1339 685; x_wconf 90' lang='lat' dir='ltr'>contra</span> <span class='ocrx_word' id='word_1_49' title='bbox 1378 639 1634 698; x_wconf 88' lang='lat' dir='ltr'>rationem,</span> <span class='ocrx_word' id='word_1_50' title='bbox 1673 646 1724 687; x_wconf 90' lang='lat' dir='ltr'>et</span> 
     </span>
     <span class='ocr_line' id='line_1_11' title="bbox 343 711 1723 776; baseline 0.004 -19"><span class='ocrx_word' id='word_1_51' title='bbox 343 711 500 774; x_wconf 83' lang='lat' dir='ltr'>legem</span> <span class='ocrx_word' id='word_1_52' title='bbox 523 718 711 758; x_wconf 86' lang='lat' dir='ltr'>naturae</span> <span class='ocrx_word' id='word_1_53' title='bbox 736 726 843 773; x_wconf 87' lang='lat' dir='ltr'>quae</span> <span class='ocrx_word' id='word_1_54' title='bbox 863 711 922 759; x_wconf 86' lang='lat' dir='ltr'>de</span> <span class='ocrx_word' id='word_1_55' title='bbox 941 712 1076 759; x_wconf 85' lang='lat' dir='ltr'>vanis</span> <span class='ocrx_word' id='word_1_56' title='bbox 1091 721 1140 760; x_wconf 93' lang='lat' dir='ltr'>et</span> <span class='ocrx_word' id='word_1_57' title='bbox 1156 715 1409 776; x_wconf 90' lang='lat' dir='ltr'>superfluis</span> <span class='ocrx_word' id='word_1_58' title='bbox 1429 715 1723 763; x_wconf 82' lang='lat' dir='ltr'>contendere</span> 
     </span>
     <span class='ocr_line' id='line_1_12' title="bbox 344 786 1722 854; baseline 0.004 -20"><span class='ocrx_word' id='word_1_59' title='bbox 344 786 584 850; x_wconf 85' lang='lat' dir='ltr'>prohibet.</span> <span class='ocrx_word' id='word_1_60' title='bbox 620 786 831 835; x_wconf 90' lang='lat' dir='ltr'>Violatio</span> <span class='ocrx_word' id='word_1_61' title='bbox 847 787 968 851; x_wconf 84' lang='lat' dir='ltr'>legis</span> <span class='ocrx_word' id='word_1_62' title='bbox 983 788 1127 851; x_wconf 88' lang='lat' dir='ltr'>hujus</span> <span class='ocrx_word' id='word_1_63' title='bbox 1142 789 1418 838; x_wconf 73' lang='lat' dir='ltr'>erudelitas</span> <span class='ocrx_word' id='word_1_64' title='bbox 1436 791 1722 854; x_wconf 87' lang='lat' dir='ltr'>appellatur.</span> 
     </span>
    </p>

    <p class='ocr_par' dir='ltr' id='par_1_6' title="bbox 340 861 1725 1227">
     <span class='ocr_line' id='line_1_13' title="bbox 411 861 1724 930; baseline 0.004 -20"><span class='ocrx_word' id='word_1_65' title='bbox 411 861 655 910; x_wconf 73' lang='lat' dir='ltr'>Quoniam</span> <span class='ocrx_word' id='word_1_66' title='bbox 688 870 853 909; x_wconf 88' lang='lat' dir='ltr'>autem</span> <span class='ocrx_word' id='word_1_67' title='bbox 872 862 970 910; x_wconf 90' lang='lat' dir='ltr'>odii</span> <span class='ocrx_word' id='word_1_68' title='bbox 993 871 1042 911; x_wconf 92' lang='lat' dir='ltr'>et</span> <span class='ocrx_word' id='word_1_69' title='bbox 1066 870 1372 928; x_wconf 89' lang='lat' dir='ltr'>contemptus</span> <span class='ocrx_word' id='word_1_70' title='bbox 1396 866 1537 930; x_wconf 83' lang='lat' dir='ltr'>signa</span> <span class='ocrx_word' id='word_1_71' title='bbox 1559 867 1724 914; x_wconf 86' lang='lat' dir='ltr'>omnia</span> 
     </span>
     <span class='ocr_line' id='line_1_14' title="bbox 343 937 1723 1005; baseline 0.004 -21"><span class='ocrx_word' id='word_1_72' title='bbox 343 937 406 984; x_wconf 88' lang='lat' dir='ltr'>ad</span> <span class='ocrx_word' id='word_1_73' title='bbox 439 953 654 1000; x_wconf 86' lang='lat' dir='ltr'>pugnam</span> <span class='ocrx_word' id='word_1_74' title='bbox 691 938 982 997; x_wconf 81' lang='lat' dir='ltr'>accendunt,</span> <span class='ocrx_word' id='word_1_75' title='bbox 1007 946 1179 987; x_wconf 88' lang='lat' dir='ltr'>octavo</span> <span class='ocrx_word' id='word_1_76' title='bbox 1204 940 1312 988; x_wconf 92' lang='lat' dir='ltr'>loco</span> <span class='ocrx_word' id='word_1_77' title='bbox 1336 957 1425 1004; x_wconf 90' lang='lat' dir='ltr'>pro</span> <span class='ocrx_word' id='word_1_78' title='bbox 1449 942 1556 1005; x_wconf 86' lang='lat' dir='ltr'>lege</span> <span class='ocrx_word' id='word_1_79' title='bbox 1579 950 1723 990; x_wconf 91' lang='lat' dir='ltr'>natu-</span> 
     </span>
     <span class='ocr_line' id='line_1_15' title="bbox 344 1012 1725 1078; baseline 0.005 -19"><span class='ocrx_word' id='word_1_80' title='bbox 344 1012 430 1060; x_wconf 91' lang='lat' dir='ltr'>rali</span> <span class='ocrx_word' id='word_1_81' title='bbox 454 1012 695 1075; x_wconf 87' lang='lat' dir='ltr'>ponimus,</span> <span class='ocrx_word' id='word_1_82' title='bbox 715 1030 775 1061; x_wconf 79' lang='lat' dir='ltr'>ne</span> <span class='ocrx_word' id='word_1_83' title='bbox 798 1014 910 1078; x_wconf 74' lang='lat' dir='ltr'>quis</span> <span class='ocrx_word' id='word_1_84' title='bbox 933 1014 1264 1078; x_wconf 80' lang='lat' dir='ltr'>aliumfaeto,</span> <span class='ocrx_word' id='word_1_85' title='bbox 1283 1015 1446 1076; x_wconf 82' lang='lat' dir='ltr'>verb0,</span> <span class='ocrx_word' id='word_1_86' title='bbox 1466 1017 1618 1077; x_wconf 83' lang='lat' dir='ltr'>vultu,</span> <span class='ocrx_word' id='word_1_87' title='bbox 1635 1025 1725 1066; x_wconf 78' lang='lat' dir='ltr'>aut</span> 
     </span>
     <span class='ocr_line' id='line_1_16' title="bbox 340 1089 1724 1156; baseline 0.005 -21"><span class='ocrx_word' id='word_1_88' title='bbox 340 1095 490 1153; x_wconf 72' lang='lat' dir='ltr'>gestu</span> <span class='ocrx_word' id='word_1_89' title='bbox 513 1089 679 1136; x_wconf 72' lang='lat' dir='ltr'>odisse</span> <span class='ocrx_word' id='word_1_90' title='bbox 702 1089 781 1136; x_wconf 79' lang='lat' dir='ltr'>vel</span> <span class='ocrx_word' id='word_1_91' title='bbox 802 1089 1061 1154; x_wconf 73' lang='lat' dir='ltr'>despicere</span> <span class='ocrx_word' id='word_1_92' title='bbox 1083 1106 1136 1137; x_wconf 73' lang='lat' dir='ltr'>Se</span> <span class='ocrx_word' id='word_1_93' title='bbox 1158 1090 1425 1156; x_wconf 71' lang='lat' dir='ltr'>signfficet.</span> <span class='ocrx_word' id='word_1_94' title='bbox 1478 1093 1609 1156; x_wconf 88' lang='lat' dir='ltr'>Lege</span> <span class='ocrx_word' id='word_1_95' title='bbox 1631 1093 1724 1141; x_wconf 84' lang='lat' dir='ltr'>hac</span> 
     </span>
     <span class='ocr_line' id='line_1_17' title="bbox 342 1164 962 1227; baseline 0.003 -17"><span class='ocrx_word' id='word_1_96' title='bbox 342 1164 629 1227; x_wconf 87' lang='lat' dir='ltr'>prohibetur</span> <span class='ocrx_word' id='word_1_97' title='bbox 653 1165 962 1213; x_wconf 87' lang='lat' dir='ltr'>contumelia.</span> 
     </span>
    </p>

    <p class='ocr_par' dir='ltr' id='par_1_7' title="bbox 341 1239 1726 2894">
     <span class='ocr_line' id='line_1_18' title="bbox 411 1239 1724 1293; baseline 0.005 -6"><span class='ocrx_word' id='word_1_98' title='bbox 411 1239 628 1288; x_wconf 75' lang='lat' dir='ltr'>Quaestio</span> <span class='ocrx_word' id='word_1_99' title='bbox 653 1240 713 1288; x_wconf 90' lang='lat' dir='ltr'>de</span> <span class='ocrx_word' id='word_1_100' title='bbox 737 1240 906 1288; x_wconf 88' lang='lat' dir='ltr'>ordine</span> <span class='ocrx_word' id='word_1_101' title='bbox 938 1241 1065 1289; x_wconf 91' lang='lat' dir='ltr'>inter</span> <span class='ocrx_word' id='word_1_102' title='bbox 1098 1242 1318 1290; x_wconf 89' lang='lat' dir='ltr'>homines</span> <span class='ocrx_word' id='word_1_103' title='bbox 1354 1243 1405 1290; x_wconf 93' lang='lat' dir='ltr'>in</span> <span class='ocrx_word' id='word_1_104' title='bbox 1442 1244 1724 1293; x_wconf 88' lang='lat' dir='ltr'>conditione</span> 
     </span>
     <span class='ocr_line' id='line_1_19' title="bbox 343 1316 1726 1368; baseline 0.004 -5"><span class='ocrx_word' id='word_1_105' title='bbox 343 1316 555 1364; x_wconf 89' lang='lat' dir='ltr'>naturali</span> <span class='ocrx_word' id='word_1_106' title='bbox 577 1317 710 1364; x_wconf 90' lang='lat' dir='ltr'>nulla</span> <span class='ocrx_word' id='word_1_107' title='bbox 733 1324 820 1365; x_wconf 90' lang='lat' dir='ltr'>est.</span> <span class='ocrx_word' id='word_1_108' title='bbox 890 1317 1151 1365; x_wconf 90' lang='lat' dir='ltr'>Distinctio</span> <span class='ocrx_word' id='word_1_109' title='bbox 1174 1318 1258 1365; x_wconf 89' lang='lat' dir='ltr'>illa</span> <span class='ocrx_word' id='word_1_110' title='bbox 1292 1319 1577 1367; x_wconf 87' lang='lat' dir='ltr'>introducta</span> <span class='ocrx_word' id='word_1_111' title='bbox 1598 1327 1674 1368; x_wconf 89' lang='lat' dir='ltr'>est</span> <span class='ocrx_word' id='word_1_112' title='bbox 1695 1337 1726 1368; x_wconf 92' lang='lat' dir='ltr'>a</span> 
     </span>
     <span class='ocr_line' id='line_1_20' title="bbox 343 1391 1720 1457; baseline 0.004 -19"><span class='ocrx_word' id='word_1_113' title='bbox 343 1391 450 1455; x_wconf 85' lang='lat' dir='ltr'>lege</span> <span class='ocrx_word' id='word_1_114' title='bbox 474 1391 619 1439; x_wconf 85' lang='lat' dir='ltr'>civili.</span> <span class='ocrx_word' id='word_1_115' title='bbox 691 1392 802 1440; x_wconf 89' lang='lat' dir='ltr'>Scio</span> <span class='ocrx_word' id='word_1_116' title='bbox 827 1392 1141 1440; x_wconf 86' lang='lat' dir='ltr'>Aristotelem</span> <span class='ocrx_word' id='word_1_117' title='bbox 1165 1393 1291 1454; x_wconf 89' lang='lat' dir='ltr'>(Lib.</span> <span class='ocrx_word' id='word_1_118' title='bbox 1318 1409 1354 1441; x_wconf 90' lang='lat'>1.</span> <span class='ocrx_word' id='word_1_119' title='bbox 1379 1394 1720 1457; x_wconf 81' lang='lat' dir='ltr'>Politicorum)</span> 
     </span>
     <span class='ocr_line' id='line_1_21' title="bbox 345 1467 1725 1530; baseline 0.003 -16"><span class='ocrx_word' id='word_1_120' title='bbox 345 1468 481 1530; x_wconf 84' lang='lat' dir='ltr'>quasi</span> <span class='ocrx_word' id='word_1_121' title='bbox 503 1467 742 1530; x_wconf 90' lang='lat' dir='ltr'>principio</span> <span class='ocrx_word' id='word_1_122' title='bbox 780 1468 867 1526; x_wconf 84' lang='lat' dir='ltr'>uti,</span> <span class='ocrx_word' id='word_1_123' title='bbox 898 1484 1002 1516; x_wconf 89' lang='lat' dir='ltr'>esse</span> <span class='ocrx_word' id='word_1_124' title='bbox 1037 1468 1155 1516; x_wconf 90' lang='lat' dir='ltr'>alios</span> <span class='ocrx_word' id='word_1_125' title='bbox 1192 1485 1220 1515; x_wconf 88' lang='lat' dir='ltr'>a</span> <span class='ocrx_word' id='word_1_126' title='bbox 1259 1478 1436 1517; x_wconf 89' lang='lat' dir='ltr'>natura</span> <span class='ocrx_word' id='word_1_127' title='bbox 1469 1470 1626 1518; x_wconf 87' lang='lat' dir='ltr'>factos</span> <span class='ocrx_word' id='word_1_128' title='bbox 1661 1469 1725 1518; x_wconf 87' lang='lat' dir='ltr'>ad</span> 
     </span>
     <span class='ocr_line' id='line_1_22' title="bbox 342 1543 1724 1607; baseline 0.002 -17"><span class='ocrx_word' id='word_1_129' title='bbox 342 1543 614 1606; x_wconf 83' lang='lat' dir='ltr'>imperium,</span> <span class='ocrx_word' id='word_1_130' title='bbox 649 1543 893 1601; x_wconf 87' lang='lat' dir='ltr'>nimirum,</span> <span class='ocrx_word' id='word_1_131' title='bbox 929 1544 1185 1607; x_wconf 88' lang='lat' dir='ltr'>sapientes,</span> <span class='ocrx_word' id='word_1_132' title='bbox 1223 1544 1275 1592; x_wconf 91' lang='lat' dir='ltr'>id</span> <span class='ocrx_word' id='word_1_133' title='bbox 1309 1553 1399 1603; x_wconf 87' lang='lat' dir='ltr'>est,</span> <span class='ocrx_word' id='word_1_134' title='bbox 1425 1552 1486 1592; x_wconf 94' lang='lat' dir='ltr'>ut</span> <span class='ocrx_word' id='word_1_135' title='bbox 1519 1546 1724 1593; x_wconf 90' lang='lat' dir='ltr'>innuere</span> 
     </span>
     <span class='ocr_line' id='line_1_23' title="bbox 341 1618 1725 1682; baseline 0.003 -17"><span class='ocrx_word' id='word_1_136' title='bbox 341 1618 509 1676; x_wconf 89' lang='lat' dir='ltr'>voluit,</span> <span class='ocrx_word' id='word_1_137' title='bbox 533 1618 844 1682; x_wconf 86' lang='lat' dir='ltr'>philosophos</span> <span class='ocrx_word' id='word_1_138' title='bbox 868 1619 1022 1682; x_wconf 85' lang='lat' dir='ltr'>qualis</span> <span class='ocrx_word' id='word_1_139' title='bbox 1046 1619 1148 1682; x_wconf 89' lang='lat' dir='ltr'>ipse</span> <span class='ocrx_word' id='word_1_140' title='bbox 1168 1628 1301 1675; x_wconf 89' lang='lat' dir='ltr'>erat;</span> <span class='ocrx_word' id='word_1_141' title='bbox 1338 1621 1457 1668; x_wconf 89' lang='lat' dir='ltr'>alios</span> <span class='ocrx_word' id='word_1_142' title='bbox 1488 1621 1552 1668; x_wconf 89' lang='lat' dir='ltr'>ad</span> <span class='ocrx_word' id='word_1_143' title='bbox 1575 1621 1725 1669; x_wconf 88' lang='lat' dir='ltr'>servi-</span> 
     </span>
     <span class='ocr_line' id='line_1_24' title="bbox 344 1694 1722 1758; baseline 0.002 -17"><span class='ocrx_word' id='word_1_144' title='bbox 344 1694 537 1751; x_wconf 87' lang='lat' dir='ltr'>endum,</span> <span class='ocrx_word' id='word_1_145' title='bbox 555 1711 730 1757; x_wconf 90' lang='lat' dir='ltr'>nempe</span> <span class='ocrx_word' id='word_1_146' title='bbox 744 1695 965 1742; x_wconf 90' lang='lat' dir='ltr'>homines</span> <span class='ocrx_word' id='word_1_147' title='bbox 980 1695 1264 1758; x_wconf 87' lang='lat' dir='ltr'>corporibus</span> <span class='ocrx_word' id='word_1_148' title='bbox 1282 1703 1332 1742; x_wconf 92' lang='lat' dir='ltr'>et</span> <span class='ocrx_word' id='word_1_149' title='bbox 1351 1696 1547 1758; x_wconf 85' lang='lat' dir='ltr'>ingenio</span> <span class='ocrx_word' id='word_1_150' title='bbox 1567 1697 1722 1752; x_wconf 92' lang='lat' dir='ltr'>duris;</span> 
     </span>
     <span class='ocr_line' id='line_1_25' title="bbox 345 1769 1724 1833; baseline 0.002 -16"><span class='ocrx_word' id='word_1_151' title='bbox 345 1770 481 1833; x_wconf 79' lang='lat' dir='ltr'>quasi</span> <span class='ocrx_word' id='word_1_152' title='bbox 505 1769 771 1817; x_wconf 90' lang='lat' dir='ltr'>dominium</span> <span class='ocrx_word' id='word_1_153' title='bbox 807 1777 857 1818; x_wconf 91' lang='lat' dir='ltr'>et</span> <span class='ocrx_word' id='word_1_154' title='bbox 898 1770 1105 1818; x_wconf 88' lang='lat' dir='ltr'>servitus</span> <span class='ocrx_word' id='word_1_155' title='bbox 1130 1787 1229 1818; x_wconf 90' lang='lat' dir='ltr'>non</span> <span class='ocrx_word' id='word_1_156' title='bbox 1253 1787 1283 1818; x_wconf 89' lang='lat' dir='ltr'>a</span> <span class='ocrx_word' id='word_1_157' title='bbox 1305 1787 1547 1819; x_wconf 89' lang='lat' dir='ltr'>consensu</span> <span class='ocrx_word' id='word_1_158' title='bbox 1568 1772 1724 1820; x_wconf 80' lang='lat' dir='ltr'>homi-</span> 
     </span>
     <span class='ocr_line' id='line_1_26' title="bbox 343 1845 1724 1910; baseline 0.002 -17"><span class='ocrx_word' id='word_1_159' title='bbox 343 1862 477 1903; x_wconf 89' lang='lat' dir='ltr'>num,</span> <span class='ocrx_word' id='word_1_160' title='bbox 498 1845 583 1893; x_wconf 89' lang='lat' dir='ltr'>sed</span> <span class='ocrx_word' id='word_1_161' title='bbox 606 1862 635 1893; x_wconf 89' lang='lat' dir='ltr'>a</span> <span class='ocrx_word' id='word_1_162' title='bbox 659 1845 932 1893; x_wconf 88' lang='lat' dir='ltr'>differentia</span> <span class='ocrx_word' id='word_1_163' title='bbox 950 1845 1257 1908; x_wconf 83' lang='lat' dir='ltr'>ingeniorum</span> <span class='ocrx_word' id='word_1_164' title='bbox 1281 1847 1519 1910; x_wconf 87' lang='lat' dir='ltr'>originem</span> <span class='ocrx_word' id='word_1_165' title='bbox 1541 1847 1724 1896; x_wconf 90' lang='lat' dir='ltr'>habue-</span> 
     </span>
     <span class='ocr_line' id='line_1_27' title="bbox 344 1920 1722 1983; baseline 0.004 -16"><span class='ocrx_word' id='word_1_166' title='bbox 344 1921 444 1968; x_wconf 89' lang='lat' dir='ltr'>rint</span> <span class='ocrx_word' id='word_1_167' title='bbox 464 1938 475 1975; x_wconf 94' lang='lat'>;</span> <span class='ocrx_word' id='word_1_168' title='bbox 511 1920 563 1968; x_wconf 92' lang='lat' dir='ltr'>id</span> <span class='ocrx_word' id='word_1_169' title='bbox 577 1920 707 1983; x_wconf 91' lang='lat' dir='ltr'>quod</span> <span class='ocrx_word' id='word_1_170' title='bbox 725 1937 823 1968; x_wconf 90' lang='lat' dir='ltr'>non</span> <span class='ocrx_word' id='word_1_171' title='bbox 839 1920 984 1968; x_wconf 93' lang='lat' dir='ltr'>modo</span> <span class='ocrx_word' id='word_1_172' title='bbox 1005 1928 1175 1968; x_wconf 88' lang='lat' dir='ltr'>contra</span> <span class='ocrx_word' id='word_1_173' title='bbox 1192 1922 1446 1979; x_wconf 88' lang='lat' dir='ltr'>rationem,</span> <span class='ocrx_word' id='word_1_174' title='bbox 1467 1923 1557 1970; x_wconf 89' lang='lat' dir='ltr'>sed</span> <span class='ocrx_word' id='word_1_175' title='bbox 1574 1924 1722 1972; x_wconf 87' lang='lat' dir='ltr'>etiam</span> 
     </span>
     <span class='ocr_line' id='line_1_28' title="bbox 345 1996 1722 2060; baseline 0.004 -17"><span class='ocrx_word' id='word_1_176' title='bbox 345 2003 517 2044; x_wconf 89' lang='lat' dir='ltr'>contra</span> <span class='ocrx_word' id='word_1_177' title='bbox 539 1996 886 2058; x_wconf 85' lang='lat' dir='ltr'>experientiam</span> <span class='ocrx_word' id='word_1_178' title='bbox 910 2003 997 2043; x_wconf 88' lang='lat' dir='ltr'>est.</span> <span class='ocrx_word' id='word_1_179' title='bbox 1051 1996 1172 2046; x_wconf 74' lang='lat' dir='ltr'>Quis</span> <span class='ocrx_word' id='word_1_180' title='bbox 1188 1997 1316 2044; x_wconf 86' lang='lat' dir='ltr'>enim</span> <span class='ocrx_word' id='word_1_181' title='bbox 1340 1998 1410 2045; x_wconf 90' lang='lat' dir='ltr'>ita</span> <span class='ocrx_word' id='word_1_182' title='bbox 1433 1999 1608 2047; x_wconf 88' lang='lat' dir='ltr'>stultus</span> <span class='ocrx_word' id='word_1_183' title='bbox 1631 2011 1722 2060; x_wconf 87' lang='lat' dir='ltr'>est,</span> 
     </span>
     <span class='ocr_line' id='line_1_29' title="bbox 342 2071 1721 2139; baseline 0.003 -19"><span class='ocrx_word' id='word_1_184' title='bbox 342 2079 398 2120; x_wconf 93' lang='lat' dir='ltr'>ut</span> <span class='ocrx_word' id='word_1_185' title='bbox 437 2071 529 2119; x_wconf 87' lang='lat' dir='ltr'>sibi</span> <span class='ocrx_word' id='word_1_186' title='bbox 563 2071 624 2119; x_wconf 90' lang='lat' dir='ltr'>ab</span> <span class='ocrx_word' id='word_1_187' title='bbox 664 2071 770 2119; x_wconf 87' lang='lat' dir='ltr'>aliis</span> <span class='ocrx_word' id='word_1_188' title='bbox 802 2071 1029 2134; x_wconf 87' lang='lat' dir='ltr'>imperari</span> <span class='ocrx_word' id='word_1_189' title='bbox 1065 2072 1246 2130; x_wconf 88' lang='lat' dir='ltr'>mallet,</span> <span class='ocrx_word' id='word_1_190' title='bbox 1272 2089 1417 2136; x_wconf 90' lang='lat' dir='ltr'>quam</span> <span class='ocrx_word' id='word_1_191' title='bbox 1457 2090 1486 2122; x_wconf 90' lang='lat' dir='ltr'>a</span> <span class='ocrx_word' id='word_1_192' title='bbox 1525 2075 1683 2139; x_wconf 90' lang='lat' dir='ltr'>seipso</span> <span class='ocrx_word' id='word_1_193' title='bbox 1704 2076 1721 2124; x_wconf 72' lang='grc' dir='ltr'>ἒ</span> 
     </span>
     <span class='ocr_line' id='line_1_30' title="bbox 342 2146 1722 2213; baseline 0.004 -19"><span class='ocrx_word' id='word_1_194' title='bbox 342 2147 504 2195; x_wconf 88' lang='lat' dir='ltr'>Etiam</span> <span class='ocrx_word' id='word_1_195' title='bbox 527 2146 721 2210; x_wconf 88' lang='lat' dir='ltr'>quando</span> <span class='ocrx_word' id='word_1_196' title='bbox 744 2147 793 2195; x_wconf 90' lang='lat' dir='ltr'>vi</span> <span class='ocrx_word' id='word_1_197' title='bbox 817 2147 1129 2195; x_wconf 88' lang='lat' dir='ltr'>contenditur</span> <span class='ocrx_word' id='word_1_198' title='bbox 1151 2148 1280 2196; x_wconf 89' lang='lat' dir='ltr'>inter</span> <span class='ocrx_word' id='word_1_199' title='bbox 1303 2149 1412 2197; x_wconf 91' lang='lat' dir='ltr'>illos</span> <span class='ocrx_word' id='word_1_200' title='bbox 1434 2150 1518 2213; x_wconf 90' lang='lat' dir='ltr'>qui</span> <span class='ocrx_word' id='word_1_201' title='bbox 1541 2151 1722 2200; x_wconf 87' lang='lat' dir='ltr'>haben-</span> 
     </span>
     <span class='ocr_line' id='line_1_31' title="bbox 343 2221 1721 2288; baseline 0.004 -17"><span class='ocrx_word' id='word_1_202' title='bbox 343 2230 424 2271; x_wconf 88' lang='lat' dir='ltr'>tur</span> <span class='ocrx_word' id='word_1_203' title='bbox 446 2221 703 2286; x_wconf 87' lang='lat' dir='ltr'>sapientes‚</span> <span class='ocrx_word' id='word_1_204' title='bbox 729 2230 778 2272; x_wconf 87' lang='lat' dir='ltr'>et</span> <span class='ocrx_word' id='word_1_205' title='bbox 801 2222 908 2270; x_wconf 88' lang='lat' dir='ltr'>illos</span> <span class='ocrx_word' id='word_1_206' title='bbox 932 2223 1014 2286; x_wconf 92' lang='lat' dir='ltr'>qui</span> <span class='ocrx_word' id='word_1_207' title='bbox 1051 2230 1165 2270; x_wconf 87' lang='lat' dir='ltr'>sunt</span> <span class='ocrx_word' id='word_1_208' title='bbox 1199 2224 1402 2283; x_wconf 84' lang='lat' dir='ltr'>robusti,</span> <span class='ocrx_word' id='word_1_209' title='bbox 1427 2226 1614 2288; x_wconf 90' lang='lat' dir='ltr'>priores</span> <span class='ocrx_word' id='word_1_210' title='bbox 1651 2227 1721 2276; x_wconf 90' lang='lat' dir='ltr'>illi</span> 
     </span>
     <span class='ocr_line' id='line_1_32' title="bbox 344 2299 1723 2366; baseline 0.004 -20"><span class='ocrx_word' id='word_1_211' title='bbox 344 2314 453 2346; x_wconf 87' lang='lat' dir='ltr'>raro</span> <span class='ocrx_word' id='word_1_212' title='bbox 477 2306 562 2347; x_wconf 85' lang='lat' dir='ltr'>aut</span> <span class='ocrx_word' id='word_1_213' title='bbox 584 2314 834 2362; x_wconf 87' lang='lat' dir='ltr'>nunquam</span> <span class='ocrx_word' id='word_1_214' title='bbox 857 2299 1061 2347; x_wconf 85' lang='lat' dir='ltr'>victoria</span> <span class='ocrx_word' id='word_1_215' title='bbox 1082 2299 1351 2362; x_wconf 86' lang='lat' dir='ltr'>potiuntur.</span> <span class='ocrx_word' id='word_1_216' title='bbox 1423 2301 1473 2349; x_wconf 88' lang='lat' dir='ltr'>Si</span> <span class='ocrx_word' id='word_1_217' title='bbox 1498 2318 1614 2366; x_wconf 87' lang='lat' dir='ltr'>ergo</span> <span class='ocrx_word' id='word_1_218' title='bbox 1637 2303 1723 2352; x_wconf 88' lang='lat' dir='ltr'>ho-</span> 
     </span>
     <span class='ocr_line' id='line_1_33' title="bbox 344 2374 1721 2443; baseline 0.004 -21"><span class='ocrx_word' id='word_1_219' title='bbox 344 2375 498 2423; x_wconf 89' lang='lat' dir='ltr'>mines</span> <span class='ocrx_word' id='word_1_220' title='bbox 523 2381 700 2422; x_wconf 85' lang='lat' dir='ltr'>natura</span> <span class='ocrx_word' id='word_1_221' title='bbox 718 2374 928 2437; x_wconf 88' lang='lat' dir='ltr'>aequales</span> <span class='ocrx_word' id='word_1_222' title='bbox 943 2374 1074 2432; x_wconf 87' lang='lat' dir='ltr'>fecit,</span> <span class='ocrx_word' id='word_1_223' title='bbox 1095 2377 1404 2438; x_wconf 86' lang='lat' dir='ltr'>agnoscenda</span> <span class='ocrx_word' id='word_1_224' title='bbox 1422 2387 1496 2426; x_wconf 86' lang='lat' dir='ltr'>est</span> <span class='ocrx_word' id='word_1_225' title='bbox 1523 2380 1721 2443; x_wconf 78' lang='lat' dir='ltr'>aequali-</span> 
     </span>
     <span class='ocr_line' id='line_1_34' title="bbox 344 2450 1722 2520; baseline 0.005 -22"><span class='ocrx_word' id='word_1_226' title='bbox 344 2459 450 2499; x_wconf 87' lang='lat' dir='ltr'>tas:</span> <span class='ocrx_word' id='word_1_227' title='bbox 487 2450 573 2498; x_wconf 88' lang='lat' dir='ltr'>sed</span> <span class='ocrx_word' id='word_1_228' title='bbox 610 2450 650 2498; x_wconf 88' lang='lat' dir='ltr'>si</span> <span class='ocrx_word' id='word_1_229' title='bbox 686 2450 949 2513; x_wconf 76' lang='lat' dir='ltr'>inaequales</span> <span class='ocrx_word' id='word_1_230' title='bbox 972 2450 1105 2507; x_wconf 90' lang='lat' dir='ltr'>fecit,</span> <span class='ocrx_word' id='word_1_231' title='bbox 1130 2451 1244 2513; x_wconf 91' lang='lat' dir='ltr'>quia</span> <span class='ocrx_word' id='word_1_232' title='bbox 1267 2459 1429 2500; x_wconf 90' lang='lat' dir='ltr'>tamen</span> <span class='ocrx_word' id='word_1_233' title='bbox 1464 2456 1722 2520; x_wconf 88' lang='lat' dir='ltr'>unusquis-</span> 
     </span>
     <span class='ocr_line' id='line_1_35' title="bbox 344 2525 1721 2594; baseline 0.005 -20"><span class='ocrx_word' id='word_1_234' title='bbox 344 2542 436 2589; x_wconf 92' lang='lat' dir='ltr'>que</span> <span class='ocrx_word' id='word_1_235' title='bbox 476 2525 740 2590; x_wconf 90' lang='lat' dir='ltr'>unicuique</span> <span class='ocrx_word' id='word_1_236' title='bbox 783 2526 1019 2589; x_wconf 87' lang='lat' dir='ltr'>aequalem</span> <span class='ocrx_word' id='word_1_237' title='bbox 1055 2542 1104 2574; x_wconf 91' lang='grc'>56</span> <span class='ocrx_word' id='word_1_238' title='bbox 1160 2542 1263 2575; x_wconf 89' lang='grc'>6556</span> <span class='ocrx_word' id='word_1_239' title='bbox 1299 2537 1455 2591; x_wconf 89' lang='lat' dir='ltr'>putat,</span> <span class='ocrx_word' id='word_1_240' title='bbox 1494 2547 1590 2594; x_wconf 85' lang='lat' dir='ltr'>pax</span> <span class='ocrx_word' id='word_1_241' title='bbox 1628 2532 1721 2580; x_wconf 87' lang='lat' dir='ltr'>nisi</span> 
     </span>
     <span class='ocr_line' id='line_1_36' title="bbox 344 2600 1720 2665; baseline 0.004 -15"><span class='ocrx_word' id='word_1_242' title='bbox 344 2601 608 2665; x_wconf 88' lang='lat' dir='ltr'>aequalibus</span> <span class='ocrx_word' id='word_1_243' title='bbox 645 2600 1005 2650; x_wconf 90' lang='lat' dir='ltr'>conditionibus</span> <span class='ocrx_word' id='word_1_244' title='bbox 1052 2617 1152 2649; x_wconf 88' lang='lat' dir='ltr'>non</span> <span class='ocrx_word' id='word_1_245' title='bbox 1186 2602 1461 2652; x_wconf 86' lang='lat' dir='ltr'>habebitur.</span> <span class='ocrx_word' id='word_1_246' title='bbox 1529 2606 1720 2655; x_wconf 85' lang='lat' dir='ltr'>Admit-</span> 
     </span>
     <span class='ocr_line' id='line_1_37' title="bbox 343 2677 1722 2741; baseline 0.005 -16"><span class='ocrx_word' id='word_1_247' title='bbox 343 2677 492 2725; x_wconf 88' lang='lat' dir='ltr'>tenda</span> <span class='ocrx_word' id='word_1_248' title='bbox 530 2693 647 2741; x_wconf 88' lang='lat' dir='ltr'>ergo</span> <span class='ocrx_word' id='word_1_249' title='bbox 671 2684 745 2725; x_wconf 86' lang='lat' dir='ltr'>est</span> <span class='ocrx_word' id='word_1_250' title='bbox 767 2677 1032 2740; x_wconf 80' lang='lat' dir='ltr'>aequalitas,</span> <span class='ocrx_word' id='word_1_251' title='bbox 1058 2685 1106 2725; x_wconf 89' lang='lat' dir='ltr'>et</span> <span class='ocrx_word' id='word_1_252' title='bbox 1135 2677 1212 2725; x_wconf 87' lang='lat' dir='ltr'>lex</span> <span class='ocrx_word' id='word_1_253' title='bbox 1249 2687 1437 2728; x_wconf 79' lang='lat' dir='ltr'>naturae</span> <span class='ocrx_word' id='word_1_254' title='bbox 1478 2698 1610 2731; x_wconf 84' lang='lat' dir='ltr'>nona</span> <span class='ocrx_word' id='word_1_255' title='bbox 1648 2690 1722 2731; x_wconf 89' lang='lat' dir='ltr'>est</span> 
     </span>
     <span class='ocr_line' id='line_1_38' title="bbox 345 2753 1719 2820; baseline 0.007 -21"><span class='ocrx_word' id='word_1_256' title='bbox 345 2753 557 2801; x_wconf 73' lang='lat' dir='ltr'>homine-s·</span> <span class='ocrx_word' id='word_1_257' title='bbox 606 2769 767 2801; x_wconf 75' lang='lat' dir='ltr'>omne-s·</span> <span class='ocrx_word' id='word_1_258' title='bbox 825 2753 955 2800; x_wconf 79' lang='lat' dir='ltr'>inter</span> <span class='ocrx_word' id='word_1_259' title='bbox 999 2769 1054 2801; x_wconf 71' lang='lat' dir='ltr'>se</span> <span class='ocrx_word' id='word_1_260' title='bbox 1095 2759 1278 2802; x_wconf 79' lang='lat' dir='ltr'>natura</span> <span class='ocrx_word' id='word_1_261' title='bbox 1327 2757 1546 2820; x_wconf 67' lang='lat' dir='ltr'>‹equale-s·</span> <span class='ocrx_word' id='word_1_262' title='bbox 1596 2775 1719 2807; x_wconf 69' lang='lat' dir='ltr'>esse.</span> 
     </span>
     <span class='ocr_line' id='line_1_39' title="bbox 346 2828 1241 2894; baseline 0.002 -19"><span class='ocrx_word' id='word_1_263' title='bbox 346 2829 506 2891; x_wconf 88' lang='lat' dir='ltr'>Hujus</span> <span class='ocrx_word' id='word_1_264' title='bbox 529 2829 648 2892; x_wconf 86' lang='lat' dir='ltr'>legis</span> <span class='ocrx_word' id='word_1_265' title='bbox 673 2828 869 2877; x_wconf 87' lang='lat' dir='ltr'>violatio</span> <span class='ocrx_word' id='word_1_266' title='bbox 894 2828 1128 2894; x_wconf 76' lang='lat' dir='ltr'>superbia</span> <span class='ocrx_word' id='word_1_267' title='bbox 1153 2837 1241 2877; x_wconf 85' lang='lat' dir='ltr'>est.</span> 
     </span>
    </p>
   </div>
  </div>
 </body>
</html>
