1968 3236
497 255 779 289 APPEme
806 256 878 289 An
907 256 1241 290 LaviA‘rnAN.
1463 248 1556 290 555

181 372 239 414 ut
285 365 580 423 haereticam,
639 365 855 428 ejusdem
904 366 1140 415 doctrinae
1190 368 1561 431 consequentias
1627 391 1729 423 cn.
1747 391 1799 424 ῃ,

182 448 422 505 quotquot
454 441 587 488 nasci
618 457 760 504 posse
783 441 1070 504 praevident,
1094 442 1300 491 totidem
1329 442 1561 491 formulas
1614 443 1804 516 m

182 532 431 581 expressas
455 517 505 563 in
530 516 727 564 decreto
751 518 856 580 ipso
880 518 1202 580 perscribunt.

249 591 315 639 A.
361 592 539 639 Dixisti
579 592 724 640 modo
763 593 1063 656 prohibitum
1103 594 1210 657 lege
1245 593 1393 642 fuisse
1431 610 1561 642 anno

181 666 339 731 primo
373 667 573 730 Reginae
601 668 912 726 Elizabethae,
937 684 999 715 ne
1023 669 1105 731 qui
1128 669 1217 716 sub
1240 669 1323 716 illa
1346 669 1562 732 regimen

182 742 563 791 ecclesiasticum
584 752 882 801 exercerent,
908 743 1167 807 quicquam
1189 745 1563 807 pronuntiarent

183 833 288 867 esse
312 818 534 875 haeresin,
560 817 692 880 quod
725 834 825 865 non
848 826 975 866 esset
1010 819 1070 866 ab
1105 819 1267 882 aliquo
1295 819 1563 883 primorum

184 902 396 958 quatuor
449 893 778 941 Conciliorum
823 894 1123 956 generalium
1169 894 1562 943 condemnatum.

185 970 367 1019 Quaero
391 969 540 1032 igitur
562 985 625 1016 an
650 978 863 1017 rectores
885 970 955 1017 illi
991 970 1318 1029 ecclesiastici,
1343 987 1374 1018 a
1395 971 1564 1035 regina

184 1051 302 1092 tunc
321 1044 590 1100 constituti,
608 1044 1026 1107 promulgaverint
1047 1060 1136 1108 per
1154 1060 1321 1092 omnes
1338 1045 1564 1093 ecclesias

184 1118 503 1184 parochiales,
536 1135 760 1182 quaenam
798 1110 1165 1172 doctrinaefflae
1201 1128 1355 1179 erant,
1387 1129 1437 1168 et
1469 1120 1567 1168 for·

184 1194 329 1242 mulae
359 1194 638 1253 verborum,
667 1195 841 1258 quibus
877 1195 1211 1243 contradicere
1250 1196 1565 1259 capitale‘es-

185 1270 293 1318 set?
331 1270 443 1317 Non
466 1270 596 1317 enim
620 1270 766 1319 credo
789 1270 1011 1318 homines
1035 1270 1300 1334 imperitos,
1319 1279 1369 1320 et
1391 1272 1565 1335 quibus

184 1345 307 1393 nihil
329 1345 392 1392 ad
415 1345 619 1393 salutem
643 1361 779 1393 suam
815 1346 1076 1409 legendum
1099 1347 1435 1411 praescriptum
1459 1354 1566 1395 erat

184 1428 364 1485 praeter
386 1420 545 1469 Biblia
569 1421 733 1480 Sacra,
759 1421 1000 1485 obligatos
1034 1421 1182 1471 fuisse
1222 1423 1401 1471 habere
1435 1423 1566 1487 apud

185 1512 238 1545 se
254 1495 503 1559 exemplar
525 1495 869 1555 Conciliorum,
886 1496 1019 1559 quod
1040 1498 1204 1546 nescio
1227 1514 1290 1546 an
1313 1507 1461 1557 extet,
1485 1514 1567 1546 ve-

186 1587 311 1620 rum.
395 1570 522 1619 Sunt
561 1571 692 1619 enim
732 1571 816 1635 qui
849 1579 1016 1621 extare
1055 1572 1139 1621 illa
1178 1582 1375 1637 negant,
1412 1582 1471 1622 ut
1504 1575 1567 1622 ab

186 1646 382 1695 Arianis
417 1654 663 1710 corrupta,
699 1655 750 1695 et
783 1647 846 1696 ob
883 1663 992 1696 eam
1025 1664 1221 1697 causam
1254 1665 1511 1713 suppressa
1537 1665 1569 1697 a

187 1722 470 1771 Catholicis,

251 1797 319 1846 B.
355 1797 580 1845 Dubitari
602 1813 703 1845 non
723 1805 886 1861 potest
909 1798 970 1847 de
994 1815 1052 1847 ea
1069 1807 1209 1863 parte
1225 1799 1567 1859 Conciliorum,

189 1888 288 1935 qua
325 1872 599 1937 symbolum
635 1873 892 1933 stabilitur,
917 1875 1036 1938 quin
1060 1891 1184 1939 pura
1206 1883 1354 1924 extet.
1425 1875 1571 1924 Quod

189 1955 355 1996 autem
376 1948 440 1996 ad
462 1948 814 2012 disputationes
839 1950 966 1998 inter
990 1951 1266 1999 Catholicos
1289 1960 1339 1999 et
1363 1951 1571 1999 Haereti·

190 2038 276 2071 cos
297 2023 489 2082 attinet,
505 2030 670 2072 utrum
693 2040 751 2072 ea
772 2041 884 2089 pars
906 2027 1053 2090 periit
1071 2042 1240 2086 necne,
1255 2026 1388 2074 haud
1408 2026 1571 2089 magni

191 2098 412 2146 interest.
481 2098 725 2147 Caeterum
766 2101 898 2163 quod
934 2102 1125 2164 quaeris,
1158 2111 1321 2149 utrum
1355 2101 1570 2164 promul-

190 2181 322 2236 gatae
356 2180 498 2221 erant
530 2189 618 2236 per
651 2174 879 2223 ecclesias
913 2175 1135 2224 formulae
1166 2176 1424 2223 verborum
1459 2175 1569 2234 illae,

193 2247 368 2311 quibus
407 2248 495 2295 sub
535 2247 820 2298 Elizabetha
859 2252 1139 2299 continetur
1174 2250 1388 2308 haeresis,
1423 2250 1571 2298 nulloe

192 2323 514 2387 promulgatae
555 2331 712 2382 erant,
741 2340 803 2373 ne
837 2325 955 2389 ipsae
994 2325 1187 2388 quidem
1231 2325 1386 2373 literae
1423 2325 1572 2388 regiae

193 2399 453 2463 publicatae
486 2399 699 2458 fuerunt,
723 2400 817 2448 nisi
845 2401 994 2465 longo
1021 2409 1132 2464 post
1159 2407 1412 2464 tempore;
1447 2398 1571 2447 adeo

194 2482 251 2522 ut
273 2473 391 2538 quid
414 2482 539 2521 esset
560 2474 774 2530 haeresis,
798 2475 915 2539 quid
938 2491 1052 2534 non,
1077 2475 1188 2523 sciri
1211 2491 1241 2523 a
1262 2491 1346 2523 reo
1369 2491 1467 2523 non
1490 2490 1575 2538 po-

193 2550 322 2597 t'erat
344 2556 604 2612 antequam
622 2549 869 2599 citaretur.
919 2551 1024 2599 Etsi
1041 2551 1170 2598 enim
1192 2557 1391 2614 propter
1407 2550 1575 2598 literas

195 2624 302 2672 illas
325 2623 483 2686 regias
505 2623 703 2672 haeresis
727 2624 962 2674 declarari
997 2626 1175 2690 potuit,
1205 2625 1445 2690 quicquid'
1469 2631 1575 2673 erat

196 2699 266 2747 ita
287 2698 585 2746 declaratum
609 2714 640 2746 a
657 2699 901 2762 praedictis
921 2700 1180 2755 Conciliis;
1214 2700 1378 2763 potuit
1408 2708 1575 2748 tamen

196 2790 284 2838 per
307 2772 500 2821 easdem
523 2789 620 2820 non
640 2773 891 2823 declarari.
947 2775 1307 2839 Negligentiam
1330 2775 1456 2823 hanc
1473 2791 1576 2824 rec-

196 2858 359 2898 torum
390 2848 830 2898 ecclesiastieorum
865 2851 954 2899 sub
989 2850 1287 2909 Elizabetha,
1311 2850 1445 2914 quod
1465 2850 1575 2900 lite-
