1968 3236
522 234 592 267 nr.
619 234 806 268 nssoxo
833 233 1234 268 rnxnnnantm.
1468 222 1566 268 489

187 345 327 395 sedas
348 345 539 409 imperii
564 346 696 394 facta
719 355 861 404 esset,
887 347 1142 412 episcopus
1156 345 1567 409 Constantinopo-

186 421 370 470 litanus
394 420 455 469 de
490 421 661 470 eodem
696 423 880 471 honore
915 439 1026 471 cum
1052 425 1181 487 Papa
1204 421 1566 471 contentionem

186 496 371 545 habuit.

255 572 392 620 Inter
414 572 643 635 reliquias
667 574 814 621 etiam
839 573 1113 621 ethnicismi
1138 581 1211 622 est
1235 588 1442 638 pompa,
1466 571 1568 620 sive

178 646 457 712 processio,
499 647 548 694 in
592 664 688 711 qua
727 648 962 711 imagines
989 648 1171 695 Christi
1205 657 1254 695 et
1289 654 1569 695 sanctorum

188 721 491 770 circumferri
515 739 603 786 per
626 724 796 771 urbem
829 724 983 771 solitae
1008 731 1136 771 sunt.
1206 723 1335 771 Nam
1359 723 1409 770 in
1433 739 1570 786 pom-

185 796 263 860 pis
300 797 447 845 etiam
483 798 788 846 ethnicorum
830 799 996 846 videre
1033 808 1138 847 erat
1162 799 1211 846 in
1237 814 1399 857 curru,
1423 814 1569 862 quem

188 871 411 920 themam
440 881 490 920 et
516 874 782 921 vehiculum
806 873 1025 921 Deorum
1063 874 1390 938 appellabant,
1423 873 1569 921 simili

186 947 334 995 modo
359 948 642 996 circumlata
659 949 789 997 idola
812 966 913 997 sua.
984 950 1143 998 Quem
1163 950 1401 997 honorem
1420 949 1568 996 etiam

185 1023 343 1071 Julius
367 1024 543 1079 Caesar,
567 1033 825 1088 postquam
850 1025 899 1072 in
933 1024 1070 1072 divos
1106 1025 1372 1073 translatus
1403 1033 1493 1082 est,
1518 1032 1569 1072 et

186 1099 408 1147 nonnulli
427 1100 508 1147 alii
527 1099 844 1163 imperatores
860 1100 1413 1168 Romanffaobtinuemnt.
1441 1099 1568 1147 Usus

187 1175 351 1233 etiam,
379 1175 506 1223 inter
531 1176 741 1224 honores
770 1176 976 1234 divinos,
1000 1165 1253 1223 cereorum
1274 1176 1325 1223 in
1354 1174 1568 1223 ecclesiis

187 1250 497 1299 introductus
521 1260 595 1299 est
619 1268 648 1299 a
669 1252 814 1299 simili
832 1252 930 1299 ritu
955 1251 1277 1299 ethnicorum.
1320 1251 1481 1299 Etiam
1504 1250 1567 1298 ab

187 1326 497 1374 ethnicorum
520 1343 653 1391 aqua
678 1327 883 1375 lustrali
898 1327 1114 1374 derivata
1133 1335 1222 1385 est,
1243 1342 1339 1390 qua
1362 1334 1569 1373 utuntur

187 1401 238 1448 in
254 1401 627 1465 ecclesiis,aqua
643 1401 919 1449 benedicta.
957 1402 1079 1449 Item
1093 1402 1291 1449 libertas
1306 1401 1389 1449 illa
1406 1416 1568 1448 servo-

186 1492 312 1536 rum,
337 1493 447 1540 quae
468 1477 768 1540 permittitur
798 1477 966 1524 diebus
1001 1476 1291 1540 quibusdam
1314 1485 1429 1523 ante
1442 1477 1568 1539 jeju-

1602 364 1629 398 C
1633 366 1660 398 Α
1667 366 1707 398 Ρ.
1723 365 1833 399 XLV·

1622 421 1810 442 s——fd

1583 460 1629 489 De
1642 460 1812 489 ‹laumb-

1582 505 1630 541 εἰ.
1642 508 1671 532 τί
1685 504 1814 541 reliquiis

1584 546 1650 575 aliis
1663 547 1836 583 religionum

1584 590 1777 619 athaia-sum.

187 1552 326 1600 nium
349 1552 782 1615 quadragesimale,
808 1552 1015 1600 imitatio
1035 1560 1139 1599 erat
1159 1552 1329 1599 Romae
1353 1551 1567 1615 antiquae
1612 1549 1620 1554 ’

186 1627 239 1676 in
262 1627 616 1675 Saturnalibus
635 1646 654 1682 ,·
689 1628 835 1675 etiam
862 1626 1236 1691 perambulatio
1258 1627 1343 1674 illa
1363 1642 1452 1690 per
1480 1642 1567 1690 pa-

186 1701 463 1750 rochiarum
485 1703 607 1749 fines
624 1710 737 1765 post
760 1702 1008 1766 pascham,
1032 1701 1240 1749 imitatio
1261 1710 1335 1749 est
1353 1701 1465 1749 festi
1483 1701 1568 1764 qui

186 1777 422 1825 Romanis
444 1777 780 1840 appellabatur
803 1776 1131 1824 ambarvalia.
1181 1776 1354 1839 Neque
1378 1776 1566 1835 dubito,

187 1852 305 1916 quin
346 1852 453 1900 aliae
489 1852 777 1900 ceremoniae
813 1868 914 1900 non
950 1868 1121 1916 paucae
1144 1868 1173 1899 a
1204 1852 1426 1915 gentium
1452 1868 1567 1900 con-

186 1927 408 1976 versione
430 1928 588 1991 prima
610 1928 661 1976 in
679 1928 884 1976 ecclesia
899 1928 1084 1975 relictae
1106 1926 1304 1985 fuerint,
1323 1943 1444 1990 quas
1459 1935 1567 1974 tan-

187 2018 334 2066 quam
356 2010 490 2050 utres
511 2011 698 2051 veteres
733 2003 960 2052 doctores
984 2003 1208 2061 Romani,
1232 2002 1309 2050 vel
1332 2018 1421 2066 per
1443 2018 1562 2065 neg-

186 2077 437 2141 ligentiam
469 2078 547 2126 vel
565 2079 896 2138 ambitionem,
921 2078 1278 2126 Christianismi
1301 2079 1413 2125 vino
1437 2093 1564 2125 novo

187 2152 538 2216 impleverunt3
567 2169 663 2217 quo
682 2154 877 2202 tandem
898 2153 1161 2217 aliquando
1178 2153 1529 2215 dirumpentur.

666 2430 882 2480 CAPUT
905 2430 1080 2478 XLVI.

391 2529 453 2561 nn
489 2529 721 2561 'renuimus
757 2530 818 2562 AB
853 2529 987 2562 num
1024 2526 1352 2560 antosopnm.

187 2604 350 2662 Nom,
363 2604 533 2662 lector,
558 2613 817 2668 expectare
834 2605 929 2654 hoc
946 2605 1056 2653 loco
1075 2610 1246 2652 contra
1263 2600 1565 2665 philosophi-

187 2694 267 2727 am
301 2687 388 2726 aut
417 2678 731 2742 philosophos
762 2681 1035 2728 orationem
1072 2677 1378 2726 invectivam.
1432 2675 1566 2724 Quid

186 2769 307 2817 ergo
329 2753 467 2817 agis?
502 2753 764 2818 Distinguo
787 2755 915 2803 inter
937 2753 1250 2818 philosophos
1269 2759 1319 2799 et
1340 2766 1439 2799 non
1456 2750 1563 2815 phi-

186 2828 446 2892 losophos3
487 2835 536 2876 et
567 2828 696 2877 inter
735 2828 1088 2893 philosophiam
1121 2842 1303 2886 veram,
1326 2825 1440 2874 vitae
1472 2824 1565 2873 hu-
