1968 3236
704 200 774 235 nn
802 200 1074 235 οινιτΑτΕ.
1489 191 1576 235 201

208 310 292 374 qui
314 309 443 358 enim
468 310 711 359 observari
736 328 832 359 non
858 321 1070 375 possunt.
1117 310 1436 374 Temporibus
1460 309 1585 357 anti·
1618 334 1705 367 CAp
1737 333 1868 367 xxv-1,

208 385 464 449 quissimis,
505 385 656 433 literis
713 387 930 434 nondum
983 386 1128 450 vulgo
1169 385 1392 449 cognitis,
1438 384 1586 448 leges,
1643 390 1832 464 m

208 461 452 508 memoriae
477 477 637 519 causa,
653 463 867 509 carmine
886 462 1331 510 conscribebantur.
1383 460 1587 523 Propter
1642 470 1783 499 mmm

208 535 413 583 eandem
437 552 628 583 causam
654 537 682 584 J
687 537 867 594 udaeos,
886 547 940 585 ut
966 537 1263 600 Decalogum
1286 535 1452 599 digitis
1488 535 1587 583 suis

207 610 478 675 alligarent,
494 612 637 674 jussit
662 612 903 659 Salomon.
976 612 1219 670 Israelitis,
1237 619 1293 659 ut
1307 611 1438 675 leges
1457 611 1587 659 Deu-

207 686 466 734 teronomii
491 686 613 734 filios
642 703 754 734 suos
781 687 1027 746 docerent,
1064 702 1239 751 easque
1277 686 1498 750 postibus
1537 694 1587 734 et

202 762 366 825 januis
403 761 657 809 domorum
695 762 1032 820 inscriberent,
1073 763 1217 823 jussit
1256 762 1433 810 Moses.
1502 762 1587 809 Est

208 852 326 900 ergo
352 837 412 884 de
435 837 642 884 essentia
666 837 827 900 legum
853 838 921 884 ita
958 837 1206 895 declarari,
1230 845 1286 884 ut
1316 845 1588 900 transgres-

208 913 356 961 sionis
396 928 561 960 earum
595 913 775 960 nullam
800 913 1012 960 habeant
1049 913 1178 960 cives
1211 912 1272 960 ab
1313 912 1588 975 ignorantia

209 988 584 1036 excusationem.

278 1063 448 1126 Neque
468 1063 582 1110 satis
600 1071 673 1111 est
697 1072 751 1111 ut
770 1063 847 1111 lex
872 1063 1017 1126 ipsaa
1041 1062 1226 1110 civibus
1250 1070 1586 1126 cognoscatur,

209 1138 294 1187 sed
330 1139 475 1186 etiam
520 1147 574 1186 ut
607 1138 668 1186 ab
700 1138 993 1186 authoritate
1026 1137 1312 1200 processerit
1344 1137 1486 1196 illius,
1506 1138 1589 1201 qui

209 1230 446 1262 summam
491 1214 639 1261 habet
683 1222 991 1277 potestatem.
1074 1213 1344 1276 Legislator
1391 1213 1587 1276 quidem

211 1290 318 1353 quis
336 1290 415 1348 sit,
441 1290 490 1336 in
514 1289 645 1337 omni
671 1289 867 1336 civitate
882 1297 1054 1336 notum
1078 1303 1183 1335 esse
1207 1288 1510 1351 supponitur,
1529 1305 1587 1337 ex

211 1380 270 1413 eo
294 1364 425 1429 quod
442 1381 679 1412 consensu
702 1364 1002 1427 singulorum
1026 1363 1204 1411 civium
1228 1364 1447 1411 omnium
1471 1380 1587 1412 con-

210 1440 407 1488 stitutus
430 1450 549 1487 erat.
620 1439 925 1502 Cognoscere
954 1446 1134 1497 autem,
1160 1438 1291 1501 quod
1315 1438 1393 1486 lex
1417 1439 1478 1489 ab
1502 1439 1586 1487 illo

210 1515 292 1578 qui
306 1531 547 1571 summam
570 1514 719 1562 habet
753 1522 1047 1578 potestatem
1070 1514 1290 1577 profecta
1313 1515 1392 1573 sit,
1418 1515 1587 1563 diffiei-

209 1590 303 1638 lius
326 1599 424 1646 est;
448 1598 496 1637 et
518 1598 779 1653 propterea
802 1589 951 1652 signis
974 1589 1176 1653 indiget,
1194 1589 1246 1637 id
1268 1597 1356 1649 est,
1372 1590 1589 1638 testimo-

209 1666 302 1714 niis
338 1665 512 1729 quibus
543 1665 835 1720 verificetur,
871 1664 923 1711 id
958 1672 1048 1723 est,
1072 1681 1241 1712 verum
1270 1681 1375 1713 esse
1405 1666 1588 1714 sciatur

207 1740 367 1804 legem
383 1757 414 1788 a
436 1757 624 1788 summa
637 1748 879 1803 potestate
895 1740 1044 1788 latam
1061 1757 1180 1789 esse.
1252 1740 1376 1790 Quae
1391 1742 1587 1805 quidem

209 1817 348 1880 signa
370 1816 654 1879 plerumque
679 1825 794 1864 sunt
816 1815 893 1863 vel
917 1816 1114 1864 archiva
1136 1816 1344 1880 publica,
1371 1817 1448 1865 vel
1471 1818 1588 1866 civi-

210 1892 325 1940 tatis
371 1891 542 1955 sigilla,
583 1891 658 1939 vel
706 1892 929 1950 ministri,
977 1892 1152 1955 quibus
1197 1892 1468 1941 authoritas
1508 1895 1588 1958 jus

210 1966 403 2015 dicendi
427 1967 541 2014 data
565 1975 639 2015 est
661 1983 748 2030 per
770 1967 935 2015 literas
954 1967 1111 2030 sigillo
1135 1967 1330 2031 publico
1354 1968 1586 2032 signatas.

277 2042 486 2092 Quando
506 2058 622 2106 ergo
642 2043 845 2106 quaestio
872 2051 946 2091 est
965 2042 1025 2091 de
1050 2043 1291 2106 injuriain
1315 2044 1422 2108 lege
1446 2052 1589 2092 natu·

210 2118 314 2176 mli,
333 2118 484 2182 judex
508 2118 676 2166 talium
700 2135 953 2167 causarum
975 2119 1134 2183 legem
1152 2126 1355 2178 naturae,
1381 2136 1490 2183 quae
1508 2121 1586 2178 sit,

211 2194 485 2258 explicabit.

278 2269 363 2318 Sin
398 2269 448 2317 in
478 2269 585 2333 lege
609 2269 738 2317 civili
770 2270 972 2333 quaestio
996 2270 1164 2318 eadem
1187 2270 1265 2330 sit,
1291 2269 1586 2318 consulenda

211 2354 324 2394 sunt
345 2346 556 2404 archiva,
577 2345 659 2393 ubi
682 2346 813 2409 leges
831 2346 1024 2409 seriptae
1048 2363 1105 2394 eo
1131 2346 1233 2409 ipso
1260 2347 1358 2393 fine
1391 2361 1585 2393 conser-

210 2430 402 2479 vantur,
426 2429 482 2469 ut
512 2421 563 2468 in
591 2420 750 2473 dubiis
774 2421 1121 2477 consulantur;
1158 2437 1293 2485 quas,
1318 2421 1358 2468 si
1381 2420 1487 2483 quis
1525 2420 1585 2468 de

211 2495 417 2556 actione,
441 2512 586 2559 quam
625 2496 904 2555 meditatur,
945 2513 1008 2545 an
1043 2497 1178 2545 licita
1212 2513 1274 2544 an
1317 2496 1486 2544 illicita
1524 2496 1587 2544 sit

213 2570 418 2630 dubitat,
460 2571 709 2620 consulere
754 2579 930 2635 potest,
976 2572 1072 2619 imo
1114 2570 1258 2619 debet
1279 2592 1291 2626 ;
1345 2570 1458 2633 quia
1501 2570 1586 2633 qui

214 2645 403 2694 dubitat
418 2647 663 2694 bonumne
686 2662 749 2694 an
778 2646 956 2694 malum
980 2647 1043 2695 sit
1061 2646 1192 2709 quod
1214 2644 1513 2709 aggreditur,
1537 2653 1588 2694 et

214 2728 378 2768 tamen
392 2721 524 2780 facit,
542 2722 698 2785 legem
717 2723 1024 2785 contempsit.

281 2795 334 2843 Si
356 2795 604 2844 dubitetur
627 2813 688 2844 an
712 2796 855 2844 alicui
887 2805 943 2844 ut
976 2796 1196 2844 ministro
1219 2794 1414 2859 publico
1437 2810 1586 2857 praes-
