1968 3236
708 258 780 291 DE.
806 258 1080 293 civium.
1494 251 1583 294 149

203 383 394 431 cunque
435 368 639 431 quisque
679 369 934 432 potestatis
974 385 1073 418 suae
1112 384 1439 418 successorem
1479 386 1585 419 esse
1624 398 1726 431 cm>
1743 396 1841 430 χιχ,

202 443 336 491 velit.
407 443 458 490 Si
481 459 598 506 ergo
617 444 878 492 monarcha
903 460 1230 493 successorem
1247 460 1388 493 suum
1403 444 1583 494 diserte
1638 450 1827 475 *vd

202 517 542 577 nominaverit,
567 535 755 567 summa
777 529 1008 583 potestas,
1033 522 1176 569 simul
1198 528 1346 585 atque
1361 529 1583 570 mortuus
1600 496 1714 569 353⁰
1702 490 1815 571 υἷῃιᾞ

201 601 581 652 estanteoessor,
606 595 657 642 in
680 596 929 644 nominato
954 603 1043 644 est.
1600 580 1820 655 mgni-iux

1695 666 1818 694 adsum

269 667 367 717 Ubi
388 685 506 717 vero
530 677 877 719 testamentum
915 680 966 719 et
996 672 1147 720 verba
1182 680 1351 734 aperta
1392 672 1583 732 desunt,
1600 678 1644 697 ⁸¹⁰
1600 674 1866 748 mmmmm

201 742 270 792 ibi
291 744 556 794 voluntatis
580 747 683 809 ejus
708 747 803 795 alia
827 747 967 811 signa
1000 747 1242 796 naturalia
1280 748 1585 797 observanda

200 826 330 868 sunt.
401 820 623 870 Quorum
670 822 919 884 signorum
963 838 1115 870 unum
1162 829 1236 870 est
1280 822 1583 871 consuetudo

199 893 312 943 loci.
383 895 480 943 Ubi
504 913 621 959 ergo
653 897 913 945 succedere
938 897 1192 946 consuevit
1214 897 1272 956 is,
1298 898 1381 961 qui
1403 913 1584 962 genere

201 977 277 1018 est
298 971 564 1033 proximus,
584 972 711 1019 illius
726 980 800 1019 est
819 979 1036 1035 potestas
1055 988 1258 1028 summa,
1277 980 1586 1022 antecessore

200 1054 430 1102 mortuo;
467 1047 581 1109 quia
622 1047 662 1094 si
707 1047 855 1095 alium
895 1047 1157 1095 succedere
1203 1047 1295 1096 sibi
1339 1048 1584 1108 voluisset,

199 1120 342 1169 facile
376 1121 512 1169 illum
558 1122 725 1171 vivens
766 1124 1019 1171 nominare
1058 1123 1315 1186 potuisset.
1401 1123 1586 1172 Eadem

200 1203 366 1244 autem
392 1197 560 1259 regula
578 1205 665 1256 est,
701 1198 801 1246 sive
823 1198 1112 1262 proximitas
1135 1198 1218 1246 illa
1252 1198 1399 1246 maris
1439 1199 1588 1248 fuerit

200 1270 303 1320 sive
346 1271 574 1321 foeminae.
652 1273 966 1322 Consuetudo
1013 1273 1158 1333 enim,
1201 1289 1310 1338 quae
1353 1274 1588 1338 principis

201 1347 350 1395 verbo
384 1347 491 1395 tolli
524 1347 667 1396 facile
701 1349 863 1412 potuit
896 1365 988 1397 nec
1022 1348 1227 1407 tollitur,
1274 1349 1468 1438 signum
1513 1358 1588 1399 est

200 1423 440 1471 sublatam
463 1439 568 1471 esse
591 1424 816 1473 nolentis.

268 1497 365 1546 Ubi
388 1515 503 1547 vero
527 1515 687 1563 neque
722 1507 1068 1548 testamentum
1091 1515 1249 1562 neque
1284 1500 1585 1548 consuetudo

198 1663 315 1696 nere
354 1650 750 1706 monarchicum3
798 1650 913 1714 quia
932 1650 1139 1698 formam
1163 1650 1296 1698 illam
1335 1650 1586 1713 regnando

199 1724 642 1784 commendaverat,
679 1741 838 1787 neque
866 1726 1015 1773 verbo
1052 1725 1428 1788 improbaverat.
1500 1726 1585 1774 Se-

200 1799 378 1858 cundo,
403 1800 582 1848 liberos
617 1817 730 1849 suos
765 1801 928 1864 potius
964 1817 1110 1864 quam
1145 1800 1266 1849 alios
1300 1800 1364 1848 ad
1396 1807 1586 1850 tantam

200 1874 490 1939 dignitatem
504 1891 790 1939 promovere
805 1876 1033 1931 voluisse;
1061 1883 1110 1924 et
1127 1892 1186 1923 ex
1204 1875 1384 1934 liberis,
1403 1891 1587 1924 marem

200 1965 346 2013 quam
393 1950 658 2010 foeminam,
693 1958 749 2000 ut
793 1967 880 2015 per
926 1959 1152 1999 naturam
1197 1950 1260 1998 ad
1305 1951 1588 1999 sustinenda

198 2025 416 2090 pericula
434 2026 688 2089 aptiorem.
756 2026 940 2086 Tertio,
966 2026 1006 2074 si
1027 2026 1164 2090 prole
1187 2033 1368 2085 careat,
1386 2027 1585 2074 fratrem

200 2116 346 2165 quam
363 2101 528 2162 alium,
550 2109 699 2165 atque
723 2102 792 2150 ita
806 2118 997 2166 semper
1012 2100 1416 2165 propinquiorem
1440 2117 1586 2164 quam

199 2177 527 2225 remotiorem.
598 2177 913 2226 Praesumitur
953 2177 1084 2225 enim
1116 2176 1351 2240 sanguine
1387 2176 1585 2239 propin-

200 2251 435 2316 quiorem,
464 2268 630 2301 amore
655 2268 863 2316 quoque,
899 2252 1088 2301 caeteris
1109 2252 1322 2315 paribuS‚
1346 2251 1584 2314 potiorem

200 2341 321 2375 esse.
1261 2325 1266 2336 '

266 2393 448 2442 Verum
487 2395 528 2442 si
554 2395 848 2454 monarchae,
872 2411 961 2459 per
984 2401 1333 2443 testamentum
1357 2400 1442 2440 aut
1465 2408 1583 2441 con-

201 2476 431 2528 tractum,
455 2485 785 2517 successorem
809 2469 1105 2517 constituere
1121 2484 1267 2531 quem
1281 2467 1397 2515 velit
1419 2466 1580 2525 liceat,

200 2559 433 2608 magnum
456 2545 571 2593 inde
606 2545 801 2593 videtur
836 2545 954 2593 oriri
987 2560 1131 2608 posse
1171 2542 1356 2591 civitati
1397 2541 1582 2589 incom-

201 2619 415 2668 modum.
484 2620 614 2668 Nam
636 2627 931 2683 potestatem
970 2635 1204 2667 summam
1245 2618 1295 2664 in
1335 2616 1582 2664 hominem

201 2693 524 2758 alienigenam
538 2694 803 2743 transferre
826 2694 1038 2758 poterit;
1064 2693 1116 2742 id
1146 2692 1279 2756 quod
1306 2690 1441 2754 (quia
1469 2690 1582 2738 alie-

201 2768 394 2833 nigenae
417 2785 575 2832 neque
611 2769 768 2818 eidem
791 2769 918 2817 forte
946 2768 1195 2831 regiminis
1218 2766 1387 2814 formae
1401 2765 1581 2813 assueti

204 2852 335 2904 sunt,
359 2860 518 2908 neque
541 2844 713 2894 eodem
736 2853 932 2893 utentes
956 2859 1180 2892 sermone
1196 2858 1247 2891 se
1266 2849 1436 2889 mutuo
1460 2856 1580 2889 con-
