1968 3236
199 400 300 432 CAP.
321 402 369 434 11.

190 502 234 530 De
246 502 358 532 haeresi.

818 224 832 247 t

433 263 528 305 558
746 273 1029 306 APPENDIX
1057 273 1129 305 An
1157 273 1495 308 LEle'rHAN.

431 380 633 448 lapides
659 384 930 448 pretiosos,
969 384 1170 448 lignum,
1193 386 1408 449 foenum,
1434 387 1669 435 culmum:
1704 387 1810 436 uni-

429 460 721 523 uscujusque
767 475 890 522 opus
936 460 1249 522 manifestum
1285 462 1402 523 fiet.
1490 463 1549 510 Si
1594 462 1811 525 alicujus

430 550 554 598 opus
578 534 902 593 comburetur,
929 535 1154 582 damnum
1182 536 1446 584 sustinebit
1460 555 1478 591 ;
1515 537 1625 602 ipse
1648 545 1807 585 autem

430 608 724 666 salvabitur,
763 609 837 655 ita
872 615 1033 656 tamen
1068 616 1121 656 ut
1147 626 1248 674 per
1281 611 1459 675 ignem.
1532 612 1665 661 Quid
1698 613 1806 671 hoc,

428 686 520 733 nisi
544 686 676 747 quod
699 686 782 749 qui
804 686 1175 734 fundamentum
1206 695 1342 735 tenet
1374 689 1484 750 hoc,
1508 689 1677 738 desum
1700 707 1809 738 esse

434 761 699 820 Christum,
735 762 786 809 id
818 770 906 821 est,
931 762 987 820 is,
1014 762 1097 825 qui
1121 779 1232 810 vere
1266 764 1568 812 Christianus
1602 773 1690 825 est,
1716 767 1808 814 etsi

429 837 885 899 superaedificaverit
918 838 1118 901 lignum,
1142 838 1344 898 foenum,
1378 841 1608 899 culmum,
1637 841 1689 888 id
1718 850 1807 900 est,

429 911 660 975 dogmata
688 913 823 972 falsa,
855 930 1052 977 operam
1089 915 1278 977 perdet,
1320 916 1423 979 ipse
1455 924 1619 964 tamen
1657 917 1808 966 salva—

427 988 559 1035 bitur
579 1009 590 1043 ;
617 989 702 1036 sed
726 989 864 1051 quasi
886 1005 974 1052 per
991 990 1170 1053 ignem,
1190 990 1242 1037 id
1266 999 1354 1050 est,
1380 992 1542 1040 animo
1563 993 1808 1042 erroribus

428 1064 722 1126 expurgatis.
757 1065 918 1112 Etiam
933 1070 962 1112 2
978 1065 1102 1112 Tim.
1118 1065 1168 1113 ii.
1189 1072 1274 1114 25:
1298 1067 1592 1116 Ministrum
1606 1067 1808 1117 Domini

427 1138 607 1186 docere
639 1146 838 1203 oportet
870 1156 953 1188 eos
976 1142 1063 1204 qui
1085 1157 1140 1189 se
1173 1150 1438 1207 opponunt,
1464 1144 1515 1191 in
1538 1144 1736 1203 micitia,
1761 1145 1808 1192 si

407 1214 560 1277 forte
577 1215 717 1262 Deus
740 1215 868 1279 ipsis
891 1216 976 1264 det
1006 1217 1403 1282 resipiscentiam
1439 1227 1493 1267 ut
1527 1227 1806 1285 agnoscant

424 1290 698 1338 veritatem.
768 1290 945 1339 Nonne
967 1291 1063 1340 hoc
1087 1300 1259 1341 contra
1283 1310 1364 1342 eos
1390 1302 1479 1352 est,
1505 1296 1589 1359 qui
1610 1295 1806 1344 haereti-

425 1381 535 1412 cum
581 1367 654 1414 bis
696 1367 914 1426 citatum,
961 1368 1054 1416 nisi
1100 1371 1358 1418 renunciet
1405 1371 1644 1420 doctrinae
1689 1388 1803 1431 suae,

425 1441 590 1488 statim
625 1443 845 1491 comburi
875 1443 1063 1492 faciunt
1095 1445 1395 1510 aditumque,
1427 1447 1614 1496 homini
1640 1448 1804 1496 Chris-

423 1517 557 1564 tiano
581 1519 645 1566 ad
678 1519 1060 1569 misericordiam
1084 1521 1314 1582 divinam,
1340 1531 1579 1586 quantum
1602 1524 1654 1572 in
1688 1524 1806 1587 ipsis

425 1600 512 1651 est,
555 1594 821 1643 occludunt
841 1595 858 1643 ?
945 1597 1136 1645 Quibus
1175 1597 1295 1646 locis
1334 1599 1602 1663 Scripturae
1643 1600 1805 1647 Sacrae

427 1669 718 1717 sententiam
741 1670 867 1718 adde
891 1671 1232 1736 theologorum
1257 1675 1490 1734 omnium,
1515 1675 1757 1723 neminem
1775 1692 1805 1723 a

424 1743 618 1791 Christo
637 1745 804 1808 recipi,
824 1746 907 1809 qui
930 1754 1066 1794 metu
1090 1749 1261 1796 mortis
1279 1749 1343 1796 ad
1364 1749 1502 1797 illum
1525 1751 1732 1813 cogitur.

489 1820 553 1867 A.
592 1820 850 1869 Quomodo
872 1823 1037 1885 puniri
1061 1824 1184 1871 solet
1210 1824 1545 1888 blasphemia?

488 1895 553 1942 B.
591 1895 914 1959 Blasphemia,
963 1899 1004 1946 si
1051 1899 1287 1962 procedat
1331 1902 1391 1948 ab
1438 1901 1588 1948 animi
1639 1917 1799 1960 sensu,

422 1970 683 2020 atheismus
707 1981 796 2021 est.
867 1975 989 2023 Quis
1013 1976 1143 2023 enim
1165 1975 1500 2039 blasphemare
1535 1978 1695 2026 Deum
1721 1993 1805 2025 au-

424 2045 575 2105 deret,
601 2064 746 2110 quem
770 2065 875 2097 esse
900 2058 951 2098 et
974 2067 1141 2099 curam
1175 2067 1340 2099 rerum
1374 2053 1697 2100 humanarum
1718 2069 1803 2117 ge-

422 2138 528 2170 rere
554 2123 868 2173 existimaret.
946 2125 1044 2174 Sed
1080 2126 1131 2173 id
1163 2127 1294 2190 quod
1327 2127 1472 2191 vulgo
1502 2128 1804 2192 blasphemia

423 2197 614 2257 dicitur,
649 2200 771 2248 nihil
808 2201 942 2249 aliud
974 2210 1062 2259 est,
1098 2211 1278 2265 praeter
1311 2204 1595 2251 affectatum
1631 2203 1803 2252 divini-

422 2274 536 2322 tatis
561 2275 611 2322 in
630 2276 921 2338 juramentis
945 2293 1045 2325 non
1068 2278 1354 2326 necessariis
1381 2279 1600 2326 abusum.
1654 2279 1802 2328 Quod

422 2350 606 2397 crimen
642 2350 871 2399 definitur
905 2368 934 2399 a
972 2353 1249 2401 Justiniano
1290 2354 1516 2415 (Novella
1556 2355 1796 2417 Lxxvn.)

421 2425 513 2472 hoc
532 2426 678 2474 modo
700 2445 710 2473 z
736 2431 766 2452 “
786 2428 1078 2491 Blasphema
1100 2437 1230 2489 sunt,
1246 2445 1347 2494 per
1370 2429 1471 2477 Dei
1494 2429 1725 2495 capillos,
1749 2437 1801 2478 et

423 2508 588 2563 caput,
613 2508 662 2549 et
685 2502 759 2550 his
781 2504 1005 2567 proxima
1028 2505 1216 2553 verba.’'
1254 2505 1440 2553 Deinde
1456 2522 1603 2568 poena
1622 2505 1800 2554 consti—

422 2576 576 2623 tuitur
594 2578 882 2640 supplicium
906 2579 1146 2627 ultimum.

487 2651 552 2699 A.
587 2652 837 2714 Ejusmodi
869 2655 1147 2717 juramenta
1168 2656 1364 2704 nullane
1387 2656 1494 2720 lege
1527 2656 1798 2720 puniuntur

422 2726 550 2788 apud
574 2743 661 2774 nos
683 2728 698 2774 ἒ

487 2801 550 2848 B.
589 2802 780 2850 Nescio.
852 2804 984 2852 Quin
1008 2813 1172 2853 tamen
1196 2807 1357 2869 puniri
1381 2823 1438 2855 ea
1459 2823 1600 2872 posse
1624 2823 1773 2856 censu

420 2874 484 2921 ris
508 2876 843 2926 ecclesiasticis
866 2894 965 2927 non
985 2879 1170 2928 dubito.
1210 2881 1336 2929 Nam
1358 2890 1406 2930 et
1424 2882 1705 2930 scandalum
1719 2889 1794 2930 est
