1968 3236
517 242 589 277 nn
616 240 876 275 mmm-rs
903 238 1262 274 cumsTIANA.
1474 226 1584 269 ,389

194 356 338 414 thius,
362 354 539 404 Paulus
562 361 612 402 et
635 353 903 410 BarnabaS,
927 367 1104 416 nempe
1138 349 1376 399 Matthias
1413 346 1476 396 ab
1508 362 1586 394 ec·
1616 366 1722 401 ομ».
1740 364 1856 399 xm.

194 432 342 482 clesia
365 430 828 493 Hierosolymitana‚
854 436 903 476 et
928 427 1106 475 Paulus
1134 442 1248 475 cum
1274 423 1501 473 Barnaba
1522 421 1585 469 ab
1637 418 1841 500 Dm

195 508 400 558 ecclesia
423 506 763 558 Antiochena;
800 504 870 551 ita
903 503 1052 551 etiam
1089 503 1140 550 in
1176 501 1283 549 aliis
1307 497 1587 548 civitatibus
1635 504 1841 535 weles-³⁶0²·

0 617 11 649 3
195 582 469 650 presbyteri
493 590 543 629 et
566 588 787 644 pastores
803 580 864 627 ab
890 578 1122 636 ecclesiis,
1147 593 1256 641 quae
1279 583 1422 624 erant
1443 574 1495 622 in
1519 573 1589 620 ci-

0 673 9 715 ξ
195 659 428 708 vitatibus
452 657 562 714 illis,
581 656 901 719 eligebantur.
973 654 1199 717 Legimus
1219 653 1350 713 (Act.
1375 650 1472 699 xiv.
1498 648 1585 711 23)

198 735 401 785 Paulum
426 741 477 781 et
501 733 777 780 Barnabam
801 731 1111 794 presbyteros
1134 730 1185 776 in
1216 727 1434 776 ecclesiis
1458 725 1590 774 ordi·

0 798 9 857 ἶ
199 826 374 865 nasse;
411 809 462 857 id
499 807 630 871 quod
672 806 827 870 accipi
859 806 986 854 forte
1014 805 1084 852 ita
1106 810 1285 868 potest,
1308 819 1367 850 ac
1391 802 1433 850 si
1454 816 1589 865 pres-

0 886 9 942 ἐ
198 886 384 952 byteris
424 884 780 932 authoritatem
812 881 1065 929 dedissent
1101 879 1209 943 ipsi.
1280 877 1592 926 Intuentibus

0 963 10 974 ²
199 971 365 1012 autem
389 967 578 1009 textum
596 959 821 1007 Graecum
838 957 981 1005 aliter
1003 955 1264 1003 videbitur.
1316 955 1445 1002 Nam
1469 953 1594 1001 elec-

199 1038 271 1087 tio
289 1053 460 1085 eorum
475 1036 625 1084 fiebat
639 1050 726 1097 per
744 1034 1052 1098 χειροτόνησιν,
1067 1031 1119 1078 id
1142 1040 1232 1090 est,
1247 1046 1335 1094 per
1359 1044 1593 1077 manuum

201 1113 556 1165 elevationem3
601 1110 684 1172 qui
720 1108 893 1156 modus
930 1107 1079 1185 etijm
1119 1115 1240 1154 tunc
1277 1106 1329 1153 in
1365 1103 1594 1168 eligendo

203 1188 520 1251 magistratus
555 1185 721 1233 civiles
758 1185 810 1232 in
846 1183 1071 1231 omnibus
1093 1182 1195 1230 fere
1230 1181 1512 1230 civitatibus
1534 1196 1594 1229 eo

204 1273 425 1327 tempore
444 1263 493 1310 in
509 1278 601 1309 usu
616 1268 736 1308 erat.
762 1260 1077 1323 Presbyteros
1097 1274 1214 1321 ergo
1232 1273 1345 1306 suos
1362 1273 1596 1320 unaquae-

206 1355 301 1404 que
325 1338 535 1402 eligebat
554 1337 773 1385 ecclesia.
827 1334 1050 1399 Apostoli
1071 1342 1342 1382 conventus
1356 1332 1597 1380 Christia-

204 1430 382 1463 norum
413 1412 768 1470 convocabant,
793 1411 844 1458 in
875 1410 970 1457 illis
998 1409 1341 1473 praesidebant,
1366 1407 1599 1472 suffragia

207 1489 517 1552 colligebant,
555 1487 766 1535 electum
810 1485 1201 1549 pronuntiabant
1244 1491 1295 1532 et
1338 1483 1599 1531 benedice-

205 1566 343 1623 bant,
377 1563 471 1622 vel,
507 1571 563 1611 ut
607 1579 738 1611 nunc
773 1562 1057 1625 loquuntur,
1098 1560 1469 1617 consecrabant,
1511 1558 1599 1606 sed

206 1657 308 1690 non
331 1640 593 1703 eligebant.
651 1637 900 1687 Quoniam
924 1652 1042 1699 ergo
1066 1636 1116 1683 in
1137 1635 1364 1683 omnibus
1382 1634 1601 1682 ecclesiis

206 1723 429 1781 pastores
463 1715 557 1762 hoc
594 1714 741 1762 modo
780 1713 1103 1776 eligebantur,
1126 1711 1212 1759 ubi
1246 1711 1452 1774 legimus
1481 1709 1597 1770 (Tit.

209 1793 242 1842 i.
267 1792 320 1854 5)
347 1790 594 1855 apostolos
634 1789 951 1837 constituisse
981 1795 1205 1851 pastores
1239 1786 1444 1850 aliquos,
1469 1785 1600 1834 idem

211 1867 456 1931 significat
470 1865 787 1914 constituisse
807 1863 940 1928 quod
964 1864 1276 1928 χειροτονήσαι,
1294 1862 1372 1910 vel
1402 1862 1600 1925 eligere,

210 1958 300 2007 per
335 1942 567 2005 suffragia
602 1942 828 1989 manibus
863 1940 1062 1988 elevatis
1098 1938 1229 1996 data,
1252 1938 1331 1986 vel
1364 1938 1506 1996 fabis,
1523 1936 1602 1984 vel

211 2018 388 2082 lapillis
410 2018 462 2065 in
485 2033 661 2065 urnam
685 2017 935 2080 conjectis.
1005 2015 1064 2063 In
1087 2015 1290 2062 urbibus
1312 2021 1492 2072 autem,
1515 2013 1602 2060 ubi

213 2094 388 2143 modus
425 2094 718 2142 electionum
763 2093 888 2141 alius
932 2107 1199 2154 numquam
1245 2090 1379 2137 visus
1423 2089 1602 2147 fuerat,

215 2170 503 2219 electionem
526 2169 784 2218 aliusmodi
806 2169 937 2216 cives
960 2183 1145 2225 omnes,
1169 2166 1269 2214 sive
1293 2164 1479 2213 ethnici
1502 2164 1604 2212 sive

216 2245 497 2303 Christiani,
514 2244 743 2292 admirati
761 2252 937 2292 essent.
1007 2243 1181 2306 Neque
1204 2241 1505 2304 temporibus
1529 2255 1605 2287 se-

217 2320 477 2385 quentibus
507 2319 722 2383 episcopi
750 2319 844 2383 ipsi
874 2320 1016 2368 aliter
1039 2317 1186 2366 electi
1208 2324 1350 2364 erant
1372 2331 1519 2378 quam
1540 2314 1604 2362 ab

217 2395 434 2446 eccloeiis
465 2394 765 2458 singularum
791 2395 1002 2453 urbium,
1021 2394 1177 2442 donec
1201 2391 1262 2439 de
1286 2389 1606 2439 electionibus

218 2478 434 2535 coeptum
456 2477 531 2517 est
554 2469 777 2533 pugnari.

286 2546 617 2595 Confirmatur
651 2544 782 2593 idem
804 2561 835 2593 a
861 2545 1094 2594 diuturna
1115 2545 1167 2592 in
1191 2543 1431 2607 episcopis
1454 2541 1606 2605 ipsius

221 2623 391 2671 Romae
423 2620 659 2684 eligendis
690 2621 1057 2669 consuetudine.
1128 2620 1256 2667 Nam
1280 2619 1321 2667 si
1344 2619 1395 2666 in
1414 2618 1514 2666 ulla
1535 2618 1603 2666 ci-

220 2697 373 2746 vitate
413 2696 684 2760 episcopuS,
719 2695 771 2743 in
810 2696 957 2744 aliam
996 2695 1163 2744 sedem
1196 2695 1495 2757 migraturus
1526 2694 1606 2743 vel

221 2772 503 2830 morituruS,
524 2786 853 2820 successorem
876 2788 1019 2821 suum
1052 2770 1382 2820 constituendi
1416 2771 1497 2834 jus
1518 2770 1607 2819 ha-

220 2848 423 2907 buisset,
447 2846 602 2896 multo
625 2846 781 2911 magis
804 2848 1059 2912 episcopus
1084 2848 1335 2895 Romanus
1373 2846 1495 2896 illud
1525 2848 1607 2911 jus
