1910 3236
143 370 246 402 CAP.
263 371 326 403 VI.

124 473 170 500 De
184 472 337 510 principiis

125 517 247 544 internis
260 519 357 544 motus

124 560 290 595 voluntarii,
302 563 357 589 etc.

147 2711 250 2740 Pudor.

385 227 447 268 46
905 235 976 269 DE
1003 236 1246 270 HOMINE.

452 347 628 396 Inanis
648 347 838 413 gloria,
859 363 968 411 quae
986 348 1209 396 consistit
1231 349 1282 396 in
1299 349 1417 397 ficta
1434 350 1767 414 suppositione

388 423 622 472 virtutum
658 439 778 487 quas
817 423 957 471 nobis
997 423 1176 472 scimus
1220 441 1321 473 non
1357 426 1532 485 inesse,
1569 428 1769 491 propria

384 500 487 548 fere
526 507 599 548 est
634 501 884 563 juvenum,
927 500 1170 564 aliturque
1207 517 1238 549 a
1272 517 1437 549 rerum
1477 519 1768 567 magnarum

385 576 600 624 historiis
616 576 694 624 vel
712 592 742 623 a
754 575 1116 624 narrationibus
1132 577 1259 624 fictis
1276 598 1289 632 ;
1325 578 1587 642 corrigitur
1604 586 1769 628 autem

387 668 565 715 magna
587 667 647 699 ex
668 658 807 714 parte
830 658 976 699 aetate
1000 659 1051 699 et
1071 653 1296 715 negotiis.

455 727 689 775 Gloriatio
728 727 889 774 subita
931 727 1093 790 passio
1139 728 1223 776 illa
1267 735 1357 787 est,
1398 745 1507 792 quae
1541 729 1772 793 producit

388 803 542 851 risum
556 822 575 858 ;
609 803 759 851 habet
777 811 942 851 autem
959 819 1049 867 pro
1065 820 1213 852 causa
1227 804 1305 852 vel
1329 805 1538 853 subitam
1556 806 1771 869 aliquam

388 880 633 927 actionem
671 879 916 943 propriam
964 879 1014 926 in
1061 895 1172 943 qua,
1220 880 1303 943 qui
1347 896 1456 928 eam
1500 881 1633 940 fecit,
1680 882 1790 929 sibi.

387 955 564 1018 placet,
588 954 667 1002 vel
695 960 986 1017 conceptum
1016 955 1337 1019 turpitudinis
1371 956 1450 1003 vel
1476 956 1596 1005 facti
1626 957 1772 1005 alieni

387 1030 621 1089 indecori,
663 1030 1024 1094 comparatione
1066 1032 1204 1094 cujus
1250 1031 1412 1079 subito
1449 1032 1641 1080 sibimet
1679 1033 1773 1097 ipsi

388 1106 774 1154 commendatur.
844 1106 1099 1169 Contingit
1122 1114 1287 1154 autem
1309 1107 1404 1155 hoc
1426 1107 1520 1156 illis
1544 1108 1771 1168 maxime,

388 1183 472 1246 qui
504 1198 616 1230 cum
645 1182 880 1230 virtutum
911 1182 1314 1245 paucissimarum
1337 1183 1520 1231 conscii
1542 1184 1635 1231 sibi
1657 1184 1772 1244 sint,

385 1260 565 1307 bonam
600 1258 660 1306 de
695 1258 862 1321 seipsis
896 1258 1174 1321 opinionem
1206 1274 1493 1307 conservare
1529 1275 1631 1308 non
1661 1275 1773 1323 pos-

389 1342 518 1393 sunt,
531 1334 627 1382 nisi
639 1334 946 1381 infirmitates
960 1333 1166 1381 aliorum
1181 1334 1435 1382 hominum
1449 1335 1771 1384 observando.

390 1411 561 1473 Itaque
597 1410 780 1456 multus
825 1409 950 1456 risus
996 1409 1189 1471 signum
1230 1416 1304 1457 est
1341 1410 1771 1473 pusillanimitatis

389 1484 556 1533 Animi
579 1484 709 1532 enim
731 1484 897 1547 magni
921 1499 1042 1547 opus
1058 1484 1312 1547 proprium
1336 1493 1410 1533 est
1432 1486 1655 1534 auxiliari
1677 1494 1727 1534 et
1744 1503 1774 1534 a

390 1568 678 1624 contemptu
695 1560 814 1608 alios
836 1560 1042 1607 liberare
1059 1580 1071 1615 ;
1107 1560 1291 1623 seipsos
1307 1568 1471 1609 autem
1490 1578 1602 1609 cum
1619 1561 1773 1610 maxi-

389 1637 481 1684 mis
503 1636 782 1684 hominibus
805 1636 917 1684 solis
940 1651 1238 1699 comparare.

456 1712 654 1769 Contra,
692 1711 924 1759 demissio
965 1710 1118 1758 animi
1156 1710 1325 1758 subita
1359 1712 1519 1775 passio
1557 1720 1632 1759 est
1663 1727 1773 1775 quae

386 1787 616 1850 producit
634 1787 817 1848 fletum
832 1804 851 1841 ;
887 1786 1024 1848 cujus
1055 1801 1203 1833 causa
1230 1794 1343 1834 sunt
1378 1786 1651 1835 accidentia
1673 1788 1772 1846 illa,

389 1879 498 1925 quae
520 1878 750 1925 magnam
785 1877 919 1925 spem
951 1861 1165 1924 aliquam
1189 1862 1266 1910 vel
1288 1863 1523 1925 potentiae
1549 1879 1650 1912 suae
1674 1871 1774 1912 sta-

390 1945 559 1985 tumen
581 1937 782 2000 aliquod
811 1937 971 1985 subito
998 1937 1222 1986 destruit.
1292 1939 1448 1986 Fletui
1471 1946 1636 1987 autem
1660 1941 1773 1988 sub-

384 2013 506 2077 jecti
531 2020 646 2061 sunt
668 2013 738 2060 illi
757 2013 840 2076 qui
863 2013 1054 2061 auxiliis
1073 2014 1287 2062 externis
1307 2015 1515 2062 maxime
1533 2015 1772 2079 indigent,

390 2088 556 2152 quales
575 2096 689 2136 sunt
707 2088 919 2136 foeminae
939 2096 989 2136 et
1010 2089 1164 2152 pueri.
1223 2090 1321 2138 Alii
1345 2091 1507 2154 itaque
1526 2092 1773 2154 jacturam

389 2164 574 2212 deflent
603 2164 898 2219 amicorum3
935 2164 1017 2212 alii
1046 2164 1475 2228 i11gratitudinem3
1511 2166 1593 2214 alii
1625 2167 1773 2215 etiam

387 2240 509 2288 flent
526 2239 720 2304 quando
744 2256 856 2287 cum
879 2239 973 2287 illis
998 2240 1336 2299 conciliantur,
1357 2248 1616 2305 propterea
1639 2242 1773 2304 quod

386 2315 502 2363 inde
546 2316 703 2363 oritur
746 2314 974 2363 vindictae
1025 2323 1230 2379 speratae
1277 2317 1548 2365 obstructio
1594 2318 1771 2366 subita.

389 2392 592 2455 Semper
621 2399 787 2440 autem
822 2398 928 2438 tum
964 2391 1106 2450 risus,
1142 2400 1247 2439 tum
1282 2393 1426 2440 fietus
1459 2400 1624 2442 motus
1658 2401 1773 2442 sunt

388 2467 565 2521 subiti:
603 2474 654 2515 et
688 2467 1040 2515 consuetudine
1074 2467 1376 2516 minuuntur.
1447 2468 1605 2518 Nemo
1640 2470 1772 2518 enim

387 2549 472 2591 aut
516 2549 705 2591 veteres
751 2543 889 2606 jocos
939 2542 1082 2601 ridet,
1136 2550 1222 2591 aut
1273 2543 1575 2592 calamitates
1622 2544 1773 2594 deflet

386 2625 590 2666 veteres.

452 2693 604 2742 Dolor
633 2693 714 2741 ille
746 2693 829 2757 qui
857 2693 1015 2742 oritur
1037 2694 1098 2742 ab
1122 2710 1196 2754 eo,
1221 2694 1354 2758 quod
1377 2695 1663 2744 indecorum
1686 2695 1773 2745 ali-

386 2769 520 2831 quod
553 2776 775 2817 nostrum
809 2768 1074 2817 admissum
1091 2776 1335 2833 putamus,
1363 2771 1536 2834 pudor
1560 2771 1770 2827 dicitur;

386 2844 756 2908 ostenditurque
790 2861 877 2908 per
911 2845 1315 2894 erubescentiam.
1386 2846 1550 2894 Passio
1580 2846 1687 2895 haec
1717 2847 1769 2895 in
