1910 3236
346 184 376 225 6
869 196 938 228 DE
968 196 1208 230 HOMINE.

118 326 222 359 cAp,
247 326 278 359 1,
347 306 704 368 contrapressio
751 321 835 353 seu
888 305 1120 364 ἀντιτυπία,
1172 307 1272 355 sive
1319 315 1522 355 conatus
1567 308 1729 356 cordis

99 381 289 450 m
349 381 661 429 deliberantis
702 398 753 429 se
777 398 806 428 a
828 381 1077 443 pressione
1109 399 1198 445 per
1234 393 1422 431 motum
1446 384 1725 431 tendentem

348 465 624 504 extrorsum
645 478 655 511 ;
694 457 777 520 qui
801 464 962 503 motus
985 465 1245 520 propterea
1268 467 1470 522 apparet
1494 468 1729 522 tanquam

348 532 532 595 aliquid
556 540 824 579 externum.
874 532 1036 593 Atque
1061 534 1299 596 apparitio
1324 535 1429 582 haec
1454 535 1553 582 sive
1577 535 1731 598 phan-

347 615 503 656 tasma
519 617 593 655 est
610 607 661 654 id
679 607 811 670 quod
827 623 1057 655 vocamus
1078 609 1374 664 sensionem;
1411 617 1474 667 et,
1492 619 1730 673 quantum

348 684 411 731 ad
438 684 647 741 oculum,
674 683 831 730 lumen
866 682 1045 730 dicitur
1068 684 1145 731 vel
1179 684 1315 731 color
1331 703 1349 739 ;
1386 684 1518 748 quod
1551 685 1731 733 attinet
1798 741 1807 750 ἡ

347 759 411 807 ad
451 775 633 816 aurem,
672 775 820 805 sonus
839 777 857 813 ;
893 759 956 806 ad
994 776 1151 818 nares,
1195 760 1320 808 odor
1339 779 1358 815 ;
1393 760 1457 808 ad
1495 761 1728 824 palatum,

346 851 503 899 sapor
518 854 537 890 ,·
573 842 622 882 et
645 835 705 882 ad
730 835 970 898 reliquum
1002 852 1193 899 corpus,
1219 836 1376 894 calor,
1399 836 1605 901 frig-ur,
1640 836 1729 884 du-

347 910 508 969 rities,
533 909 782 969 mollitiae,
808 918 857 958 et
895 918 1072 958 caetera
1108 911 1405 974 pertinentia
1435 912 1498 959 ad
1535 927 1730 959 sensum

348 992 512 1033 taetus
533 1004 550 1033 .·
609 1002 718 1048 quae
766 986 1022 1049 qualitates
1069 1002 1236 1034 omnes
1281 986 1522 1034 nominari
1573 987 1732 1034 solent

345 1060 623 1118 sensibile-5³,
649 1068 698 1108 et
721 1068 835 1109 sunt
858 1062 908 1108 in
943 1062 1047 1125 ipso
1080 1063 1272 1125 objecto
1297 1062 1418 1109 nihil
1451 1062 1583 1110 aliud
1605 1078 1731 1126 prae-

345 1145 422 1184 ter
444 1137 659 1184 materiae
683 1145 886 1196 motum,
913 1154 1008 1200 quo
1044 1138 1291 1201 objectum
1325 1137 1376 1184 in
1411 1153 1596 1200 organa
1626 1153 1732 1185 sen-

346 1228 487 1260 suum
514 1213 838 1260 diversimode
874 1220 1118 1276 operatur,
1141 1229 1300 1275 neque
1337 1213 1388 1259 in
1423 1213 1562 1260 nobis
1600 1213 1734 1260 aliud

346 1296 459 1336 sunt
484 1305 630 1351 quam
655 1288 831 1336 diversi
854 1298 1031 1337 motus.
1102 1290 1268 1336 Motus
1288 1289 1417 1336 enim
1440 1288 1562 1336 nihil
1584 1305 1732 1352 gene-

345 1371 422 1411 rat
439 1372 619 1427 praeter
642 1372 847 1420 motum,
872 1372 921 1412 et
945 1365 1269 1429 apparitiones
1294 1364 1388 1412 illae
1403 1371 1508 1412 tum
1527 1364 1733 1427 vigilan-

345 1441 474 1487 tibus
515 1448 619 1487 tum
663 1440 1016 1488 dormientibus
1052 1457 1186 1488 mera
1224 1449 1338 1488 sunt
1374 1440 1731 1504 phantasmata.

347 1517 603 1575 Praeterea,
642 1523 699 1564 ut
737 1517 937 1580 pressio,
961 1517 1148 1576 frictus,
1189 1517 1347 1580 pulsio
1384 1516 1512 1564 oculi
1551 1517 1733 1564 excitat

343 1592 635 1656 phantasma
658 1592 824 1650 lucidi,
846 1600 896 1639 et
918 1593 1103 1655 pressio
1128 1593 1256 1640 auris
1283 1608 1472 1651 sonum,
1490 1591 1559 1639 ita
1584 1592 1732 1640 etiam

346 1668 552 1730 objecta,
574 1684 681 1731 quae
705 1668 925 1716 videmus
950 1668 1025 1715 vel
1044 1668 1282 1727 audimus,
1307 1666 1478 1714 eadem
1501 1667 1733 1730 phantas-

343 1749 478 1792 mata
499 1752 738 1807 generant
761 1761 848 1807 per
871 1744 1185 1808 pressionem,
1203 1744 1290 1792 sed
1312 1743 1732 1792 inobservabilem.

343 1819 473 1867 Nam
508 1820 548 1867 51
572 1819 758 1867 colores
794 1820 864 1867 illi
900 1827 948 1867 et
972 1820 1079 1867 soni
1109 1820 1158 1867 in
1192 1820 1296 1883 ipso
1328 1819 1520 1881 objecto
1553 1826 1731 1878 essent,

346 1896 560 1959 separari
583 1897 643 1943 ab
675 1896 769 1943 illis
806 1911 906 1944 non
943 1904 1155 1960 possent.
1228 1896 1529 1958 Separantur
1552 1902 1731 1954 autem,

343 1978 399 2019 ut
422 1971 734 2019 manifestum
772 1980 846 2020 est
877 1972 927 2019 in
959 1972 1303 2020 reflexionibus
1341 1971 1605 2018 visibilium
1644 1987 1733 2034 per

345 2049 555 2111 specula,
580 2057 630 2096 et
666 2049 952 2097 audibilium
975 2065 1063 2112 per
1085 2049 1195 2096 loca
1224 2054 1471 2095 montana.
1543 2046 1732 2094 Scimus

344 2132 508 2171 autem
533 2140 724 2188 corpus,
752 2125 882 2187 quod
907 2124 1141 2183 videmus,
1180 2124 1231 2171 in
1267 2140 1367 2171 uno
1406 2130 1599 2170 tantum
1622 2122 1732 2170 loeo

345 2215 465 2258 esse,
491 2198 576 2247 sed
600 2201 910 2263 apparentias
947 2201 997 2248 in
1022 2200 1256 2264 plurimis.
1330 2199 1623 2260 Quanquam
1646 2213 1730 2245 au-

343 2281 445 2322 tem
469 2275 731 2339 aliquando
756 2276 807 2323 in
832 2276 1075 2324 distantiis
1105 2276 1267 2339 parvis
1302 2275 1462 2338 ipsum
1485 2275 1732 2337 objectum

343 2367 512 2398 verum
553 2350 839 2398 investitum
881 2352 1104 2400 videatur
1140 2350 1352 2414 imagine
1393 2366 1494 2407 sua,
1541 2365 1732 2412 semper

343 2433 511 2474 tamen
555 2427 689 2474 aliud
735 2434 808 2474 est
847 2428 1110 2491 objectum,
1152 2426 1285 2474 aliud
1326 2425 1506 2488 objecti
1551 2425 1730 2488 imago.

346 2502 516 2550 Sensio
541 2519 658 2566 ergo
701 2511 749 2550 et
779 2503 1069 2566 phantasma
1100 2502 1335 2566 originale
1374 2501 1571 2549 omnino
1602 2501 1732 2549 idem

345 2586 474 2636 sunt,
498 2578 643 2636 faeta,
668 2586 722 2626 ut
741 2578 857 2637 dixi,
881 2579 1128 2642 pressione
1162 2578 1290 2626 oculi
1313 2577 1390 2624 vel
1413 2577 1535 2625 alius
1560 2577 1731 2640 organi

345 2653 405 2700 ab
430 2654 620 2716 objecto
645 2662 865 2701 externo.

411 2730 688 2793 Philosophi
730 2738 892 2777 autem
936 2729 1246 2787 scholiastiei,
1287 2728 1405 2776 locis
1443 2728 1747 2791 quibusdam-

345 2803 455 2851 freti
494 2805 785 2863 AristoteliS,
822 2805 955 2853 aliud
994 2806 1188 2864 docent,
1222 2820 1412 2867 nempe,
1445 2804 1656 2868 species,
1681 2803 1732 2851 id
