1968 3236
14 551 15 554 „
0 416 14 513 „„,..,..

0 1295 4 1307 ’-
0 1170 8 1224 ”ew-1
0 1159 1 1163 Α
0 1078 13 1151 ψῆτν-
0 978 10 1069 uuus-2³„
0 954 10 968 υ,
7 938 10 939 ,

532 199 603 232 DE
633 199 814 233 REGNo
840 200 1245 234 TENEBRARUM.
1483 194 1578 235 455

191 325 290 358 non
309 310 374 358 sit
397 326 544 374 quam
564 312 845 373 conjuratio
865 311 966 359 sive
982 311 1284 365 incautatio;
1309 327 1398 375 per
1415 327 1578 374 quam,
1597 336 1700 368 cap,
1723 336 1848 369 κων,

190 386 514 434 mutationem
538 396 741 444 naturae,
767 388 849 434 ubi
875 403 973 435 non
997 396 1087 445 est,
1112 387 1246 435 credi
1266 403 1370 435 esse
1387 387 1577 445 volunt,

189 469 363 509 contra
398 462 649 510 oculorum
675 471 1062 526 caeterorumque
1097 463 1315 511 omnium
1348 479 1578 511 sensuum

188 535 540 584 testimonium.
579 538 798 601 Exempli
816 539 1037 596 causa,in
1052 539 1420 587 consecratione
1436 539 1577 603 panis

189 618 240 659 et
262 612 362 659 vini
386 612 435 659 in
460 629 600 660 coena
625 613 884 670 dominica,
910 630 1018 677 quae
1044 614 1443 662 commemoratio
1468 622 1577 662 tan-

188 695 294 735 tum
318 695 392 735 est
416 688 598 736 Christi
623 689 671 736 in
697 705 842 736 cruce
861 689 924 736 ad
948 689 1335 752 redemptionem
1359 697 1577 737 nostram

186 763 442 826 passionis,
479 764 673 827 quando
708 764 933 811 sacerdos
956 765 1104 812 verba
1129 765 1402 813 Servatoris
1422 765 1576 812 nostri

187 840 489 902 pronuntiat,
514 839 606 887 hoc
640 846 716 887 est
756 855 939 903 corpus
976 856 1129 887 meum
1170 846 1219 887 et
1254 840 1335 887 hic
1358 846 1434 887 est
1457 856 1575 887 san-

183 915 306 980 guis
330 932 478 974 meus,
503 925 730 963 naturam
750 916 891 979 panis
915 924 966 963 et
989 915 1090 963 vini
1125 916 1260 963 abire
1297 915 1433 974 dicit,
1453 922 1503 963 et
1527 915 1578 962 in

187 991 293 1054 ejus
326 991 488 1039 locum
521 991 782 1039 succedere
818 991 999 1039 Christi
1025 1007 1203 1054 corpus
1228 1007 1394 1039 verum
1422 999 1473 1039 et
1495 1007 1578 1038 ve-

188 1082 296 1114 rum
331 1067 619 1129 sanguinem
645 1085 656 1112 :
706 1082 983 1129 quanquam
1024 1082 1183 1129 neque
1221 1066 1375 1114 oculis
1412 1082 1572 1129 neque

187 1142 273 1190 ulli
296 1142 459 1190 sensui
483 1142 763 1205 recipientis
778 1141 1294 1204 appareatquicqnam
1320 1141 1454 1204 quod
1477 1158 1576 1189 non

186 1226 493 1282 apparuerat,
529 1226 789 1280 antequam
811 1216 961 1264 verba
1001 1216 1083 1264 illa
1124 1209 1575 1279 pronuntiarentur.

187 1295 524 1344 Incantatores
542 1295 776 1358 AEgyptii,
800 1311 910 1342 cum
936 1295 1098 1358 virgas
1114 1311 1226 1342 suas
1250 1295 1301 1342 in
1325 1303 1577 1358 serpentes

185 1378 236 1418 et
258 1387 435 1434 aquam
459 1371 509 1418 in
533 1370 819 1434 sanguinem
851 1371 1221 1428 convertissent,
1245 1379 1576 1434 spectatorum

185 1446 405 1494 sensibus
434 1445 556 1493 falsa
579 1462 742 1494 rerum
766 1446 927 1509 specie
961 1446 1167 1494 illusisse
1192 1454 1385 1494 tantum
1409 1447 1575 1495 existi-

185 1529 382 1570 mantur
403 1543 415 1576 ;
441 1530 681 1569 vocantur
695 1530 861 1569 tamen
884 1522 936 1568 in
958 1522 1215 1585 Scriptura
1234 1522 1385 1569 Sacra
1407 1522 1575 1570 incan-

184 1606 379 1646 tatorae.
452 1597 549 1646 Sed
573 1614 670 1661 quo
695 1597 893 1645 nomine
916 1597 1192 1660 appellandi
1218 1597 1439 1655 fuissent,
1459 1597 1498 1644 si
1523 1597 1573 1645 in

182 1673 333 1737 virgis
355 1674 454 1722 suis
476 1690 539 1722 ne
562 1674 748 1737 species
773 1673 968 1737 quidem
994 1673 1309 1737 serpentium,
1335 1688 1494 1735 neque
1522 1673 1572 1720 in

184 1749 322 1813 aquis
338 1749 434 1798 illis
451 1750 636 1813 species
653 1749 919 1812 sanguinis,
935 1748 1036 1796 ulla
1053 1748 1372 1811 apparuisset,
1388 1747 1476 1795 sed
1495 1764 1576 1795 co-

184 1841 290 1872 ram
312 1841 428 1889 rege
450 1825 762 1888 impudenter
784 1825 1107 1872 asseruissent
1131 1824 1307 1887 virgas,
1332 1840 1442 1887 quae
1467 1823 1572 1887 regi

185 1911 242 1948 ut
266 1901 415 1964 virgae
437 1908 784 1964 apparuerunt,
801 1908 1051 1963 serpentes
1075 1915 1195 1958 esse,
1210 1910 1261 1947 et
1284 1900 1572 1962 sanguinem

185 1990 291 2023 esse
330 1991 440 2039 quae
475 1976 580 2040 regi
609 1992 738 2039 aqua
759 1975 1053 2023 videbatur?
1123 1974 1415 2038 Appellandi
1439 1985 1571 2022 certe

185 2058 327 2099 erant
346 2066 446 2099 non
470 2051 614 2100 modo
633 2052 978 2108 incantatores,
998 2051 1083 2099 sed
1098 2051 1244 2099 etiam
1260 2050 1572 2113 impudenter

184 2125 456 2174 mendaces
527 2128 638 2175 Hoc
667 2135 833 2175 tamen
866 2127 916 2175 in
940 2126 1389 2175 consecrationibus
1413 2125 1572 2189 quoti-

187 2200 343 2250 dianis
368 2201 556 2250 faciunt
589 2203 806 2252 ecclaeiae
837 2203 1072 2251 Romanae
1104 2202 1400 2258 sacerdotes,
1424 2201 1573 2248 verba

186 2292 325 2325 sacra
359 2276 410 2324 in
444 2277 863 2326 incantamentum
893 2285 1158 2335 mutantes,
1183 2276 1315 2339 quod
1350 2276 1472 2323 nihil
1508 2275 1572 2324 ad

186 2367 382 2400 sensum
398 2352 625 2415 producit
646 2353 761 2401 novi
777 2374 790 2408 ;
814 2353 1126 2417 impudenter
1143 2360 1307 2399 tamen
1325 2367 1503 2415 panem
1522 2351 1573 2399 in

185 2427 450 2486 hominem,
475 2436 527 2475 et
549 2427 681 2491 quod
711 2428 868 2491 magis
900 2436 990 2487 est,
1015 2428 1066 2475 in
1092 2427 1246 2475 Deum
1273 2426 1573 2474 convertisse

186 2518 240 2550 se
257 2502 575 2557 affirmantes;
594 2511 643 2551 et
659 2503 865 2567 proinde
884 2503 1188 2552 adorandum
1208 2517 1311 2549 esse
1325 2501 1572 2564 jubentes,

187 2587 421 2642 tanquam
445 2586 574 2626 esset
597 2577 828 2627 Servatur
849 2586 1016 2627 noster
1039 2579 1142 2641 ipse
1167 2578 1299 2625 Deus
1322 2584 1372 2624 et
1394 2576 1570 2624 homo:

187 2669 298 2717 quae
320 2652 594 2701 idololatria
615 2660 690 2701 est
708 2653 1018 2702 crassissima.
1078 2651 1328 2715 Siquidem
1351 2651 1482 2699 enim
1502 2651 1574 2699 di·

187 2745 298 2777 cere
318 2729 575 2786 sufficeret,
595 2744 692 2776 non
715 2729 922 2792 amplius
940 2743 1133 2792 panem,
1158 2726 1243 2774 sed
1268 2726 1426 2774 Deum
1450 2742 1570 2785 esse,

187 2820 337 2868 quare
356 2803 576 2852 similiter
593 2819 825 2852 excusare
849 2820 899 2852 se
924 2820 1022 2851 non
1046 2802 1318 2866 potuissent
1335 2801 1566 2866 AEgyptii‚

1634 389 1825 412 ε-Ὓῌ

1619 428 1663 456 De
1675 430 1804 457 tenebris

1615 472 1815 509 spiritualibus

1614 515 1651 542 ab
1664 515 1830 552 interpreta-

1614 558 1692 586 tione
1702 567 1761 586 non
1771 561 1851 586 reeta

1616 601 1841 639 scripturarum.
