1968 3236
0 206 16 281 35
521 225 590 258 nn
621 225 807 258 Reciso
834 223 1238 258 TENEBRARUM.
1476 210 1566 268 471

188 333 334 383 Fuisse
369 343 589 399 tempore
626 337 675 384 S.
704 336 836 384 Pauli
862 336 1267 384 consuetudinem
1291 334 1574 398 baptizandi
1592 353 1697 386 cAP.
1715 351 1845 385 κων.

186 426 276 474 pro
298 410 504 458 mortuis
540 411 762 459 homines
800 412 984 470 fideles,
1013 428 1103 475 pro
1127 411 1296 475 seipsis
1320 417 1435 459 ante
1458 410 1573 474 bap-
1613 406 1817 482 m

185 485 364 534 tizatos
384 506 398 541 ;
434 487 559 534 sicut
597 487 742 535 hodie
783 487 951 535 fideles
993 487 1132 551 quasi
1172 486 1481 550 fidejussores
1522 485 1573 533 in
1610 496 1814 569 ἵζω-ἰῆτο·

186 560 430 625 baptismo
453 578 505 610 se
528 562 717 610 faciunt
736 579 826 627 pro
860 563 957 611 fide
991 563 1160 611 futura
1194 561 1454 620 infantum,
1489 560 1574 625 qui
1610 544 1847 612 essfflu

184 635 405 685 nondum
427 637 541 685 fidei
562 647 679 686 sunt
702 654 920 702 capaces.
992 638 1074 686 Sic
1097 638 1228 686 enim
1249 636 1418 685 fideloe
1439 645 1575 694 tunc,
1611 627 1839 665 mm

185 727 278 776 pro
316 713 524 760 mortuis
557 713 809 776 baptizati,
846 713 898 761 in
934 729 986 761 se
1026 721 1345 776 susceperunt
1368 711 1500 776 quod
1523 711 1574 759 in

186 788 544 836 resurrectione
592 788 841 836 Christum
879 797 1215 852 sequerentur.
1303 788 1403 838 Sed
1453 787 1576 836 nihil

185 861 302 911 inde
325 863 496 911 inferri
519 872 683 927 potest
704 864 767 912 ad
784 864 1092 928 probandum
1110 865 1465 928 purgatorium,
1489 879 1576 911 ne-

187 953 285 1002 que
306 938 371 986 ad
393 939 701 1002 probandum
726 939 856 1003 quod
880 940 1056 987 animis
1079 956 1109 987 a
1133 939 1420 1003 corporibus
1438 954 1576 1002 sepa-

186 1013 325 1072 ratiS,
349 1022 436 1061 aut
459 1013 634 1062 animae
659 1014 830 1062 Lazari
854 1030 942 1078 per
965 1022 1176 1078 quatuor
1207 1014 1315 1062 illos
1335 1014 1438 1062 dies
1470 1014 1576 1078 qui-

186 1090 278 1137 bus
301 1099 523 1137 mortuus
547 1090 742 1148 mansit,
766 1090 902 1138 locus
920 1090 1101 1153 aliqui-s,
1120 1090 1368 1138 debeatur.
1429 1090 1577 1138 Deus

187 1165 333 1222 enim,
353 1165 436 1228 qui
456 1165 604 1213 vitam
629 1165 900 1228 pulvisculo
925 1161 1241 1229 dare‘potuit,
1277 1166 1426 1213 etiam
1443 1181 1576 1213 mor-

189 1249 276 1289 tuo
299 1249 462 1304 potest
489 1240 710 1289 reddere.
890 1245 895 1251 ’

256 1315 414 1363 Locus
437 1315 560 1363 alter
584 1325 658 1364 est
679 1323 695 1364 l
719 1317 830 1365 Cor.
847 1317 914 1364 iii.
938 1323 1012 1373 15,
1048 1317 1325 1364 ubidicitur
1342 1317 1403 1364 de
1420 1316 1479 1364 iis
1494 1317 1577 1380 qui

188 1407 334 1455 super
355 1391 730 1439 fundamentum
748 1392 898 1455 ligna,
922 1391 1124 1451 foenum,
1140 1392 1387 1456 stipulam,
1411 1407 1579 1455 super-

188 1465 452 1524 aedificant,
477 1466 609 1530 quod
629 1483 751 1530 opus
775 1483 943 1515 eorum
963 1467 1160 1530 peribit,
1185 1468 1278 1531 ipsi
1301 1476 1468 1515 tamen
1485 1468 1580 1515 sal-

188 1542 448 1600 vabuntur,
490 1541 576 1590 sed
616 1542 764 1607 quasi
808 1559 905 1606 per
948 1543 1127 1605 ignem.
1212 1543 1382 1606 Ignem
1428 1542 1577 1600 hunc,

188 1618 354 1682 ignem
385 1617 658 1681 purgatorii
695 1633 801 1665 esse
823 1617 930 1665 vult
964 1617 1303 1666 Bellarminus.
1374 1617 1472 1666 Sed
1503 1633 1579 1665 re-

189 1709 421 1757 sponsum
454 1702 571 1742 ante
609 1702 700 1751 est,
741 1694 891 1741 verba
928 1693 1034 1740 haec
1076 1692 1295 1741 alludere
1335 1693 1399 1741 ad
1432 1693 1581 1741 verba

189 1769 438 1818 Zachariae
459 1769 561 1817 xiii.
586 1774 650 1816 9:
687 1768 863 1815 ducam
898 1769 1102 1815 tertiam
1133 1775 1334 1832 partem
1369 1785 1468 1832 per
1504 1768 1581 1832 ig-

189 1861 312 1902 nem,
326 1851 376 1892 et
396 1861 536 1892 aram
550 1861 635 1892 eos
658 1844 789 1891 sicut
807 1845 975 1891 uritur
989 1850 1271 1906 argentum,
1290 1851 1340 1890 et
1352 1843 1580 1907 probabo

189 1937 276 1968 eos
298 1921 429 1968 sicut
450 1919 700 1983 probatur
716 1936 888 1967 aarum
905 1938 922 1966 .·
948 1927 997 1967 et
1011 1919 1145 1967 dicta
1160 1935 1267 1967 esse
1283 1919 1344 1967 de
1362 1919 1581 1968 adventu

190 1995 372 2044 Christi
395 1995 447 2043 in
487 2003 731 2059 potestate
755 2004 806 2043 et
827 1995 1002 2058 gloria,
1027 1995 1080 2042 id
1102 2004 1192 2053 est,
1227 1995 1288 2043 de
1312 1995 1391 2043 die
1408 1994 1582 2058 judicii

191 2078 242 2119 et
264 2071 520 2134 pmentis
544 2070 715 2119 mundi
739 2071 1137 2134 conflagratione.

258 2146 333 2194 Ex
355 2146 464 2194 loco
487 2147 653 2205 citato,
675 2148 718 2204 (l
751 2147 863 2195 Cor.
888 2163 967 2194 xv.
993 2148 1117 2207 29.)‚
1151 2146 1212 2194 de
1230 2146 1474 2208 baptismo
1490 2161 1581 2209 pro

190 2221 415 2280 mortuis,
440 2221 589 2270 infert
624 2222 772 2270 etiam
808 2222 1079 2270 orationem
1116 2237 1206 2285 pro
1242 2221 1447 2268 mortuis
1482 2236 1581 2268 non

191 2297 415 2345 inutilem
441 2312 561 2354 esse,
585 2306 636 2344 et
670 2297 785 2344 inde
819 2313 986 2345 rursus
1009 2312 1114 2345 esse
1137 2295 1286 2343 infert
1310 2296 1474 2358 ignem
1496 2296 1582 2344 ali-

193 2386 340 2436 quem
362 2371 652 2435 purgatorii.
722 2371 820 2420 Sed
842 2382 1071 2420 neutrum
1094 2379 1245 2419 recte.
1315 2371 1388 2418 De
1419 2371 1582 2419 multis

197 2446 326 2494 enim
349 2446 484 2494 vocis
508 2445 745 2509 baptismi
775 2446 1231 2510 significationibus,
1256 2445 1390 2493 illam
1414 2446 1582 2509 impri-

194 2521 287 2569 mis
310 2521 612 2584 comprobat,
636 2521 723 2569 ubi
745 2522 955 2570 sumitur
972 2538 1062 2585 pro
1085 2521 1375 2585 poenitentia
1394 2541 1406 2574 ;
1444 2530 1495 2568 et
1513 2521 1583 2569 sic

194 2596 434 2660 baptizari
447 2595 686 2653 homines,
700 2597 896 2660 quando
906 2598 1147 2661 jejunant,
1158 2603 1316 2652 orant,
1331 2605 1384 2643 et
1398 2596 1584 2644 faciunt

195 2671 568 2734 eleemosynam.
638 2671 736 2719 Sed
754 2672 1048 2735 significatio
1072 2672 1156 2719 illa
1176 2671 1407 2735 baptismi
1424 2686 1583 2735 neque

195 2747 246 2794 in
266 2746 519 2809 Scriptura
532 2761 738 2809 usquam
756 2755 975 2810 apparet,
991 2762 1148 2809 neque
1162 2746 1213 2793 in
1231 2762 1322 2793 usu
1336 2747 1583 2794 communi

195 2822 530 2884 cujuscunque
552 2821 746 2883 linguae.
817 2822 923 2870 Vox
950 2822 1224 2886 baptismus
1251 2830 1481 2885 usurpata
1510 2831 1584 2871 est
