1968 3236
522 253 700 287 APPEN
710 254 809 287 mx
836 254 909 287 An
936 253 1275 288 ιΕνῙΛΤΗΑΝ.
1493 246 1582 289 541

272 365 338 413 A.
374 365 580 413 Videtur
603 383 736 429 ergo,
762 367 802 414 si
827 367 1047 414 homines
1070 375 1241 414 mutuo
1265 382 1316 414 se
1333 366 1590 415 haereticos

207 440 472 505 appellent,
499 442 774 489 convicium
799 458 899 489 non
925 458 1042 489 esse.

272 515 340 563 B.
366 516 524 564 Sectae
549 516 644 564 illae
669 517 1070 579 philosophorum
1084 516 1366 564 Graecorum
1389 531 1487 563 non
1507 531 1589 578 ap-

204 590 453 654 pellabant
477 592 602 639 alter
624 592 830 639 alterum
855 592 1169 645 haereticum;
1205 591 1291 639 sed
1314 590 1588 648 scelestum,

204 666 512 729 sacrilegum,
559 667 732 726 furem,
773 668 1081 731 parricidam,
1123 668 1290 729 μίαρον,
1337 669 1591 730 κατάρατον,

203 740 409 805 aliisque
449 743 727 791 nominibus
765 743 938 806 quibus
979 751 1183 791 utuntur
1217 743 1371 790 infimi
1405 742 1590 792 ordinis

203 816 442 875 homines,
484 819 680 881 quando
719 819 820 866 fere
858 819 921 866 ad
961 834 1176 882 pugnam
1211 817 1588 867 excandescunt.

205 891 468 956 Postquam
500 902 663 941 autem
699 895 750 941 in
787 894 991 942 ecclesia
1027 894 1234 941 haereses
1258 902 1377 940 ortae
1409 901 1588 952 essent,

207 970 474 1018 maximum
498 971 717 1018 omnium
741 970 1016 1018 convicium
1039 977 1143 1016 erat
1167 968 1447 1016 hoereticus.

269 1045 335 1093 A.
373 1045 597 1094 Nullaene
621 1055 763 1093 erant
785 1046 996 1093 haereses
1023 1052 1351 1123 Rraeterquam
1375 1043 1587 1107 philoso-

201 1119 412 1183 phorum
432 1120 747 1168 Graecorum?

269 1195 335 1243 B.
360 1196 548 1243 Etiam
536 1213 587 1243 1n
600 1196 789 1254 Judaea,
807 1195 1178 1252 Pharisaeorum,
1190 1193 1587 1253 Sadducaeorum,

200 1270 495 1319 Essenorum
520 1280 666 1319 sectae
700 1271 990 1319 dicebantur
1023 1270 1247 1325 haereseS,
1271 1277 1326 1316 ut
1349 1285 1410 1316 ex
1446 1269 1587 1317 Novo

200 1346 515 1395 Testamento
538 1347 852 1395 manifestum
876 1355 967 1394 est.
1026 1345 1318 1394 Graecismus
1341 1344 1478 1400 item,
1498 1345 1588 1392 Ju-

201 1421 431 1481 daismm,
474 1422 890 1480 christianismus,
923 1421 1228 1469 habebantur
1266 1435 1324 1467 eo
1366 1427 1587 1483 tempore

200 1512 292 1560 pro
313 1497 521 1546 totidem
544 1497 831 1545 haeresibus.
904 1497 1119 1545 Haeresis
1142 1496 1260 1544 item
1284 1495 1411 1555 (Gal.
1429 1511 1474 1543 v.
1494 1495 1580 1557 20)

202 1571 333 1620 inter
372 1573 578 1621 crimina
613 1573 845 1637 ponitur:
899 1581 950 1621 et
989 1572 1115 1634 (Gal.
1140 1572 1172 1620 i.
1198 1572 1271 1633 8),
1313 1570 1588 1619 doctrinam

202 1647 447 1712 significat
484 1648 722 1697 doctrinae
757 1649 908 1712 ipsius
950 1649 1000 1696 S.
1026 1647 1163 1696 Pauli
1198 1646 1512 1704 contrariam,
1535 1645 1588 1693 id

199 1731 291 1782 est,
314 1725 610 1772 contrariam
644 1724 910 1787 Evangelio
936 1723 1146 1772 Christi:
1184 1722 1243 1771 Si
1266 1737 1354 1770 nos
1383 1727 1471 1768 aut
1498 1738 1588 1769 an-

192 1798 343 1865 gelus
382 1799 445 1848 de
490 1800 615 1848 coelo
660 1800 995 1865 Evangelium
1040 1798 1187 1846 aliud
1220 1796 1587 1863 proedicaverit

188 1883 389 1940 praeter
412 1876 545 1925 illud
565 1877 700 1941 quod
727 1876 863 1925 vobi-3
878 1874 1284 1941 praedicavimus,
1318 1880 1488 1931 ἀνάθεμα
1505 1879 1587 1918 ἔςω.

264 1951 331 1999 Α.
370 1952 504 2001 QUid
527 1961 603 2000 eSt
626 1959 825 2011 t'zrt'zflcpa?

264 2025 332 2074 Β.
367 2033 573 2085 Ἀνάθημα
596 2029 702 2091 (per
728 2030 771 2086 η)
800 2027 1042 2091 significat
1077 2026 1345 2090 quamlibet
1378 2042 1480 2074 rem
1507 2026 1590 2074 de-

199 2099 426 2159 dicatam,
450 2109 801 2161 consecratam,
820 2102 898 2151 vel
921 2103 983 2150 ab
1006 2119 1096 2150 usu
1121 2101 1370 2149 communi
1394 2117 1584 2164 separa-

198 2183 316 2224 tam.
386 2176 483 2224 Sed
512 2186 679 2236 ἀνάθεμα
711 2177 819 2240 (per
841 2179 879 2238 t)
906 2178 1151 2241 significat
1174 2175 1439 2240 aliquando
1474 2192 1585 2240 per-

197 2267 367 2299 sonam
391 2251 498 2299 Diis
520 2252 743 2300 manibus
767 2253 1009 2301 devotam.

265 2325 333 2374 A.
370 2325 630 2375 Quomodo
663 2327 767 2375 Diis
802 2329 1025 2376 manibus
1048 2327 1277 2375 devoveri
1300 2334 1465 2391 potest
1495 2343 1583 2376 an·

197 2400 340 2464 gelus
360 2401 377 2449 ἒ

266 2476 331 2523 Β.
367 2476 599 2524 Comburi
634 2477 831 2540 quidem
865 2494 964 2526 non
1003 2485 1179 2541 potest,
1204 2492 1361 2539 neque
1397 2477 1584 2532 occidi;

198 2551 285 2599 sed
307 2551 474 2599 haberi
500 2568 589 2615 pro
615 2568 713 2600 non
737 2553 927 2616 angelo,
950 2553 1037 2600 sed
1066 2568 1155 2615 pro
1178 2560 1369 2614 spectro
1393 2558 1586 2600 tantum

198 2626 375 2690 potuit,
401 2635 451 2674 et
473 2635 528 2674 ut
559 2626 792 2690 deceptor
825 2627 1109 2675 execrabilis
1143 2626 1395 2684 declarari,
1420 2626 1471 2675 id
1493 2637 1584 2685 est,

199 2702 248 2749 in
274 2702 434 2750 verbis
460 2702 723 2766 Scripturae
748 2703 926 2761 Sacrae,
949 2702 1077 2751 tradi
1102 2703 1311 2750 Satanae.

264 2781 329 2823 Α.
368 2776 605 2828 Quaenam
629 2787 736 2825 erat
758 2778 809 2825 in
833 2778 1037 2826 ecclesia
1059 2776 1322 2840 primitiva,
1341 2791 1454 2823 cum
1478 2791 1583 2824 rec-

197 2858 261 2898 tae
306 2851 420 2899 fidei
465 2850 684 2915 regulam
724 2852 926 2901 haberet
965 2850 1284 2915 Evangelium
1332 2851 1583 2915 scriptum,

196 2926 454 2975 haeresium
478 2942 626 2974 causa
651 2926 668 2974 ἓ

1654 390 1757 422 CAP.
1775 390 1826 422 11.

1642 443 1832 466 s-—r-—ae

1648 482 1818 513 nehemi.
