1968 3236
416 230 513 272 240
922 238 992 271 Du
1021 238 1296 271 CIVITATE.

905 531 1122 579 CAPUT
1155 532 1320 579 XXX.

714 649 774 680 DE
801 648 984 680 OFFICIO
1009 649 1161 680 SUMMI
1187 649 1493 682 IMPERANTIS.

145 749 249 781 CAP.
267 750 383 782 xxx.
419 734 608 781 SUMMI
635 733 918 796 imperantis
943 734 1116 791 officia,
1142 734 1242 781 sive
1266 734 1305 780 is
1330 733 1593 781 monarcha
1617 734 1678 781 sit
1704 734 1804 781 sive

153 803 386 871 „mm
416 815 585 867 coetus‚
605 809 859 856 manifeste
878 809 1063 856 indicat
1078 808 1396 856 institutionis
1413 809 1540 867 finis,
1558 809 1803 867 nimirum,

149 886 190 913 ¹¹¹³
202 886 379 923 imperanti*
414 886 553 933 salus
559 885 742 950 populi
757 904 774 933 :
799 902 946 949 quam
960 886 1067 948 lege
1082 893 1272 932 naturae
1291 884 1549 947 obligatur,
1567 893 1805 946 quantum

413 969 592 1024 potest,
611 977 902 1024 procurare:
930 969 980 1008 et
999 962 1136 1024 cujus
1153 960 1395 1007 rationem
1410 960 1530 1018 Deo,
1550 967 1600 1007 et
1614 959 1684 1007 illi
1698 959 1803 1018 soli,

413 1045 610 1084 tenetur
646 1036 866 1084 reddere.
938 1037 995 1083 In
1014 1035 1177 1083 salute
1197 1044 1361 1083 autem
1376 1034 1560 1099 populi
1585 1051 1804 1098 compre-

412 1112 574 1160 hendo
592 1128 692 1159 non
708 1112 865 1159 solum
884 1111 1062 1159 civium
1081 1111 1249 1169 vitam,
1269 1110 1354 1158 sed
1374 1109 1522 1157 etiam
1547 1109 1805 1158 commoda

411 1188 542 1245 vitae,
567 1203 674 1250 quae
699 1188 828 1234 cives
854 1187 1032 1250 singuli
1056 1187 1158 1234 sine
1183 1186 1393 1234 civitatis
1418 1185 1596 1233 damno
1620 1186 1696 1233 vel
1718 1201 1805 1249 pe-

411 1264 566 1311 riculo
591 1264 683 1311 sibi
703 1265 833 1326 juste
857 1263 1097 1326 acquisita
1119 1262 1382 1310 tenuerint.

479 1340 577 1387 Sed
598 1339 876 1387 faciendum
899 1339 968 1386 ita
983 1354 1084 1385 esse
1104 1338 1410 1400 intelligitur,
1426 1336 1640 1384 studium
1663 1352 1805 1384 suum

413 1431 514 1462 non
537 1415 802 1462 individuis
835 1414 1140 1477 applicando,
1165 1413 1251 1460 sed
1282 1412 1588 1476 providentia
1610 1412 1805 1459 univer-

409 1490 515 1548 sali,
534 1506 621 1553 per
644 1490 992 1537 instructiones
1010 1489 1230 1552 publicas
1255 1495 1361 1535 tum
1377 1504 1406 1535 a
1431 1488 1682 1545 doctrinis,
1697 1495 1804 1535 tum

410 1567 471 1613 ab
497 1566 744 1628 exemplis,
769 1573 874 1612 tum
907 1565 1054 1613 etiam
1088 1581 1176 1627 per
1205 1564 1337 1627 leges
1375 1563 1591 1611 salubres
1627 1564 1802 1626 quibus

410 1642 541 1689 cives
565 1641 742 1704 singuli
766 1641 983 1688 actiones
1008 1655 1118 1687 suas
1142 1639 1386 1702 applicare
1404 1646 1623 1702 possunt.

478 1717 723 1766 Quoniam
747 1724 910 1764 autem
931 1715 1122 1779 juribus
1148 1730 1349 1762 summae
1365 1714 1621 1776 potestatis
1640 1729 1803 1762 essen-

409 1792 622 1850 tialibus,
639 1792 700 1839 de
725 1793 898 1855 quibus
923 1791 1108 1838 dictum
1124 1798 1197 1838 est
1213 1790 1372 1852 capite
1392 1804 1559 1848 xvlu,
1578 1789 1797 1848 sublatis,

410 1867 579 1915 civitas
608 1866 903 1925 dissolvitur,
928 1866 1150 1928 reditque
1171 1865 1388 1913 omnium
1411 1865 1462 1911 in
1488 1881 1656 1912 omnes
1681 1865 1796 1913 belli

409 1942 689 1996 calamitas3
726 1942 777 1989 id
802 1941 933 2005 quod
967 1940 1152 1988 civitati
1187 1940 1368 1988 malum
1403 1940 1668 1987 maximum
1692 1949 1800 1997 est;

408 2018 584 2065 summi
608 2018 893 2081 imperantis
919 2017 1131 2065 officium
1156 2024 1229 2064 est
1248 2017 1360 2079 jura
1383 2016 1465 2063 illa
1488 2016 1701 2064 retinere
1724 2017 1799 2064 in-

408 2102 563 2157 tegra.
634 2094 806 2157 Itaque
849 2100 1020 2141 contra
1054 2092 1267 2140 officium
1298 2092 1431 2150 facit,
1463 2092 1637 2155 primo,
1669 2092 1711 2140 si
1745 2108 1804 2140 ea

406 2169 484 2217 vel
515 2168 678 2231 aliqua
715 2184 885 2216 eorum
927 2168 1127 2231 deponit
1157 2168 1233 2215 vel
1267 2167 1330 2215 ad
1365 2167 1513 2215 alium
1548 2168 1799 2217 transfert.

409 2244 508 2294 Qui
532 2244 661 2291 enim
686 2243 860 2302 media,
884 2243 1014 2291 idem
1037 2244 1185 2290 finem
1210 2242 1403 2290 deserit.
1474 2243 1538 2291 Et
1571 2259 1659 2307 per
1682 2260 1799 2292 con-

410 2335 634 2383 sequens,
668 2318 856 2382 legibus
904 2318 1124 2365 civilibus
1162 2334 1212 2365 se
1248 2318 1487 2381 subjicere
1508 2339 1519 2373 ;
1566 2320 1799 2382 potestati

401 2394 671 2458 judicandi,
694 2394 875 2442 bellum
898 2394 1144 2442 indicendi
1167 2394 1243 2441 vel
1266 2410 1437 2457 pacem
1458 2394 1685 2454 faciendi,
1709 2396 1800 2444 mi-

407 2470 518 2518 lites
556 2469 718 2518 alendi
752 2469 947 2533 quando
971 2477 1022 2517 et
1047 2469 1291 2533 quomodo
1331 2470 1424 2533 ipsi
1447 2470 1606 2518 visum
1635 2471 1798 2531 fuerit,

408 2546 658 2594 ministros
681 2552 786 2593 tum
809 2545 942 2609 pacis
965 2553 1071 2593 tum
1095 2545 1208 2593 belli
1232 2545 1458 2608 eligendi,
1479 2553 1529 2594 et
1548 2562 1659 2609 quae
1682 2546 1798 2595 doc·

408 2622 551 2670 trinae
591 2620 701 2685 paci
741 2628 790 2668 et
826 2621 956 2668 bono
997 2620 1193 2683 publico
1238 2620 1512 2669 conformes
1547 2629 1661 2670 sunt
1699 2630 1799 2671 sta-

407 2696 579 2744 tuendi
614 2696 912 2754 renuntiare,
941 2704 1113 2744 contra
1146 2696 1358 2743 officium
1393 2705 1482 2744 est.
1555 2697 1798 2756 Secundo,

408 2782 582 2821 contra
598 2773 809 2821 officium
828 2773 932 2835 ejus
952 2779 1024 2820 est
1043 2772 1326 2835 permittere
1345 2780 1401 2820 ut
1419 2773 1603 2836 jurium
1621 2773 1798 2822 horum

406 2847 739 2896 essentialium
758 2863 929 2897 causas
953 2856 1003 2896 et
1024 2847 1342 2896 fundamenta
1356 2847 1564 2912 populus
1583 2847 1796 2912 ignoret;
