1968 3236
407 254 502 296 454
741 263 810 294 DE
839 262 1025 295 REGNo
1053 261 1457 296 TENEBRARUM.

132 395 233 427 eff.
252 394 380 428 xmv,
412 374 504 421 nisi
530 374 750 421 Romano
776 373 918 420 modo
944 373 1102 419 Deum
1126 372 1286 420 colere
1305 388 1403 420 non
1425 373 1787 436 permittantur.

147 495 192 523 De
207 457 334 523 tenelbris
415 449 577 498 Quare
601 449 794 497 autem?
833 448 962 496 Quia
993 448 1122 510 Papa
1157 447 1459 496 Christianos
1494 464 1662 496 omnes
1698 449 1790 497 sibi

146 538 345 587 spiritualibus
412 528 630 576 subditos
654 543 757 574 esse
781 526 1008 589 postulat.
1080 526 1227 575 Quod
1262 535 1429 574 tamen
1451 526 1675 590 iniquum
1697 535 1789 576 est.

146 583 380 653 ἓῖιῖἓῗξῖῗέἵω
412 605 539 651 Nam
562 603 602 650 si
635 602 909 650 Christiano
945 601 1191 649 duriorem
1226 617 1277 650 se
1310 602 1529 665 praebeat
1562 603 1789 667 princeps

148 668 379 706 &fipm‘mm'
411 679 726 736 Christianus,
743 693 888 740 quam
913 676 1113 735 infideli,
1132 677 1297 740 inique
1317 677 1436 725 facit
1453 698 1465 732 ;
1484 693 1574 740 pro
1591 678 1790 727 Christo

409 754 536 802 enim
560 763 688 810 sunt,
708 753 790 816 qui
813 768 910 800 non
937 761 1051 800 sunt
1075 761 1249 800 contra
1267 752 1532 801 Christum.

476 830 731 887 Praeterea,
755 828 870 876 hinc
888 836 977 886 est,
1003 827 1137 890 quod
1159 828 1211 876 in
1244 828 1376 876 omni
1399 828 1597 876 civitate
1621 829 1790 877 Chris-

410 907 542 954 tiana
578 912 870 968 potestatem
912 904 1055 967 Papae
1079 902 1458 951 ecclesiasticam
1482 903 1789 962 admittente,

409 982 506 1029 sint
529 980 748 1028 homines
772 979 969 1042 quidam
993 995 1022 1027 a
1044 979 1241 1026 tributis
1272 987 1323 1026 et
1357 979 1680 1027 tribunalibus
1701 996 1790 1043 po-

410 1057 596 1105 testatis
621 1056 774 1103 civilis
799 1055 1044 1118 exempti:
1080 1062 1137 1102 ut
1168 1054 1482 1103 ecelesiastici
1518 1071 1702 1114 omnes,
1739 1064 1791 1104 et

409 1131 648 1190 monachi,
668 1138 719 1178 et
741 1130 931 1188 fratres,
957 1146 1166 1193 quorum
1201 1145 1430 1177 numerus
1453 1130 1504 1177 in
1529 1130 1693 1178 multis
1716 1131 1781 1178 lo-

409 1208 477 1255 cis
502 1207 564 1254 ad
586 1223 843 1254 numerum
872 1206 1044 1269 reliqui
1083 1205 1251 1269 populi
1283 1205 1406 1253 adeo
1439 1222 1667 1269 magnam
1701 1206 1788 1255 ha-

408 1285 525 1331 bent
550 1283 926 1346 proportionem,
965 1290 1021 1329 ut
1061 1298 1121 1329 ex
1155 1282 1249 1329 illis
1281 1282 1410 1339 solis,
1434 1282 1475 1330 si
1498 1298 1620 1345 opus
1643 1290 1789 1342 esset,

409 1360 647 1407 conscribi
683 1359 924 1406 exercitus
958 1366 1138 1422 posset,
1179 1358 1262 1421 qui
1300 1357 1517 1405 ecclesiae
1557 1358 1789 1406 militanti

409 1436 626 1482 sufficere
672 1435 854 1482 valeret
900 1444 1073 1482 contra
1133 1448 1474 1496 quemcunque
1512 1433 1788 1497 principem

411 1511 737 1558 Christianum
763 1510 846 1574 qui
870 1511 1013 1574 Papae
1037 1509 1392 1558 adversaretur.

477 1587 837 1650 Scripturarum
860 1586 1037 1634 abusus
1064 1585 1185 1633 alius
1209 1592 1284 1632 est
1307 1598 1492 1643 eorum,
1517 1585 1601 1647 qui
1624 1601 1790 1632 conse·

410 1662 678 1709 orationem
701 1668 993 1709 convertunt
1015 1661 1067 1708 in
1091 1661 1478 1723 conjurationem
1502 1660 1602 1707 sive
1620 1659 1789 1708 incan-

412 1737 658 1785 tationem.
721 1737 1044 1795 Consecrare,
1068 1737 1119 1784 in
1146 1737 1411 1799 Scripturis
1437 1735 1614 1794 Sacris,
1639 1735 1789 1799 signi-

410 1814 523 1861 ficat
546 1829 648 1860 rem
674 1829 1012 1876 quamcunque
1037 1813 1141 1860 Deo
1165 1812 1353 1866 offerre,
1373 1811 1505 1869 dare,
1529 1811 1629 1858 sive
1654 1810 1790 1859 dedi-

410 1904 535 1946 care,
560 1888 612 1936 id
635 1896 724 1946 est,
749 1889 809 1936 ab
833 1904 924 1936 usu
948 1887 1210 1943 communi,
1229 1887 1321 1950 piis
1340 1894 1391 1934 et
1409 1886 1597 1934 decoris
1615 1887 1790 1946 verbis,

410 1964 472 2011 ad
495 1964 653 2011 cultus
678 1963 828 2011 divini
851 1980 992 2011 usum
1015 1979 1255 2026 separare,
1278 1962 1330 2010 id
1355 1962 1488 2025 quod
1511 1971 1586 2010 est
1609 1963 1790 2011 sancti·

409 2040 571 2097 ficare,
590 2040 659 2087 ita
681 2047 736 2087 ut
759 2039 851 2087 Dei
875 2055 1140 2103 eorumque
1164 2039 1244 2096 sit,
1263 2054 1384 2102 quos
1402 2039 1535 2086 Deus
1557 2038 1649 2086 sibi
1671 2038 1792 2087 fecit

410 2115 658 2163 ministros
675 2115 915 2179 publicos;
931 2123 987 2163 ut
1005 2131 1151 2178 supra
1173 2116 1300 2178 (cap.
1311 2114 1495 2175 xxxv)
1516 2113 1671 2162 fusius
1687 2113 1790 2162 dic-

409 2198 513 2238 tum
538 2198 625 2239 est.
692 2192 1072 2243 Consecratione
1096 2200 1260 2238 autem
1285 2189 1384 2248 illa,
1403 2205 1504 2237 non
1528 2189 1599 2237 rei
1618 2205 1789 2238 conse-

412 2274 559 2315 cratae
583 2275 772 2325 natura,
790 2267 875 2315 sed
899 2267 1028 2314 solus
1049 2282 1162 2314 usus
1181 2273 1397 2314 mutatus
1421 2274 1510 2323 est,
1525 2281 1717 2329 nempe,
1733 2274 1791 2313 ut

411 2342 494 2405 qui
511 2343 789 2406 prophanus
813 2351 863 2390 et
886 2343 1156 2390 communis
1179 2342 1354 2400 fuerat,
1368 2342 1471 2405 jam
1489 2348 1686 2389 sanctus
1709 2341 1789 2399 sit,

411 2426 461 2464 et
495 2418 646 2465 cultui
681 2417 845 2465 divino
878 2416 1118 2479 proprius.
1204 2415 1300 2464 Sed
1335 2415 1530 2479 quando
1565 2423 1790 2464 naturam

413 2493 791 2556 qualitatemque
814 2492 964 2555 ipsius
988 2492 1058 2539 rei
1082 2499 1319 2539 mutatam
1343 2507 1447 2539 esse
1479 2491 1664 2549 dicunt,
1689 2506 1789 2539 non

412 2569 711 2616 consecratio
731 2567 937 2616 dicenda
954 2575 1042 2624 est,
1061 2567 1147 2615 sed
1166 2567 1243 2615 vel
1257 2582 1378 2631 opus
1396 2567 1488 2615 Dei
1503 2573 1792 2630 supernatu-

414 2643 526 2700 rale,
545 2644 621 2691 vel
638 2659 763 2691 vana
787 2650 837 2690 et
860 2642 1009 2705 impia
1031 2642 1316 2690 incantatio.
1354 2643 1602 2691 Quoniam
1624 2650 1791 2690 autem

413 2719 730 2766 mutationem
753 2717 1030 2782 hujusmodi
1055 2726 1243 2765 naturae
1266 2733 1446 2775 rerum,
1472 2732 1617 2781 quam
1640 2717 1790 2780 profi-

414 2801 591 2851 tentur,
617 2793 950 2857 quotidianam
975 2807 1078 2840 esse
1108 2791 1293 2850 dicunt,
1317 2809 1407 2855 pro
1441 2808 1588 2856 opere
1624 2790 1790 2839 divino

414 2868 767 2931 supernaturali
783 2867 951 2915 haberi
967 2883 1065 2915 non
1081 2875 1257 2930 potest.
1296 2868 1469 2917 Restat
1485 2884 1618 2931 erg0,
1626 2874 1681 2916 ut
1694 2867 1792 2916 alia
