1968 3236
514 208 583 243 on
611 208 799 242 naono
825 207 1230 243 TENEBRARum.
1468 197 1563 242 509

180 320 406 386 Anglico‚
429 329 668 384 quantum
704 320 859 384 potui,
897 336 956 368 eo
995 328 1216 383 tempore
1253 334 1351 383 quo
1382 318 1565 367 bellum
1582 339 1685 373 ομ»,
1701 338 1846 372 nvn.

181 396 322 445 civile
344 395 406 444 de
429 396 687 460 disciplina
727 396 1053 444 ecclesiastica
1092 404 1261 444 natum
1297 395 1349 444 in
1384 396 1564 455 Scotia,
1619 395 1811 469 *fflc
1717 440 1774 469 1.

179 487 271 536 per
291 470 518 535 Angliam
543 471 690 519 etiam
714 480 763 519 et
796 471 1084 519 Hiberniam
1108 470 1405 519 ferocissime
1427 487 1567 534 gere-

181 547 344 606 batur,
380 546 576 610 quando
621 563 720 594 non
762 547 1000 610 episcopis
1039 555 1249 605 tantum,
1292 547 1378 595 sed
1419 547 1568 595 etiam

182 638 315 686 rege,
337 622 461 686 lege,
486 622 735 685 religione,
754 631 804 670 et
826 622 1084 670 honestate
1107 622 1324 681 sublatis,
1347 622 1567 686 perfidia,

183 697 359 756 caedeS,
399 697 668 746 foedissima
701 698 884 746 scelera
918 697 1097 756 omnia,
1136 697 1222 745 sed
1255 698 1445 746 larvata
1481 698 1568 746 do-

183 772 525 829 minabantur;
561 773 684 821 adeo
721 781 776 820 ut
816 773 856 820 si
893 772 1000 835 quis
1037 788 1097 820 ex
1138 773 1308 821 mundi
1346 773 1569 837 partibus

183 849 525 897 remotioribus
562 849 659 896 huc
695 848 941 912 appulsus,
966 864 1151 903 eorum,
1178 865 1288 911 quae
1318 856 1437 896 tunc
1459 864 1570 912 per-

184 924 521 989 petrabantur,
545 924 839 988 flagitiorum
878 931 1124 987 spectator
1159 923 1346 982 fuisset,
1365 923 1571 987 justitiae

185 999 365 1048 divinae
410 1015 605 1047 sensum
638 1000 691 1047 in
730 999 804 1047 his
844 999 963 1047 locis
997 999 1184 1046 nullum
1219 1000 1418 1048 omnino
1452 1006 1571 1046 tunc

185 1075 335 1124 fuisse
357 1091 447 1138 pro
465 1084 600 1123 certo
623 1075 886 1123 habuisset.
936 1074 1172 1135 Doctgina
1194 1090 1311 1138 ergo
1334 1075 1440 1122 haec
1464 1090 1573 1121 mea

186 1166 361 1214 parum
400 1159 521 1198 tuuc
559 1150 776 1214 profuit;
821 1166 994 1213 parum
1030 1148 1244 1213 i‘nquam,
1282 1150 1368 1198 sed
1408 1157 1572 1210 tamen

187 1225 388 1288 aliquid.
476 1226 742 1288 Sperabam
782 1234 946 1272 autem
977 1224 1105 1272 bello
1145 1225 1362 1273 extincto
1406 1225 1573 1289 profu-

189 1310 352 1350 turam
383 1317 487 1349 esse
523 1310 710 1364 postea.
778 1300 1015 1347 Vicerunt
1044 1299 1373 1359 democratici,
1406 1309 1455 1348 et
1489 1300 1574 1348 de-

188 1377 477 1426 mocratiam
517 1377 906 1431 constituerunt;
943 1375 1031 1423 sed
1069 1375 1289 1434 eandem,
1324 1384 1575 1424 tantorum

189 1468 389 1501 suorum
442 1453 680 1500 scelerum
734 1451 1025 1509 mercedem,
1072 1451 1233 1499 subito
1290 1452 1574 1499 amiserunt.

190 1528 436 1592 Angliam,
473 1528 703 1586 Scotiam‚
741 1527 1031 1575 Hiberniam
1064 1543 1190 1575 uuus
1224 1535 1461 1591 tyrannus
1494 1543 1577 1575 oc-

191 1603 404 1668 cupavit,
428 1613 479 1651 et
502 1603 813 1667 prudentiam
852 1619 1022 1651 eorum
1063 1602 1440 1651 democraticam
1474 1610 1577 1650 tam

189 1679 429 1728 laicorum
469 1695 615 1742 quam
652 1679 1090 1727 ecclesiasticorum
1128 1678 1416 1727 confutavit.
1485 1678 1577 1726 Po-

192 1755 337 1820 pulus
362 1754 491 1803 bello
520 1755 757 1818 fatigatus
798 1755 929 1819 ipsos
961 1754 1270 1817 contempsit,
1295 1771 1393 1802 non
1417 1754 1578 1802 minus

194 1847 342 1894 quam
364 1839 480 1878 ante
503 1830 771 1878 admiratus
794 1839 885 1878 est.
957 1830 1204 1878 Restituto
1229 1829 1439 1893 denique
1462 1845 1578 1892 rege

194 1905 433 1969 legitimo,
463 1906 657 1954 veniam
680 1906 947 1969 petierunt,
978 1906 1028 1954 id
1052 1913 1140 1964 est,
1159 1905 1418 1953 stultitiam
1442 1921 1579 1953 suam

196 1989 519 2044 agnoverunt.
573 1981 729 2028 Venia
769 1981 887 2029 data
923 1990 1014 2039 est,
1039 1981 1201 2044 idque,
1225 1996 1287 2028 ne
1319 1980 1580 2028 sceleribus

198 2056 298 2103 suis
331 2071 362 2103 a
391 2056 532 2103 bonis
570 2055 1002 2119 distinguerentur,
1026 2071 1114 2119 per
1149 2056 1436 2103 amnestiam
1474 2054 1581 2102 uni-

199 2130 454 2179 versalem.
524 2130 647 2179 Quis
671 2130 839 2178 credat
860 2131 1100 2194 principia
1123 2130 1205 2178 illa
1229 2130 1460 2178 seditiosa
1482 2146 1581 2177 non

195 2207 299 2269 jam
336 2204 497 2253 deleta
532 2220 638 2253 esse
679 2206 857 2264 omnia,
894 2215 980 2254 aut
1011 2214 1192 2269 praeter
1228 2204 1583 2252 democraticos

201 2296 308 2329 esse
354 2295 663 2343 quemquam,
709 2280 794 2344 qui
847 2280 1137 2339 doctrinam,
1184 2289 1286 2328 tam
1331 2280 1583 2343 pacificam

202 2372 349 2420 quam
372 2355 479 2403 haec
510 2363 601 2414 est,
625 2355 858 2404 abolitam
893 2372 998 2404 esse
1036 2355 1269 2419 cuperet?
1341 2354 1487 2403 Quod
1521 2370 1583 2402 ne

202 2429 410 2488 accidat,
435 2429 640 2477 eandem
674 2429 824 2478 latine
858 2439 1024 2479 extare
1048 2430 1194 2478 volui.
1262 2428 1417 2477 Video
1454 2428 1584 2476 enim

204 2504 527 2554 dissensiones
554 2504 806 2553 hominum
846 2505 908 2553 de
945 2504 1255 2569 opinionibus
1278 2513 1328 2551 et
1350 2513 1585 2567 praestan-

204 2581 276 2630 tia
297 2579 480 2643 ingenii
504 2579 608 2627 tolli
631 2580 778 2628 armis
800 2596 899 2628 non
919 2596 1076 2644 posse.
1136 2579 1269 2627 Mala
1292 2577 1584 2642 hujusmodi,

205 2672 304 2720 quo
327 2654 473 2703 modo
498 2663 630 2712 nata,
654 2654 826 2703 eodem
861 2655 1191 2719 extinguenda
1223 2663 1350 2702 sunt.
1421 2653 1586 2701 Animi

206 2731 385 2780 civium
408 2746 439 2777 a
460 2729 674 2793 politicae
704 2737 754 2777 et
782 2730 1102 2795 philosophiae
1139 2729 1348 2777 ethuicae
1384 2729 1589 2792 scripto·

206 2807 341 2857 ribus
364 2804 533 2854 infecti
549 2804 785 2869 paulatim
806 2805 1015 2855 fuerant.
1075 2805 1246 2867 Itaque
1263 2811 1588 2853 atramentum
