1968 3236
445 232 540 275 436
760 240 830 272 DE
859 237 1115 272 01v1⁷rATE
1143 235 1499 269 cnRiSTmNA.

167 374 269 406 cAp,
290 374 421 408 xmn,
445 351 701 400 obediendi
724 352 1051 399 voluntatem:
1089 356 1140 395 et
1159 349 1389 396 Servator
1411 357 1580 397 noster
1603 347 1823 396 dileetio-

200 430 388 452 *Υ*
445 445 557 476 nem
572 427 662 475 Dei
686 434 734 474 et
756 425 978 489 proximi,
999 424 1150 471 totius
1173 424 1294 487 legis
1318 425 1648 487 impletionem
1662 430 1822 471 vocat.

165 469 210 497 De
218 470 332 507 iis,quoe
341 471 378 498 ad
388 480 429 498 re-

165 514 324 549 ceptionem
333 514 426 551 iures·
444 502 718 567 Aliquando
738 502 884 549 etiam
907 517 995 563 pro
1033 499 1332 558 obedientia,
1359 499 1570 562 justitia
1592 499 1821 562 ponitur:

164 565 236 626 3Ϊῖ
246 557 414 628 Σζῖΐὲζῖα.
438 580 626 643 justitia
648 578 777 625 enim
794 577 1017 624 voluntas
1045 583 1119 623 est
1143 591 1284 622 suum
1300 575 1474 638 cuique
1493 574 1757 633 tribuendi,
1772 574 1824 622 id

443 663 531 714 est,
550 653 806 702 obediendi
828 653 1031 716 legibus.
1087 652 1227 714 Saepe
1252 651 1399 698 etiam
1422 666 1512 714 pro
1527 649 1824 708 obedientia,

441 730 638 793 ponitur
662 727 1028 793 resipiscentia,
1055 726 1154 775 sive
1183 726 1506 791 poenitentia;
1543 741 1652 788 quae
1675 725 1825 789 signi-

441 807 553 853 ficat
588 805 885 852 aversionem
914 819 943 850 a
971 809 1191 865 peccato,
1217 801 1268 849 id
1300 811 1388 860 est,
1427 801 1725 849 voluntatem
1761 800 1826 849 ad

442 881 766 928 obedientiam
797 878 1089 927 revertendi.
1161 877 1453 940 Quicunque
1488 892 1603 939 ergo
1638 877 1826 925 sincere

442 965 491 1004 et
532 964 636 1004 toto
686 955 832 1004 corde
867 955 1099 1002 mandata
1140 954 1231 1001 Dei
1275 953 1477 1016 implere
1515 953 1665 1016 cupit,
1705 953 1825 1000 item

442 1048 779 1095 quemcunque
815 1038 1126 1095 peccatorum
1154 1045 1266 1077 vere
1301 1029 1522 1092 poenitet,
1547 1036 1598 1076 et
1620 1027 1824 1092 quicun-

442 1124 534 1171 que
575 1108 732 1155 Deum
769 1114 876 1155 toto
914 1105 1061 1154 corde
1100 1104 1273 1168 diligit,
1304 1111 1353 1152 et
1385 1103 1661 1167 proximum
1698 1103 1826 1151 sicut

444 1184 671 1246 seipsum,
697 1198 892 1230 omnem
916 1182 1064 1229 habet
1093 1180 1421 1228 obedientiam
1453 1179 1598 1227 saluti
1629 1185 1827 1227 aeternae

442 1258 776 1311 necessariam.
831 1257 958 1304 Nam
978 1257 1017 1303 si
1035 1256 1306 1319 postularet
1324 1255 1456 1302 Deus
1479 1255 1825 1314 innocentiam,

441 1333 621 1381 servari
643 1349 786 1380 nemo
810 1339 987 1395 posset.
1041 1331 1236 1393 Accipit
1255 1331 1386 1378 Deus
1405 1330 1646 1394 justitiam
1667 1330 1827 1379 homi-

441 1410 531 1467 nis,
556 1408 608 1455 id
639 1416 727 1466 est,
753 1407 1054 1455 voluntatem
1092 1407 1197 1454 Deo
1229 1407 1513 1462 subactam3
1548 1422 1649 1454 non
1674 1407 1827 1471 exigit

442 1485 769 1532 innocentiam
793 1483 947 1547 ipsam
971 1483 1102 1530 ultra
1121 1490 1351 1530 conatum
1373 1489 1609 1530 nostrum.

510 1560 606 1607 Sed
631 1575 854 1623 quaenam
880 1566 993 1607 sunt
1017 1558 1250 1606 mandata
1273 1558 1356 1606 illa
1380 1558 1486 1616 Dei,
1512 1558 1689 1620 quibus
1713 1558 1827 1606 obe-

445 1636 548 1683 dire
574 1636 899 1684 necessarium
926 1634 1032 1683 est?
1091 1635 1245 1698 Leges
1270 1634 1500 1682 Mosaicae
1524 1641 1701 1682 suntne
1724 1650 1828 1682 om-

444 1728 529 1759 nes
552 1713 682 1774 leges
707 1711 830 1759 Dei?
868 1711 919 1759 Si
943 1711 1055 1769 sint,
1075 1726 1162 1758 cur
1185 1726 1284 1758 non
1310 1709 1541 1757 docemur
1565 1709 1828 1757 Christiani

444 1788 536 1835 illis
561 1787 756 1835 obedire
777 1787 792 1834 2-
847 1787 897 1835 Si
920 1803 1020 1835 non
1046 1787 1158 1844 sint,
1184 1802 1407 1849 quaenam
1434 1785 1542 1833 aliae
1566 1792 1679 1833 sunt
1701 1801 1827 1848 prae-

444 1871 519 1910 ter
542 1863 672 1925 leges
695 1871 883 1910 naturae
903 1862 919 1909 Ρ
969 1862 1097 1910 Nam
1117 1862 1346 1909 Servator
1370 1869 1537 1908 noster
1560 1876 1660 1908 non
1684 1860 1828 1908 nobis

444 1954 594 1986 novas
618 1938 728 1985 tulit
750 1938 897 2000 leges,
923 1938 1009 1985 sed
1036 1937 1280 1985 custodire
1301 1936 1468 1984 docuit
1503 1952 1622 1999 quas
1654 1936 1828 1984 habui-

445 2030 568 2072 mus,
593 2014 643 2061 id
667 2021 754 2071 est,
779 2014 909 2076 leges
942 2013 1188 2061 naturales
1213 2022 1262 2060 et
1285 2013 1466 2060 civiles.
1538 2012 1637 2061 Lex
1661 2020 1828 2060 autem

446 2089 552 2147 Dei,
578 2106 683 2152 quae
709 2090 850 2152 jubet
874 2090 1203 2137 obedientiam
1221 2089 1409 2152 legibus
1434 2087 1668 2146 civilibus,
1688 2087 1830 2151 jubet

446 2181 532 2228 per
551 2181 848 2227 consequens
874 2165 1200 2212 obedientiam
1222 2163 1551 2227 praestandam
1574 2178 1677 2211 esse
1701 2178 1829 2227 prae-

447 2241 598 2303 ceptis
635 2241 857 2288 omnibus
896 2241 1160 2303 Scripturae
1199 2241 1359 2288 Sacrae
1380 2260 1392 2294 ;
1429 2255 1538 2302 quae
1563 2239 1829 2302 Scripturae

449 2316 625 2374 Sacrae,
651 2323 704 2363 ut
727 2316 886 2379 capite
909 2315 1215 2378 praecedente
1239 2323 1490 2363 ostensum
1515 2322 1606 2372 est,
1630 2314 1699 2362 ibi
1722 2322 1829 2362 tan-

447 2397 551 2438 tum
582 2392 714 2454 leges
737 2399 864 2448 sunt,
888 2391 973 2438 ubi
997 2408 1026 2438 a
1048 2399 1292 2454 potestate
1317 2390 1445 2438 civili
1474 2390 1525 2437 in
1558 2390 1690 2454 leges
1713 2397 1829 2437 sunt

448 2475 672 2530 receptae.
722 2468 779 2514 In
803 2466 921 2514 locis
945 2466 1050 2513 aliis
1074 2467 1275 2514 consilia
1299 2474 1428 2524 sunt,
1454 2481 1563 2529 quae
1586 2481 1674 2513 suo
1698 2464 1830 2529 quis-

450 2557 541 2604 que
578 2541 792 2604 periculo
834 2541 936 2587 sine
973 2541 1212 2603 injustitia
1252 2541 1390 2604 sequi
1426 2540 1503 2589 vel
1549 2556 1650 2588 non
1692 2540 1829 2604 sequi

448 2624 622 2678 potest.

514 2691 636 2739 Cum
660 2690 953 2753 explicatum
985 2690 1086 2752 jam
1121 2690 1198 2747 sit,
1225 2706 1447 2753 quaenam
1472 2690 1750 2739 obedientia
1772 2706 1832 2739 ea

448 2766 524 2823 sit,
541 2773 589 2813 et
614 2765 692 2813 cui
714 2763 1005 2828 praestanda,
1025 2780 1131 2826 quae
1154 2766 1428 2813 necessaria
1450 2774 1523 2814 est
1540 2766 1604 2814 ad
1625 2765 1830 2814 salutem

449 2849 714 2894 aeternam;
751 2838 1108 2887 consideremus
1133 2855 1263 2887 nunc
1295 2840 1472 2897 fidem;
1506 2857 1697 2904 nempe,
1722 2841 1830 2904 qui-

449 2914 537 2961 bus
571 2923 621 2962 et
655 2930 741 2961 cur
765 2913 1021 2971 credimus,
1045 2921 1095 2961 et
1118 2914 1314 2976 quinam
1355 2923 1470 2963 sunt
1504 2915 1698 2964 articuli
1725 2930 1826 2964 cre-
