1910 3236
0 1475 22 2021 {··«-z‚1*a³⁴‹,xw.-7vm··w·wzg⁴-fssv2
0 1416 13 1459 2.-
0 1335 13 1360 ι,-

723 220 793 253 nn·
822 219 1065 253 nouum.
1521 209 1577 251 31

200 333 421 383 similiter
443 333 639 396 placent
674 348 752 380 res
788 333 988 390 eaedem,
1011 347 1172 396 neque
1207 330 1366 379 eidem
1400 329 1587 378 homini

200 409 330 458 idem
369 409 503 457 omni
543 415 780 471 tempore,
823 408 1147 456 inconstantis
1189 414 1305 456 sunt
1344 405 1588 470 significa-

198 484 363 533 tionis.
434 484 560 531 Cum
607 484 737 531 enim
783 485 983 532 nomina
1019 485 1183 532 omnia
1221 483 1286 532 ad
1325 488 1589 545 conceptus

199 559 545 623 significandos
590 559 820 622 imposita
864 559 1063 618 fuerint,
1110 575 1307 607 necesse
1353 566 1431 606 est
1476 573 1589 605 cum

199 634 395 684 easdem
432 650 510 682 res
549 651 650 682 non
694 635 918 682 similiter
964 636 1249 694 sentiamus,
1291 642 1348 683 ut
1394 632 1589 682 easdem

200 710 349 759 etiam
383 725 718 773 saepenumero
754 709 1053 758 dissimiliter
1092 711 1417 759 nominemus.
1485 708 1590 756 Etsi

201 785 274 834 rei
297 792 550 848 conceptae
573 793 751 833 natura
771 800 874 832 non
895 792 1129 842 mutetur,
1150 785 1406 833 diversitas
1424 791 1591 832 tamen

200 860 509 924 receptionis,
551 867 660 908 orta
693 876 724 908 a
758 859 1036 907 diversitate
1088 867 1376 908 naturarum
1415 859 1590 907 indivi-

201 935 409 985 duarum
432 943 484 984 et
515 952 546 983 a
571 935 868 999 praejudiciis
896 934 1199 998 opinionum,
1223 935 1342 983 facit
1364 942 1421 982 ut
1442 949 1591 982 unus—

201 1012 407 1076 quisque
425 1011 626 1060 nomina
643 1011 737 1059 illis
760 1012 980 1074 imponat
997 1011 1197 1074 propria
1219 1026 1308 1058 sua
1331 1010 1591 1058 affectione

200 1087 509 1151 aliquatenus
545 1087 716 1135 tincta.
786 1086 1123 1136 Quamobrem
1158 1086 1209 1133 in
1240 1085 1374 1133 omni
1396 1084 1592 1133 ratioci-

202 1164 402 1212 natione
425 1162 617 1210 cautela
639 1178 761 1225 opus
785 1170 874 1221 est,
895 1177 957 1209 ne
980 1168 1160 1225 praeter
1184 1161 1593 1223 significationem

202 1238 354 1303 ipsius
377 1237 448 1286 rei
481 1237 795 1285 admittamus
829 1236 978 1284 etiam
1001 1235 1188 1299 aliquid
1218 1235 1279 1283 de
1302 1242 1494 1294 natura,
1517 1235 1593 1283 in-

202 1314 366 1379 genio,
390 1322 440 1362 et
462 1313 719 1361 affectibus
741 1312 952 1361 hominis
977 1312 1060 1375 qui
1078 1312 1310 1374 loquitur.
1380 1310 1594 1358 Nomina

202 1398 369 1439 autem
420 1388 703 1452 hujusmodi
754 1388 1040 1452 plerumque
1091 1394 1206 1435 sunt
1250 1386 1490 1435 virtutum
1543 1394 1594 1433 et

202 1467 435 1516 vitiorum
468 1465 684 1514 nomina.
755 1465 883 1513 Nam
922 1480 1069 1527 quam
1103 1463 1226 1510 alius
1252 1460 1592 1527 prudentiam,

203 1542 327 1591 alius
350 1550 496 1590 vocat
518 1548 692 1590 metum
707 1559 726 1596 ;
762 1557 909 1602 quam
931 1540 1053 1588 alius
1078 1526 1446 1595 crudelitatem,
1470 1536 1594 1584 alius

203 1625 349 1667 vocat
369 1617 627 1681 justitiam
645 1635 663 1671 ;
699 1632 845 1679 quam
868 1616 948 1663 hic
968 1613 1268 1680 proluvium,
1294 1613 1375 1661 ille
1398 1612 1594 1677 magui-

187 1693 453 1757 ficentiam
470 1692 714 1756 appellat;
751 1708 861 1755 quae
883 1691 997 1739 huic
1018 1689 1274 1756 gravita8‚
1299 1688 1440 1737 alteri
1463 1687 1596 1735 vide-

205 1776 287 1816 tur
315 1775 510 1833 stupor,
539 1776 634 1816 etc.
704 1768 877 1831 Itaque
913 1783 973 1815 ex
1007 1765 1286 1829 hujusmodi
1316 1764 1595 1813 nominibus

205 1844 447 1909 principia
468 1843 794 1892 ratiocinandi
825 1842 1056 1891 constitui
1081 1858 1181 1889 non
1203 1847 1425 1905 possunt.
1495 1840 1595 1887 Ne-

205 1935 301 1983 que
325 1935 385 1967 ex
412 1919 727 1982 metaphoris,
755 1919 958 1982 aliisque
991 1917 1226 1966 orationis
1256 1917 1427 1980 tropis.
1499 1916 1596 1963 Sed

206 1995 367 2043 minus
414 2003 528 2042 sunt
571 1994 679 2043 haec
723 1994 1013 2058 periculosa,
1056 1993 1172 2056 quia
1215 1992 1594 2041 inconstantiam

207 2085 348 2119 suam
370 2070 680 2133 profitentur.

746 2344 962 2394 CAPUT
995 2346 1054 2393 V.

563 2478 625 2510 DE
661 2477 872 2510 RATIONE
908 2478 969 2510 ET
1004 2478 1237 2510 SCIENTIA.

212 2561 322 2611 QUI
347 2562 702 2621 ratiocinatur,
725 2562 802 2610 vel
826 2570 985 2611 totum
1011 2563 1187 2626 quaerit
1211 2561 1461 2610 additione
1484 2576 1596 2624 par-

210 2636 332 2685 tium
350 2658 364 2692 ;
398 2638 473 2686 vel
495 2638 759 2697 residuum,
780 2639 1114 2687 subtractione
1133 2638 1286 2702 partis
1306 2653 1335 2684 a
1353 2644 1519 2700 parte:
1546 2636 1597 2684 id

212 2711 360 2775 quod,
383 2713 423 2760 si
446 2714 606 2761 verbis
629 2714 731 2772 fiat,
754 2714 877 2761 nihil
910 2714 1044 2762 aliud
1075 2722 1163 2772 est,
1187 2721 1366 2776 praeter
1389 2728 1597 2776 concep-

210 2787 396 2835 tionem
440 2789 803 2851 consequentiae
850 2789 1062 2837 nominis
1110 2788 1265 2852 partis
1311 2787 1375 2835 ad
1420 2803 1598 2836 nomen

1639 349 1745 381 cAP.
1764 348 1827 380 lv.

1640 402 1831 426 N-—Yd

1636 451 1681 480 De
1694 451 1834 480 samone:
