1910 3236
661 272 732 306 nn
761 272 1002 306 Romus.
1471 262 1525 314 17

137 381 300 430 media
333 383 611 446 quaerimus,
648 384 824 447 quibus
860 384 1163 448 producitur.
1235 384 1397 447 Atque
1421 385 1528 432 haec

137 456 416 506 hominibus
452 475 563 507 cum
599 460 789 507 caeteris
824 460 1112 508 animalibus
1141 460 1413 508 communis
1438 468 1525 508 est.

1582 409 1686 442 CAP.
1705 408 1775 440 111.

1584 464 1775 486 *γῇ

1605 505 1813 544 consequenti·

137 533 310 583 Altera
341 543 432 592 πῖ,
468 535 680 599 quando,
722 536 975 600 imaginati
1021 552 1125 584 rem
1165 552 1525 600 quamcunque,
1544 551 1693 599 nivqaerie
1716 549 1813 585 ῑωιει

136 610 340 659 effectus
373 627 542 659 omnes
577 612 839 675 quaerimus
874 613 1129 675 possibiles
1161 612 1245 675 qui
1278 611 1393 660 inde
1416 603 1562 675 pro-¹¹

135 685 251 734 duci
289 694 524 750 possunt;
562 686 613 734 id
647 694 738 745 est,
773 704 915 735 usum
954 689 1058 751 ejus
1099 688 1377 752 quaerimus‚
1419 688 1527 751 quis

134 776 241 809 esse
280 762 452 826 possit.
523 763 686 826 Hujus
725 764 919 826 generis
962 763 1274 827 cogitationis
1315 764 1527 827 signum,

133 844 462 901 praeterquam
496 838 548 886 in
583 838 797 897 homine,
822 855 1074 902 nunquam
1097 839 1230 893 vidi3
1267 839 1527 888 curiositas

134 912 265 961 enim
286 913 394 962 haec
424 914 475 962 in
505 922 730 962 naturam
755 914 971 962 incidere
994 915 1076 962 vix
1100 922 1264 978 potest
1288 916 1526 974 animalis,

132 989 215 1037 cui
238 990 387 1038 uullae
410 990 579 1038 insunt
602 991 851 1054 passiones
874 998 1055 1054 praeter
1078 991 1341 1046 sensuales,
1361 992 1527 1055 quales

132 1073 249 1114 sunt
275 1065 446 1124 fames,
473 1067 595 1125 sitis,
619 1082 771 1124 amor,
796 1074 846 1114 et
869 1066 955 1114 ira.
1027 1066 1286 1114 Discursus
1317 1066 1527 1130 denique

131 1140 298 1200 animi,
316 1140 512 1205 quando
536 1158 566 1189 a
589 1141 845 1205 designato
870 1142 967 1189 fine
990 1131 1155 1205 aliquo
1178 1142 1382 1204 regitur,
1402 1142 1526 1190 nihil

128 1216 264 1265 aliud
293 1224 369 1265 est
402 1225 584 1281 praeter
615 1217 1061 1281 investigationem,
1096 1217 1198 1264 sive
1234 1215 1522 1266 facultatem

131 1292 429 1351 inveniendi,
487 1309 597 1356 quae
655 1291 923 1357 sagacitas
971 1307 1167 1355 quoque
1214 1299 1265 1339 et
1311 1291 1524 1340 solertia

130 1367 419 1432 appellatur,
451 1380 501 1416 et
539 1375 614 1415 est
645 1367 782 1430 quasi
816 1366 1012 1414 venatio
1048 1366 1273 1430 quaedam
1306 1383 1396 1430 per
1437 1383 1525 1416 sua

129 1443 338 1507 vestigia
369 1443 575 1506 alicujus
610 1459 771 1491 causae
802 1442 878 1490 vel
913 1443 1115 1490 effectus
1148 1443 1403 1506 praesentis
1438 1452 1524 1491 aut

129 1519 380 1583 praeteriti.
457 1519 727 1583 Investigat
772 1518 948 1582 aliquis
993 1518 1045 1566 id
1091 1518 1223 1582 quod
1267 1519 1522 1583 perdidit?

129 1594 208 1643 Ab
245 1611 303 1643 eo
337 1595 447 1643 loco
483 1602 533 1643 et
567 1603 805 1659 tempore,
840 1595 925 1642 ubi
959 1594 1011 1643 id
1045 1611 1096 1642 se
1123 1595 1395 1658 perdidisse
1419 1596 1523 1643 ani-

130 1671 408 1730 madvertit,
445 1672 655 1720 recurrit
700 1671 864 1719 animo
901 1687 931 1719 a
963 1671 1072 1719 loco
1108 1671 1173 1719 ad
1208 1671 1372 1719 locum
1409 1680 1460 1718 et
1496 1688 1527 1718 a

128 1754 350 1812 tempore
372 1747 437 1796 ad
468 1755 677 1811 tempus,
700 1755 758 1795 ut
781 1746 995 1810 reperiat
1016 1747 1102 1794 ubi
1126 1755 1177 1794 et
1200 1746 1397 1810 quando
1422 1763 1525 1794 rem

133 1822 376 1887 perditam
415 1823 670 1882 habuerat,
695 1823 747 1871 id
783 1831 874 1882 est,
909 1831 967 1871 ut
1006 1831 1200 1888 tempus
1240 1823 1441 1887 aliquod
1477 1831 1527 1871 et

130 1898 294 1947 locum
327 1907 518 1947 certum
542 1908 592 1948 et
616 1900 873 1948 definitum
903 1900 1130 1963 reperiat,
1153 1899 1239 1947 ubi
1263 1900 1523 1963 investiga-

128 1974 278 2023 tionis
301 1982 517 2023 statuere
542 1975 740 2023 initium
772 1975 944 2039 possit.
1015 1975 1153 2034 Inde,
1177 1991 1363 2033 rursus,
1390 1977 1525 2039 cogi-

127 2051 317 2099 tatione
352 2067 442 2115 per
474 2051 646 2099 eadem
677 2052 788 2100 loca
817 2060 868 2100 et
902 2059 1127 2116 tempora
1156 2052 1435 2109 revertitur,
1471 2061 1524 2099 ut

127 2127 375 2175 actionem
410 2126 624 2191 aliquam
655 2129 733 2176 vel
770 2129 1079 2176 occasionem
1110 2127 1257 2175 aliam
1289 2128 1521 2185 inveniat,

129 2218 240 2267 quae
257 2219 406 2252 causa
424 2219 530 2251 esse
547 2211 744 2268 poterat
762 2213 819 2253 ut
836 2221 940 2252 rem
960 2204 1216 2268 quaesitam
1234 2203 1521 2268 perdiderit.

128 2278 293 2343 Atque
330 2278 438 2328 haec
478 2287 554 2327 est
597 2279 806 2328 facultas
845 2279 930 2327 illa
974 2280 1125 2327 animi
1166 2296 1277 2343 quae
1316 2288 1523 2327 vocatur

128 2354 518 2403 reminiscentia.

194 2430 393 2479 Accidit
424 2430 703 2494 aliquando,
729 2439 786 2479 ut
819 2431 927 2495 quis
961 2432 1127 2480 locum
1159 2431 1414 2480 definitum
1438 2431 1521 2478 ha-

126 2506 243 2555 beat
264 2505 395 2555 intra
411 2521 557 2569 quem
580 2506 894 2571 investigatio
912 2507 1215 2556 instituenda
1234 2516 1323 2554 est.
1382 2507 1521 2554 Tunc

128 2588 294 2630 autem
328 2581 653 2645 cogitationes
697 2583 802 2646 ejus
843 2590 1008 2646 partes
1047 2598 1216 2631 omnes
1257 2582 1385 2629 illius
1426 2581 1521 2629 loci

128 2657 443 2706 determinati
460 2665 770 2721 percurrunt,
788 2674 846 2707 eo
870 2658 1017 2707 modo
1042 2666 1100 2706 ut
1123 2658 1161 2706 si
1188 2658 1296 2721 quis
1320 2657 1521 2704 cubicu-

128 2731 231 2781 lum
253 2740 514 2792 everreret,
530 2742 589 2782 ut
610 2734 854 2798 perditam
868 2734 1113 2783 inveniret
1135 2749 1380 2798 gemmam
1401 2753 1413 2786 ;
1445 2732 1521 2780 vel

130 2807 543 2871 quemadmodum
573 2809 709 2857 canis
740 2810 993 2858 venaticus
1030 2825 1259 2872 campum
1289 2823 1522 2871 pervaga-

129 2889 228 2941 tur,
246 2882 402 2931 donec
420 2883 537 2932 ferae
554 2884 760 2947 alicujus
780 2884 983 2933 odorem
1008 2885 1186 2932 sentiat
1204 2905 1216 2937 ;
1259 2883 1335 2930 vel
1359 2891 1414 2931 ut
1437 2884 1521 2947 qui

262 2972 386 3006 vot.
415 2973 493 3006 111.
1358 2972 1388 3006 c

1565 600 1703 622 ῐῐῐῐῐῐῐῐῐῐ
