1968 3236
700 280 771 314 DE
799 279 1072 314 CIVITATE.
1490 266 1589 318 217

0 381 13 456 {u
200 400 295 451 tus,
305 392 387 455 qui
402 407 640 439 summam
655 392 800 440 habet
816 391 1291 455 potestatem,legem
1305 396 1420 438 ante
1435 389 1586 437 latam
1605 407 1707 440 οΛΡ.
1720 405 1870 439 xxvu.

200 469 383 517 violare
392 469 608 532 jusserit,
624 469 821 516 violatio
838 476 1097 516 excusatur
1112 466 1344 515 totaliter.
1382 465 1585 513 Factum
1624 461 1833 537 Dm

200 544 346 602 enim,
372 546 509 607 cujus
532 545 709 591 author
727 553 801 591 est
826 545 865 591 is
885 544 968 606 qui
993 558 1231 590 summam
1250 541 1400 589 habet
1423 547 1586 604 potes-
1621 554 1816 603 umacus*

201 627 371 677 tatem,
397 619 458 667 ab
487 620 590 682 ipso
623 619 937 666 condemnari
972 634 1070 666 non
1107 624 1298 681 potest;
1334 623 1384 664 et
1410 617 1585 680 legem,
1622 596 1860 667 &5133ssssss

202 703 438 758 quantum
459 694 637 742 attinet
655 694 718 741 ad
734 694 918 742 factum
938 693 1057 741 illud
1072 693 1380 757 particulare,
1388 707 1589 740 summae

202 770 458 835 potestatis
482 770 755 817 authoritas
779 771 1016 833 abrogare
1042 769 1335 817 censebitur.

271 846 323 894 Si
342 845 425 909 qui
440 862 677 892 summam
693 846 841 892 habet
855 853 1149 908 potestatem
1167 845 1313 892 homo
1329 844 1405 891 vel
1421 850 1590 901 coetus,

203 922 298 971 civi
338 921 646 984 privilegium
685 921 784 968 sive
823 921 1099 968 libertatem
1135 919 1447 976 concesserit,
1483 935 1593 982 quae

204 1013 316 1046 cum
356 1004 596 1060 potestate
634 1012 824 1043 summa
858 996 1123 1043 consistere
1165 1011 1264 1043 non
1304 1002 1495 1058 potest;
1537 1003 1594 1042 ut

203 1089 316 1136 quae
339 1088 542 1119 summae
566 1072 824 1134 potestatis
845 1071 1131 1118 exercitium
1151 1071 1407 1135 impediat;
1433 1070 1489 1129 is,
1511 1070 1594 1133 qui

203 1148 480 1197 libertatem
494 1147 640 1195 talem
657 1147 919 1205 exercebit,
929 1154 1116 1210 peccat,
1127 1155 1176 1194 et
1195 1156 1367 1195 contra
1381 1146 1595 1194 officium

205 1224 326 1272 civis
356 1223 489 1271 facit.
561 1222 695 1270 Scire
736 1223 866 1270 enim
898 1222 1078 1270 debent
1109 1223 1238 1270 cives
1262 1238 1448 1281 omnes,
1477 1221 1596 1285 quid

201 1299 302 1364 juri
339 1298 551 1347 civitatis
587 1314 857 1361 congruum
895 1298 974 1355 sit,
1001 1305 1050 1345 et
1088 1297 1207 1361 quid
1247 1298 1595 1361 incongruum;

0 1305 7 1426 „z-v-c-—v

211 1978 495 2043 fontie‘sive
531 1995 705 2037 causae,
729 1979 860 2027 unde
891 1980 1132 2039 oriuntur,
1166 1980 1490 2043 pravitatem:
1528 1997 1600 2028 se-

248 2043 393 2114 undo,
411 2071 500 2119 per
517 2055 726 2118 exempli
746 2056 1027 2118 contagium
1046 2075 1057 2103 z
1084 2056 1246 2116 tertio,
1262 2072 1350 2120 per
1370 2057 1604 2104 damnum

213 2130 328 2180 inde
350 2139 551 2178 natum:
589 2138 780 2193 quarto,
795 2146 883 2194 per
902 2131 1292 2179 circumstantias
1308 2139 1602 2195 temporum,

214 2206 451 2264 locorum,
475 2214 525 2254 et
547 2221 882 2270 personarum.

284 2282 468 2331 Contra
500 2282 658 2346 legem
691 2281 878 2330 factum
912 2281 1058 2339 idem,
1092 2282 1133 2330 si
1167 2299 1197 2330 a
1226 2282 1606 2347 praesumptione

217 2358 403 2407 oriatur
427 2357 603 2406 virium
621 2357 698 2405 vel
723 2357 1001 2404 divitiarum
1020 2357 1097 2405 vel
1121 2358 1405 2417 amicorum,
1430 2358 1606 2422 quibus

218 2433 303 2498 qui
337 2433 458 2481 facit
499 2432 655 2481 fretus
691 2433 926 2481 ministris
966 2433 1175 2496 publicis
1214 2435 1411 2491 resistit,
1449 2435 1606 2497 majus

219 2509 404 2558 crimen
428 2516 518 2567 est,
542 2524 689 2572 quam
713 2509 752 2556 si
785 2525 813 2556 a
847 2525 932 2573 spe
969 2508 1152 2556 latendi
1175 2510 1253 2557 vel
1275 2509 1493 2572 fugiendi
1529 2524 1606 2556 or-

218 2592 325 2633 tum
348 2591 489 2633 esset.
559 2585 869 2647 Impunitatis
906 2584 1035 2632 enim
1071 2585 1406 2648 praesumptio,
1431 2593 1549 2632 nata
1578 2601 1608 2632 a

219 2660 415 2720 fiducia,
437 2660 671 2724 potentiae
704 2660 844 2708 radix
876 2669 966 2719 est,
990 2660 1121 2708 unde
1155 2660 1286 2708 omni
1314 2668 1535 2723 tempore
1560 2667 1609 2707 et

222 2737 589 2800 opportunitate
617 2736 835 2784 omnium
865 2736 1027 2800 legum
1051 2736 1270 2784 nascitur
1293 2734 1607 2798 contemptio.

225 2811 373 2861 Quod
406 2819 570 2860 antem
594 2812 651 2859 fit
672 2821 874 2875 propter
907 2828 1043 2876 spem
1066 2811 1248 2860 latendi
1276 2810 1351 2859 vel
1371 2809 1607 2873 fugiendi,

223 2886 427 2950 periculi
451 2887 752 2949 agnitionem
776 2888 939 2951 arguit
959 2907 971 2943 3
997 2904 1094 2951 quo
1113 2887 1303 2950 legibus
1322 2886 1371 2934 in
1389 2886 1611 2934 futurum

223 2961 445 3010 redditur
466 2961 754 3024 obsequenti
762 2979 824 3010 ir.

11 1366 46 1447 ζ
211 1374 348 1438 (quia
371 1373 541 1421 civitas
566 1389 596 1420 a
619 1373 823 1436 singulis
847 1373 1033 1420 civibus
1055 1389 1146 1436 pro
1171 1389 1257 1421 sua
1280 1374 1497 1436 ipsorum
1522 1389 1597 1421 sa-

0 1448 66 1527 ἐξ·
206 1451 311 1499 lute
333 1458 384 1498 et
406 1464 647 1497 consensu
665 1448 970 1512 singulorum
983 1448 1211 1496 instituta
1224 1450 1375 1510 erat);
1400 1438 1597 1497 liberta-

0 1513 46 1579 ἒ
208 1533 405 1588 temque
428 1525 575 1582 illam,
595 1532 835 1588 quatenus
859 1540 1062 1572 summae
1084 1525 1318 1588 potestati
1339 1532 1596 1588 repugnat,

0 1580 43 1682 ii
208 1617 489 1650 concessam
513 1616 618 1648 esse
650 1601 775 1648 scire
805 1616 893 1664 per
916 1601 1244 1664 ignorantiam
1268 1601 1598 1659 concedentis,

209 1677 294 1742 qui
317 1676 668 1740 consequentia
690 1675 804 1723 inde
824 1675 1010 1724 civitati
1029 1676 1247 1740 pericula
1268 1692 1369 1724 non
1394 1676 1598 1724 viderat.

0 1794 3 1798 .
28 1746 45 1795 ἓ
211 1752 463 1817 Siquidem
487 1760 652 1800 autem
674 1751 903 1802 libertate
926 1768 1014 1800 sua
1040 1753 1113 1800 uti
1144 1768 1354 1816 pergens
1377 1753 1601 1800 ministro

27 1834 54 1892 {a
209 1829 407 1894 publico
430 1828 681 1886 restiterit,
707 1828 892 1876 crimen
916 1836 1005 1876 est.

0 1915 56 1977 ἃ
280 1904 548 1972 Crimimxrn
566 1903 747 1966 gradus
765 1904 897 1952 varie
915 1912 1260 1952 mensurantur
1279 1924 1290 1951 :
1316 1905 1490 1968 primo,
1514 1920 1603 1968 per

30 1971 58 1997 .‹··
