1968 3236
515 252 586 286 ΒΕ
613 251 871 285 clvl'rA'rE
897 251 1254 285 cnmsTIANA.
1475 237 1573 289 357

268 365 513 414 Quoniam
528 381 645 428 ergo
663 365 933 412 authoritas
953 364 1104 412 Mosis
1121 363 1436 412 subordinate.
1450 370 1572 419 erat,

201 449 253 489 et
274 440 376 504 ipse
400 441 491 489 Dei
517 457 710 504 prorex,
735 441 953 504 sequitur
976 440 1124 488 etiam
1148 440 1410 497 Christum,
1435 438 1573 501 cujus

200 517 486 572 authoritas,
511 518 560 565 in
597 527 831 580 quantum
856 524 960 564 erat
985 516 1144 574 hom0,
1169 523 1274 564 erat
1297 513 1463 562 similis
1487 528 1573 560 au—

200 593 423 642 thoritati
463 594 629 649 Mosis,
664 594 752 640 sub
796 593 898 640 Deo
946 593 1086 640 Patre
1132 607 1220 639 suo
1259 596 1571 654 regnaturum

201 683 321 717 esse.
391 668 448 716 Id
483 668 615 732 quod
648 668 948 731 significatur
971 667 1118 715 etiam
1152 666 1206 715 in
1228 682 1286 714 eo
1310 664 1443 729 quod
1464 679 1574 728 pre-

202 743 304 792 cari
339 759 429 791 nos
466 743 645 801 docuit,
683 744 842 790 Pater
878 749 1063 801 noster,
1100 741 1333 789 adveniat
1371 755 1576 804 regnum

135 814 138 818 ’
202 824 367 873 tuunu
402 827 452 866 et
487 825 615 866 tuum
651 826 726 866 est
762 834 982 883 regnum,
1020 817 1269 882 potentia,
1294 822 1344 864 et
1364 815 1574 880 gloria,-

202 901 253 943 et
274 910 335 943 ex
357 910 416 942 eo
440 894 571 957 quod
595 894 788 952 dicitur,
813 894 971 941 veniet
995 893 1044 940 in
1064 891 1239 956 gloria
1265 890 1440 939 Patris
1463 889 1542 936 sui
1557 908 1576 943 ,-

202 978 255 1018 et
276 985 337 1018 ex
359 986 417 1018 eo
441 969 572 1033 quod
596 970 714 1017 dicit
738 970 946 1017 Sanctus
978 967 1151 1015 Paulus
1185 967 1227 1026 (l
1248 966 1359 1014 Cor.
1374 981 1452 1012 xv.
1469 966 1576 1024 24),

202 1045 532 1107 deindefinis,
553 1062 657 1092 cum
674 1043 949 1092 tradiderit
967 1058 1172 1107 regnum
1190 1040 1299 1089 Deo
1318 1047 1368 1088 et
1388 1041 1538 1088 Patri
1557 1058 1574 1094 ;

203 1128 252 1169 et
275 1136 335 1169 ex
358 1121 464 1169 aliis
488 1121 606 1169 locis
625 1120 886 1168 nonnullis,
995 1141 1030 1187 ,ι

681 1329 894 1378 CAPUT
927 1328 1084 1376 XLII.

519 1429 580 1462 DE
606 1429 871 1461 rores-rue
896 1428 1266 1461 Ecctsssms’rmA.

205 1498 286 1547 UT
319 1497 619 1561 intelligatur
644 1504 877 1563 potestas
902 1496 1262 1554 ecclesiastica,
1286 1494 1404 1558 quid
1426 1494 1504 1553 sit,
1529 1502 1579 1542 et

202 1589 411 1638 quorum
459 1574 727 1632 hominum,
778 1581 1001 1637 tempora
1044 1573 1184 1620 nobis
1231 1569 1577 1634 distinguenda

201 1657 317 1700 sunt
334 1649 396 1697 ab
414 1649 695 1697 ascensione
719 1649 901 1697 Christi
924 1648 975 1695 in
998 1656 1160 1710 partes
1179 1647 1300 1695 duas
1318 1667 1331 1702 ;
1373 1646 1576 1694 alteram

198 1733 330 1784 ante,
353 1724 556 1773 alteram
579 1733 704 1788 post,
730 1741 875 1788 quam
893 1741 1033 1789 reges
1050 1724 1152 1780 ulli,
1167 1723 1244 1770 vel
1267 1730 1422 1770 coetus
1445 1738 1575 1769 sum-

196 1815 280 1848 ma
298 1806 538 1864 potestate
561 1800 771 1863 praediti,
796 1800 978 1848 Christi
994 1800 1141 1848 fidem
1164 1797 1374 1862 amplexi
1398 1805 1573 1845 essent.

197 1875 421 1940 Spatium
434 1875 564 1923 enim
579 1884 683 1923 erat
698 1875 960 1939 plusquam
978 1882 1304 1924 trecentorum
1318 1889 1572 1931 annorum,

196 1966 230 1999 a
250 1950 430 1999 Christi
451 1952 797 2014 assumptione,
822 1951 886 1998 ad
903 1967 1084 2014 regem,
1109 1950 1192 2013 qui
1208 1949 1394 2013 primus
1410 1948 1574 1996 Chris-

197 2025 382 2074 tianam
397 2025 545 2074 fidem
562 2026 828 2089 amplexus,
843 2034 893 2074 et
909 2026 1102 2090 publice
1118 2025 1283 2074 doceri
1300 2039 1468 2087 passus
1482 2032 1572 2071 est.

264 2100 339 2149 De
359 2101 511 2164 priori
535 2108 766 2165 tempore,
790 2102 841 2150 in
865 2102 1085 2150 confesso
1101 2110 1175 2149 est
1188 2107 1479 2163 potestatem
1493 2115 1573 2146 ec-

197 2174 492 2224 clesiaticam
537 2184 693 2224 totam
730 2177 878 2225 fuisse
917 2177 966 2225 in
1008 2176 1239 2240 apostolis
1261 2196 1274 2230 ;
1319 2182 1369 2221 et
1401 2174 1463 2221 ab
1497 2174 1572 2221 his

196 2250 447 2299 transiisse
483 2251 547 2298 ad
582 2267 665 2299 eos
702 2252 785 2315 qui
819 2253 880 2300 ab
915 2251 1146 2316 apostolis
1180 2250 1243 2298 ad
1265 2249 1486 2297 homines
1508 2248 1572 2296 ad

197 2324 380 2374 Christi
402 2324 548 2373 fidem
571 2326 923 2389 perducendos,
946 2327 1302 2390 perductosque
1322 2324 1372 2371 in
1396 2323 1474 2371 via
1496 2339 1572 2371 sa-

195 2400 312 2450 lutis
345 2399 625 2448 retinendos
654 2401 861 2450 ministri
892 2402 1143 2466 Evangelii
1178 2398 1432 2448 constituti
1471 2398 1573 2446 fue·

196 2484 324 2524 rant.
374 2474 563 2524 Quibus
580 2491 852 2525 successere
871 2477 953 2526 alii
975 2478 1036 2525 ab
1055 2478 1131 2525 his
1153 2476 1322 2523 itidem
1346 2473 1570 2531 instituti,

195 2567 286 2616 per
302 2566 532 2598 manuum
550 2550 907 2614 impositionem
923 2574 936 2608 ;
961 2568 1056 2615 quo
1075 2552 1175 2599 ritu
1198 2549 1470 2613 siguificare
1487 2564 1572 2596 vo-

196 2628 394 2676 luerunt
417 2625 626 2688 Spiritus
650 2626 817 2675 Sancti
841 2627 1022 2675 donum
1037 2627 1087 2674 in
1103 2626 1350 2674 ministros
1369 2622 1492 2681 illos,
1507 2622 1572 2671 ad

196 2717 402 2766 regnum
416 2699 614 2748 coeleste
630 2702 1029 2764 promovendum,
1049 2702 1279 2750 collatum
1297 2714 1417 2746 esse.
1453 2697 1568 2745 Ma-

196 2793 339 2827 nnum
362 2783 525 2824 autem
549 2775 793 2839 impositio
817 2777 886 2825 nil
921 2777 1055 2825 aliud
1089 2784 1210 2834 erat,
1234 2782 1415 2838 praeter
1438 2789 1570 2821 com-

196 2853 355 2902 missae
379 2850 473 2902 illis
495 2851 749 2913 potestatis
771 2852 1069 2916 praedicandi
1106 2850 1353 2900 Christum
1390 2848 1571 2897 doctri-

1615 382 1670 413 CA
1684 383 1724 414 P·
1747 381 1844 414 XL!-

1629 437 1816 458 *qr—a

1614 477 1658 505 De
1672 477 1840 505 Senatori-

1612 521 1707 548 nostri
1722 520 1807 548 bene-

1612 564 1684 592 dicti
1700 563 1807 592 officio.
