1910 3236
787 310 961 343 INDEX
992 309 1256 343 CAPITUM.

251 438 313 476 27.
342 435 402 472 De
422 435 665 478 Criminibus,
688 432 1016 475 Excusationibus,
1037 437 1074 468 et
1088 430 1447 475 ,Extenuationibus
1529 457 1536 466 .
1645 457 1656 467 .
1695 432 1774 469 ‘210

251 503 313 538 28.
344 500 404 537 De
425 498 552 537 Poenis
571 505 609 536 et
629 498 796 536 Praemiis
944 524 951 531 .
1298 523 1307 532 .
1414 522 1422 530 .
1532 522 1539 529 .
1647 520 1656 530 .
1696 495 1774 532 223

253 566 314 603 29.
344 563 434 601 De'
424 565 468 600 lis
487 563 618 600 Rebus
637 575 723 612 quae
744 560 947 597 Civitatem
968 558 1198 597 labefactant
1294 586 1300 593 .
1410 585 1419 594 .
1527 585 1535 593 .
1647 585 1654 592 .
1696 559 1775 595 230

254 631 315 666 30.
345 627 404 664 De
424 625 560 665 Officio
581 626 726 664 Summi
747 623 900 672 Imperii
1061 651 1069 659 .
1178 650 1185 657 .
1294 649 1302 658 .
1410 649 1418 656 .
1527 648 1536 657 .
1645 648 1654 656 .
1695 622 1775 659 240

254 694 315 728 31.
346 690 407 729 De
427 689 562 740 Regno
581 687 655 726 Dei
676 686 835 724 naturali
947 714 954 721 .
1062 713 1072 722 .
1180 715 1187 721 .
1296 712 1305 721 .
1415 713 1422 720 .
1532 710 1540 720 .
1646 711 1656 721 .
1696 686 1774 724 254

531 819 635 845 PARS
667 817 839 844 TERTIA.
895 818 949 842 DE
977 817 1185 843 CIVITATE
1214 815 1496 842 CHRISTIANA.

255 897 317 933 32.
346 893 408 931 De
427 892 597 930 Politieae
619 892 844 930 Christianae
866 890 1069 940 Principiis
1178 919 1185 926 .
1294 918 1303 927 .
1410 916 1419 926 .
1530 918 1538 926 .
1647 918 1656 927 .
1696 893 1773 931 265

255 961 315 997 33.
344 957 406 994 De
425 957 605 1000 Numero,
626 956 878 1005 Antiquitate‚
899 955 1039 1004 Scopo,
1052 955 1310 998 Authoritate,
1326 961 1364 991 et
1378 954 1657 1003 Interpretibus

460 1021 662 1058 Librorum
680 1019 883 1058 Sacrorum
940 1047 948 1055 .
1059 1047 1067 1055 .
1177 1046 1186 1055 .
1295 1046 1304 1054 .
1413 1045 1422 1054 .
1531 1046 1539 1054 .
1645 1046 1655 1055 .
1696 1020 1775 1060 270

251 1088 314 1123 34.
343 1084 405 1122 De
425 1084 708 1134 Significatione
728 1095 842 1133 quam
857 1083 1026 1120 habent'
1017 1095 1055 1119 ιη
1077 1082 1284 1132 Scripturis
1305 1082 1432 1121 Sacris
1453 1082 1654 1120 Vocabula

460 1147 634 1196 Spiritus,
656 1146 838 1196 Angelus,
859 1145 1062 1195 Inspiratio
1179 1174 1190 1183 .
1297 1175 1305 1183 .
1416 1175 1424 1183 .
1531 1174 1541 1184 .
1646 1174 1656 1184 .
1697 1148 1775 1185 280

254 1214 315 1250 35.
343 1211 404 1248 De
424 1211 736 1260 Significatione'
727 1223 765 1247 ιη
783 1209 990 1259 Scripturis
1011 1209 1138 1248 Sacris
1153 1210 1453 1253 Vocabulorum,
1475 1210 1656 1261 Regnum

460 1274 546 1319 Dei,
567 1273 762 1318 Sanctum,
779 1273 951 1316 Sacrum,
971 1279 1010 1311 et
1026 1273 1314 1312 Sacramentum
1411 1302 1419 1310 .
1529 1302 1538 1310 .
1648 1303 1655 1310 .
1698 1275 1770 1314 291

204 1335 210 1340 ’
253 1342 316 1379 36.
344 1339 405 1376 De
425 1339 553 1376 Verbo
569 1337 659 1382 Dei,
678 1344 714 1376 et
734 1338 934 1388 Prophetis
1061 1368 1068 1375 .
1179 1367 1187 1374 .
1299 1370 1303 1375 .
1416 1367 1423 1375 .
1531 1366 1540 1376 .
1648 1366 1658 1376 .
1698 1340 1776 1378 298

254 1405 315 1444 37.
344 1403 404 1440 De
426 1403 633 1446 Miraculis‚
653 1408 692 1440 et
711 1415 841 1440 eorum
863 1415 930 1439 usu
1065 1430 1074 1439 .
1182 1431 1191 1440 .
1299 1431 1306 1438 .
1416 1430 1426 1440 .
1532 1430 1542 1440 .
1650 1431 1657 1439 .
1699 1405 1776 1442 318

254 1470 316 1506 38.
345 1467 406 1505 De
426 1466 707 1516 Significatione
722 1479 836 1516 quam
857 1467 998 1504 habent
1016 1467 1054 1502 in
1076 1465 1281 1516 Scripturis
1309 1465 1436 1504 Sacris
1460 1465 1658 1504 Vocabula

461 1530 549 1567 Vita
567 1530 738 1574 AEterna‚
758 1529 968 1572 Infernum,
995 1528 1179 1572 Salvatio,
1199 1528 1371 1566 Mundus
1391 1528 1600 1572 Venturus‚
1619 1534 1659 1567 et
1728 1568 1731 1571 ,

463 1594 689 1644 Redemptio
829 1621 838 1630 .
946 1621 954 1629 .
1064 1621 1070 1629 .
1181 1619 1188 1627 .
1299 1620 1307 1628 .
1415 1619 1425 1627 .
1535 1620 1543 1628 .
1649 1619 1659 1629 .
1699 1594 1778 1632 320

256 1661 318 1698 39.
347 1658 408 1695 De
428 1659 713 1708 Significatione
726 1671 840 1708 quam
857 1658 971 1695 habet
986 1658 1023 1694 in
1053 1658 1260 1706 Scripturis
1276 1656 1400 1694 Sacris
1415 1656 1656 1694 Vocabulum

462 1721 633 1760 Ecclesia
707 1751 715 1759 .
823 1750 832 1759 .
943 1750 951 1758 .
1061 1750 1069 1757 .
1179 1750 1187 1758 .
1295 1749 1305 1758 .
1412 1748 1421 1757 .
1529 1748 1539 1757 .
1649 1748 1657 1758 .
1699 1723 1775 1760 335

255 1789 317 1824 40.
346 1785 407 1823 De
425 1785 518 1823 Jure
538 1785 661 1836 Regni
680 1784 755 1823 Dei
774 1786 812 1822 in
835 1786 1069 1829 Abrahamo,
1098 1785 1222 1829 Mose,
1249 1785 1415 1824 Summis
1445 1784 1659 1823 Sacerdoti-

462 1850 543 1894 bus,
563 1856 601 1886 et
621 1849 790 1900 Regibus
808 1848 829 1886 J
837 1850 956 1886 udaeae
1064 1876 1073 1885 .
1180 1876 1189 1885 .
1297 1876 1306 1884 .
1413 1875 1422 1884 .
1533 1875 1540 1883 .
1650 1875 1657 1884 .
1700 1850 1776 1886 338

255 1916 317 1951 41.
347 1913 408 1950 De
428 1912 639 1950 servatoris
658 1913 775 1950 nostri
794 1913 985 1950 benedicti
1005 1911 1145 1950 Officio
1298 1940 1305 1947 .
1416 1940 1424 1948 .
1531 1938 1541 1948 .
1650 1939 1658 1948 .
1700 1914 1778 1951 349

256 1978 318 2014 42.
347 1975 409 2013 De
429 1975 621 2014 Potestate
641 1975 908 2014 Ecclesiastica
1057 2003 1065 2012 .
1175 2003 1184 2011 .
1295 2003 1303 2011 .
1413 2002 1422 2012 .
1527 2002 1537 2012 .
1647 2002 1656 2012 .
1698 1975 1775 2016 357

256 2043 320 2079 48.
349 2040 410 2077 De
429 2041 473 2077 iis
491 2053 577 2090 quae
595 2040 643 2077 ad
663 2039 936 2090 Receptionem
955 2040 993 2076 in
1009 2038 1190 2089 Regnum
1205 2037 1402 2075 Coelorum
1420 2045 1509 2076 sunt
1527 2051 1658 2077 ueces-

463 2105 561 2141 saria
717 2131 724 2139 .
832 2131 842 2141 .
948 2131 957 2141 .
1063 2131 1072 2140 .
1183 2131 1191 2139 .
1301 2130 1310 2138 .
1417 2130 1425 2138 .
1534 2131 1543 2140 .
1650 2131 1659 2140 .
1699 2107 1778 2143 434-

543 2233 648 2258 PARS
678 2233 868 2264 QUARTA.
923 2233 978 2258 DE
1008 2233 1147 2258 REGNO
1178 2231 1485 2258 TENEBRARUM.

259 2311 320 2345 44.
346 2305 409 2344 De
427 2307 611 2344 Tenebris
639 2307 904 2357 spiritualibus
922 2320 944 2345 a
963 2320 1038 2345 non
1064 2313 1168 2345 recta
1188 2307 1506 2356 Interpretatione
1527 2306 1656 2356 Scrip-

466 2377 634 2408 turarum
713 2399 721 2407 .
831 2400 838 2407 .
1063 2399 1071 2407 .
1297 2398 1307 2408 .
1531 2397 1540 2407 .
1648 2398 1656 2407 .
1698 2373 1777 2411 449

259 2437 322 2473 45.
351 2433 411 2471 De
431 2433 732 2484 Doemonologia,
745 2434 902 2484 aliisque
922 2434 1108 2485 Reliquiis
1130 2435 1374 2485 Religionum
1395 2433 1644 2472 Ethnicarum
1698 2435 1777 2475 475

258 2500 321 2537 46.
349 2497 410 2535 De
428 2498 611 2536 Tenebris
629 2511 652 2535 a.
671 2510 766 2536 vana
785 2497 1041 2548 Philosophia,
1059 2505 1098 2536 et
1116 2498 1402 2536 Traditionibus
1422 2498 1603 2536 fabulosis
1644 2525 1654 2535 .
1694 2500 1773 2538 489

260 2563 322 2601 47.
351 2560 413 2600 De
430 2561 557 2600 Lucro
576 2562 623 2599 ab
638 2561 850 2611 hujusmodi
870 2562 1067 2606 Tenebris,
1081 2562 1173 2613 quid
1188 2563 1236 2600 sit
1254 2568 1292 2600 et
1306 2562 1446 2613 quibus
1460 2568 1652 2600 accrescat
1699 2557 1776 2601 503

586 2687 811 2713 APPENDIX·
863 2687 1100 2713 CONTINENS
1129 2688 1235 2714 'rmA
1263 2686 1437 2714 CAPITA.

264 2758 445 2801 Primum,
465 2758 525 2796 De
545 2760 725 2810 Symbolo
746 2760 892 2798 Niceno
948 2789 956 2798 .
1064 2789 1073 2798 .
1180 2789 1190 2798 .
1295 2787 1305 2798 .
1413 2788 1422 2797 .
1530 2787 1539 2795 .
1649 2786 1657 2796 .
1697 2760 1772 2798 511

264 2822 494 2864 Secundum,
514 2823 573 2860 De
595 2823 744 2861 Haeresi
827 2852 835 2860 .
941 2852 951 2862 .
1530 2851 1538 2860 .
1649 2851 1657 2859 .
1698 2824 1778 2863 539

260 2884 444 2931 Tertium,
465 2886 524 2924 De
543 2887 769 2936 quibusdam
790 2887 1081 2938 objectionibus
1100 2895 1233 2927 contra
1253 2850 1464 2928 Leviatiian
1539 2915 1550 2924 .
1698 2888 1778 2927 559
