1968 3236
517 215 587 248 na
616 215 874 247 cnvtrA'ra
902 213 1258 246 cnals‘rleA.
1485 202 1580 251 307

189 328 460 377 Philistaeos
480 328 529 374 iu
548 327 731 374 Ceilah.
760 327 884 373 Item
909 334 1054 385 (vers.
1071 329 1124 385 9)
1147 324 1403 388 imperavit
1421 323 1580 371 David
1598 344 1865 378 maxx-xm,

186 403 428 453 sacerdoti
451 411 506 450 ut
530 401 774 465 ephodum
798 409 1082 464 apportaret
1105 401 1212 464 ipsi,
1237 408 1291 448 ut
1315 400 1579 447 Dominum
1619 400 1833 465 Dm

187 478 477 529 consuleret.
550 478 791 525 Praeterea
816 493 899 524 rex
927 477 1160 524 Solomon
1188 478 1232 536 (1
1260 476 1381 538 Reg.
1401 475 1450 522 ii.
1472 476 1578 532 27),
1616 480 1820 518 ε*Ρτοῐ»1·εᾱι

187 554 516 605 sacerdotium
560 553 829 601 Abiatharo
872 552 1114 610 auferens,
1157 550 1294 599 dedit
1334 550 1578 598 Zadocho.

189 632 355 680 Moses
396 646 530 692 ergo,
573 629 749 676 summi
786 628 1081 684 sacerdotes,
1117 635 1167 675 et
1201 643 1342 689 reges
1377 626 1461 689 pii,
1497 626 1581 689 qui

189 707 347 756 Deum
363 721 555 769 semper
570 706 619 752 in
641 706 785 752 rebus
801 704 1075 751 difficilibus
1091 703 1456 761 consuluerunt,
1472 717 1584 765 pro-

0 800 11 834 ?
187 782 350 847 phetae
368 790 506 830 erant
526 781 755 844 supremi.
806 779 953 829 Quod
977 779 1229 842 prophetis
1247 777 1583 826 extraordina-

188 858 275 908 riis
319 859 552 922 loquutus
598 857 677 913 sit,
719 856 905 903 dietum
953 865 1028 902 est
1073 870 1236 918 supra.
1321 852 1584 903 Quomodo

191 941 357 983 autem
392 933 625 996 loquutus
660 940 734 979 est
769 931 832 979 ad
866 931 1133 994 prophetas
1179 931 1268 977 hos
1315 929 1585 978 vocationis

192 1018 444 1074 perpetuae
470 1009 486 1055 Ξ
575 1008 624 1055 Si
658 1008 875 1055 dieamus
906 1007 1063 1054 Deum
1095 1007 1354 1070 loquutum
1382 1021 1485 1052 esse
1509 1004 1586 1052 vel

190 1085 474 1150 apparuisse
499 1084 584 1141 eiS,
609 1093 756 1147 prout
780 1084 830 1131 in
854 1099 942 1131 sua
970 1091 1146 1141 natura
1177 1082 1357 1139 existit,
1389 1080 1589 1144 negabi-

192 1178 300 1210 mus
324 1162 482 1210 Deum
507 1161 768 1217 infinitum,
794 1139 1101 1215 invisibiflssm,
1121 1154 1587 1220 incomprehensibi-

191 1238 288 1286 lem
306 1253 428 1285 esse.
466 1236 516 1284 Si
536 1235 755 1283 dicamus
773 1236 1029 1298 loquutum
1054 1250 1159 1281 esse
1183 1249 1271 1296 per
1294 1232 1587 1280 infusionem

194 1313 423 1377 Spiritus
449 1312 642 1369 Sancti,
667 1319 908 1374 quatenus
934 1309 1144 1372 Spiritus
1170 1309 1380 1356 Sanctus
1405 1306 1589 1370 signifi-

194 1396 277 1437 eat
299 1387 607 1435 divinitatem
631 1387 802 1449 ipsam,
828 1385 1128 1448 aequabimus
1154 1384 1346 1431 Mosem
1372 1383 1588 1439 Christo,

194 1464 246 1512 in
279 1479 377 1527 quo
408 1462 512 1510 solo
548 1461 776 1508 divinitas
806 1460 1013 1518 (Coloss.
1041 1460 1090 1507 ii.
1115 1464 1166 1520 9)
1187 1459 1380 1506 habitat
1412 1474 1591 1522 corpo-

194 1538 395 1587 raliter.
437 1537 708 1595 Postremo,
729 1536 769 1583 si
787 1535 1008 1583 dicamus
1026 1535 1284 1597 loquutum
1308 1535 1464 1582 Deum
1487 1549 1590 1581 esse

193 1631 284 1680 per
307 1613 554 1678 Spiritum
582 1612 833 1670 Sanctum,
867 1621 1107 1674 quatenus
1145 1611 1356 1674 Spiritus
1381 1610 1590 1657 Sanctus

195 1690 438 1754 siguificat
460 1688 645 1752 gratias
670 1686 874 1745 divinas,
900 1686 1021 1734 nihil
1044 1686 1140 1734 illis
1164 1685 1476 1733 attribuimus
1511 1701 1592 1731 su-

195 1764 521 1830 pernaturale.
574 1763 813 1811 Homines
831 1763 959 1810 enim
980 1762 1043 1809 ad
1060 1762 1311 1825 pietatem,
1332 1760 1591 1824 justitiam,

197 1839 595 1898 misericordiam,
620 1839 893 1897 veritatem,
917 1837 1082 1895 fidem,
1104 1847 1155 1885 et
1177 1837 1415 1884 virtutum
1438 1851 1592 1898 genus

198 1932 361 1975 omne,
379 1924 486 1964 tum
510 1914 694 1962 morale
717 1922 823 1961 tum
847 1913 1193 1970 intellectuale,
1219 1911 1436 1975 disponit
1461 1911 1592 1958 Deus

198 2008 288 2057 per
321 1991 612 2049 doctrinam,
637 1990 928 2053 exemplum,
961 1989 1177 2052 aliasque
1211 1988 1313 2035 vias
1347 1986 1593 2035 naturales

201 2075 254 2116 et
291 2066 614 2131 quotidianas.
691 2065 954 2115 Quomodo
996 2080 1114 2128 ergo
1157 2064 1289 2112 Deus
1330 2063 1594 2126 prophetas

200 2153 451 2206 perpetuae
467 2141 737 2190 vocationis
761 2141 1041 2204 alloquutus
1065 2147 1155 2199 est,
1181 2138 1376 2202 quando
1401 2138 1463 2185 ab
1499 2136 1594 2184 illis

204 2217 563 2275 consulebatur,
583 2217 821 2281 scriptum
838 2233 938 2265 non
957 2215 1169 2273 invenio,
1194 2214 1286 2262 nisi
1311 2212 1444 2277 quod
1467 2228 1596 2259 sum-

0 2282 14 2350 f·-
203 2292 296 2341 mis
322 2291 655 2340 sacerdotibus
688 2292 739 2340 in
768 2292 954 2340 Sancto
983 2290 1278 2338 Sanctorum
1311 2303 1398 2351 per
1425 2302 1596 2334 vocem

0 2357 10 2366 r
206 2384 269 2416 ex
289 2367 419 2415 inter
453 2366 758 2415 Cherubinos
791 2367 1024 2430 loquutus
1053 2374 1156 2420 est;
1193 2364 1280 2413 sed
1303 2380 1398 2411 vox
1422 2363 1519 2420 illa,
1541 2370 1599 2410 ut

206 2450 259 2491 et
291 2449 471 2490 caetera
503 2442 667 2490 omnia
699 2442 877 2490 divinae
909 2442 1183 2506 praesentiae
1218 2442 1373 2502 signa,
1398 2438 1599 2501 angelus

209 2517 308 2566 dici
330 2524 509 2581 potest,
532 2518 943 2581 quemadmodum
968 2517 1157 2566 somnia
1181 2526 1231 2563 et
1255 2523 1435 2563 caetera
1458 2513 1600 2576 signa

209 2592 613 2658 supernaturalia.

278 2667 532 2731 Prophetis
554 2675 719 2716 autem
742 2668 1013 2717 vocationis
1036 2675 1303 2731 perpetuae,
1324 2664 1410 2712 sed
1427 2663 1600 2711 subor-

212 2744 408 2802 dinatis,
432 2742 690 2806 loquutum
730 2759 834 2792 esse
874 2744 1032 2792 Deum
1074 2739 1527 2806 supernaturaliter,
1551 2739 1603 2787 in

214 2818 479 2883 Scripturis
496 2834 734 2882 nusquam
752 2827 962 2878 constat,
978 2818 1063 2867 sed
1082 2817 1371 2867 naturaliter
1392 2825 1602 2874 tantum,

1366 2906 1404 2939 x
1429 2908 1450 2938 2
