1968 3236
460 262 530 295 ΒΕ
558 262 813 296 civer‘rE
841 264 1198 298 cums‘riANA.
1423 254 1520 297 405

139 371 389 436 speciebus
427 374 724 437 simplicibus
764 375 1040 433 antedictis,
1074 390 1298 438 quaenam
1329 374 1394 421 sit
1434 390 1520 437 op·
1551 395 1652 426 cAP.
1676 396 1786 427 xm.

137 447 272 505 tima,
296 448 346 495 in
365 464 424 496 eo
448 448 571 506 loco,
597 450 647 496 in
672 466 768 513 quo
799 466 967 497 earum
998 466 1094 498 una
1133 450 1401 498 constituta
1418 450 1520 512 jam

1575 450 1765 470 b—v—-ae

1571 486 1616 515 De
1631 492 1773 524 potestate

136 522 214 581 sit,
249 522 499 586 disputare
537 524 671 572 nefas
710 533 811 579 est;
847 534 1108 588 propterea
1142 524 1275 588 quod
1305 541 1378 583 ea,
1411 541 1521 588 quae
1569 529 1771 559 “clvfflwssm

137 599 402 647 constituta
432 608 534 658 ests
553 601 744 648 caeteris
778 601 1003 648 omnibus
1035 600 1284 659 anteferri,
1310 599 1521 657 defendi,

135 681 186 722 et
209 674 394 737 optima
416 677 649 739 appellari
675 677 849 731 debet;
887 676 1000 739 quia
1018 677 1058 724 is
1076 676 1210 735 civis,
1231 675 1315 739 qui
1338 675 1523 739 aliquid

134 748 318 798 faceret
349 751 479 814 quod
517 752 579 799 ad
615 753 973 800 subversionem
1008 754 1111 815 ejus
1147 752 1390 810 tenderet,
1414 760 1522 800 tum

135 824 267 888 leges
301 835 505 885 naturae,
538 836 643 875 tum
675 828 807 891 leges
839 828 1026 876 divinas
1050 827 1283 891 positivas
1300 827 1519 875 violaret.

137 899 394 957 Praeterea,
418 902 480 950 ad
516 911 809 966 potestatem
851 903 1075 966 pastoris,
1116 903 1374 966 imperium
1420 918 1520 950 non

134 975 374 1036 habentiS,
399 994 507 1040 quae
542 978 700 1026 forma
732 979 940 1026 civitatis
965 979 1151 1042 optima
1174 979 1250 1037 sit,
1276 994 1374 1026 non
1409 994 1520 1042 per-

135 1051 261 1099 tinet
283 1051 529 1115 inquirere
550 1074 561 1107 ;
588 1069 697 1100 cum
718 1063 953 1101 vocentur
976 1062 1212 1117 pastores,
1232 1070 1331 1101 non
1355 1060 1410 1102 ut
1432 1054 1522 1102 ho-

134 1125 290 1174 mines
304 1136 530 1190 regerent
545 1128 764 1192 imperio,
785 1129 871 1176 sed
889 1129 1114 1182 doctrina
1131 1138 1181 1177 et
1201 1130 1519 1192 argumentis.

137 1202 426 1251 Monarchia
443 1204 588 1261 enim,
613 1205 933 1263 aristocratia,
954 1214 1003 1253 et
1026 1205 1342 1263 democratia,
1367 1205 1520 1268 impe-

135 1278 363 1337 rantium,
388 1295 487 1326 non
524 1288 774 1342 pastorum
812 1281 996 1343 species
1020 1281 1284 1335 denotant;
1318 1280 1396 1328 vel
1420 1289 1521 1329 tres

137 1352 375 1413 dominos,
399 1371 498 1402 non
521 1363 621 1403 tres
645 1356 1025 1419 ludimagistros.

204 1428 429 1477 Secunda
451 1446 568 1493 ergo
593 1432 856 1489 conclusio,
893 1432 953 1479 de
989 1433 1175 1495 optima
1210 1433 1370 1495 specie
1393 1433 1523 1495 regi-

135 1503 280 1552 minis
304 1505 536 1563 ecclesiae,
562 1506 626 1553 ad
658 1507 973 1569 quaestionem
1001 1507 1061 1555 de
1090 1515 1331 1570 potestate
1362 1508 1521 1571 ponti-

134 1579 240 1628 ficis
278 1579 485 1628 Romani
521 1590 660 1629 extra
694 1582 964 1629 dominium
1003 1584 1105 1645 ejus
1143 1583 1427 1645 temporale,
1452 1583 1521 1630 ni-

133 1654 204 1703 hil
241 1655 439 1703 omnino
481 1657 674 1704 attinet.
747 1657 803 1704 In
841 1656 1067 1705 dominiis
1102 1657 1232 1704 enim
1268 1657 1521 1705 civitatum

134 1729 355 1790 aliarum,
379 1747 513 1779 mere
536 1732 841 1795 pastoritium
866 1742 956 1780 est.

202 1805 279 1853 Ad
331 1807 529 1855 tertiam
577 1808 941 1856 conclusionem
988 1808 1309 1871 probandam,
1347 1825 1523 1873 nempe

138 1881 370 1930 Sanctum
403 1883 601 1931 Petrum
636 1884 853 1932 ecclesiae
884 1884 1032 1932 fuisse
1072 1885 1403 1943 monarcham,
1436 1884 1522 1932 ad-

138 1956 273 2005 ducit
296 1957 532 2021 imprimis
567 1959 727 2006 locum
765 1960 814 2007 S.
841 1959 1019 2007 Matth.
1043 1959 1158 2019 (xvi.
1191 1966 1265 2018 18,
1293 1961 1372 2022 19)
1395 1978 1405 2006 :
1451 1959 1524 2006 Tu

139 2047 194 2079 ee
219 2032 416 2091 Petrus,
440 2040 490 2081 et
513 2050 666 2098 super
701 2035 828 2082 hane
842 2041 1050 2100 petram
1074 2035 1333 2097 oeclfficabo
1371 2051 1526 2082 meam

139 2105 436 2155 ecclesiam:
470 2115 520 2156 et
546 2116 718 2173 portoe
760 2110 1038 2174 ivgferorum
1079 2126 1172 2158 non
1219 2110 1526 2174 superabunt

139 2197 281 2229 eam:
315 2187 365 2229 et
389 2182 482 2230 tibi
506 2183 635 2231 dabo
659 2184 824 2232 claves
844 2186 996 2250 regni
1011 2185 1244 2233 coelorum
1263 2204 1280 2233 .·
1316 2192 1365 2232 et
1388 2185 1524 2249 quic-

140 2254 267 2319 quid
297 2254 543 2320 ligaveris
568 2257 617 2305 in
642 2265 800 2317 terra,
826 2260 926 2307 erit
950 2260 1163 2326 ligatum
1187 2261 1236 2308 iu
1260 2259 1401 2308 eoelis
1421 2278 1438 2307 .·
1474 2265 1525 2306 et

141 2330 384 2395 quicquid
403 2331 614 2380 solveris
645 2333 696 2380 in
720 2340 878 2393 terra,
912 2336 1012 2383 erit
1034 2335 1244 2383 solutum
1280 2335 1330 2382 in
1366 2334 1523 2382 eoelis.

143 2405 241 2459 Qui
258 2405 394 2453 locus
417 2414 549 2454 recte
572 2407 863 2468 intellectus,
890 2410 1011 2458 nihil
1046 2410 1178 2458 aliud
1213 2410 1405 2473 probat,
1430 2409 1524 2456 nisi

141 2479 396 2528 ecclesiam
438 2481 616 2529 Christi
652 2499 742 2546 pro
776 2483 1096 2532 fundamento
1122 2485 1319 2532 unicum
1344 2484 1524 2531 habere

141 2555 402 2603 articulum
425 2555 554 2614 fidei,
580 2573 722 2620 quem
743 2558 951 2608 Sanctus
977 2561 1147 2608 Petrus
1171 2560 1367 2607 nomine
1386 2574 1525 2621 apos-

142 2630 353 2678 tolorum
378 2630 458 2678 hic
472 2632 715 2694 professus
731 2642 820 2693 est,
840 2651 1015 2699 nempe
1033 2635 1203 2682 Jesum
1221 2650 1331 2682 esse
1351 2633 1523 2681 Chris-

144 2712 275 2759 tum;
311 2721 420 2768 quae
457 2706 692 2769 professio
734 2709 982 2758 Servatori
1006 2720 1174 2758 nostro
1198 2726 1256 2757 ea
1279 2710 1426 2756 verba
1451 2709 1526 2757 di-

145 2781 287 2829 cendi
311 2782 616 2830 occasionem
634 2784 857 2846 praebuit.
928 2786 1076 2835 Quod
1100 2794 1156 2833 ut
1186 2785 1362 2833 clarius
1386 2784 1526 2832 intel-

150 2856 348 2920 ligatur,
368 2857 617 2906 sciendum
633 2867 723 2918 est,
739 2860 1042 2910 Servatorem
1059 2869 1279 2910 nostrum
1296 2875 1383 2924 per
1401 2860 1527 2924 seip-
