1968 3236
517 259 802 293 APPEme
829 260 903 293 AD
932 259 1270 293 LEVIATHAN.
1488 251 1581 292 535

262 370 328 418 A.
366 370 467 418 Cur
491 386 608 434 ergo
628 371 795 419 Patres
822 378 1024 428 veteres,
1049 379 1099 418 et
1124 371 1264 419 multi
1296 369 1377 418 alii
1412 369 1582 418 docto-

195 461 274 494 res
296 446 609 504 recentiores,
636 447 835 494 vocibus
861 447 953 494 illis
979 447 1052 494 usi
1071 447 1218 494 sunt?

260 519 325 568 B.
363 521 492 569 Quia
515 522 662 568 verba
691 522 956 585 Scripturae
981 522 1158 580 Sacrae,
1196 535 1371 584 nempe
1402 520 1581 568 Matth.

196 595 360 644 xxviii.
393 602 479 644 19:
517 596 709 644 Euntes
741 596 998 660 baptizate
1035 613 1197 644 onmes
1216 603 1397 661 gentes
1425 596 1475 643 in
1499 612 1579 643 no-

194 670 322 718 mine
346 671 540 730 Patris,
566 671 705 729 Filii,
731 679 781 719 et
817 673 1043 736 Spiritus
1079 672 1268 730 Sanc-tl,
1292 673 1411 721 item
1435 671 1584 720 verba

194 745 246 795 S.
268 746 506 795 Johannis
535 749 579 807 (l
607 748 758 811 Epist.
783 764 828 794 V.
855 751 905 806 7)
927 766 938 794 t
973 747 1096 795 Tres
1119 755 1233 795 sunt
1256 748 1342 811 qui
1366 747 1582 795 testimo-

193 821 323 870 uium
335 822 608 887 perhibent
633 823 682 870 in
707 823 865 880 coelis,
892 824 1065 881 Pater,
1085 822 1261 881 Filius,
1287 829 1337 870 et
1360 822 1584 887 Spiritus

195 897 424 956 Sanctus,
449 907 499 945 et
521 898 629 946 loca
654 899 828 946 similia
859 898 920 946 de
945 898 1198 946 divinitate
1223 898 1419 956 Christi,
1443 898 1583 946 aliter

194 972 436 1036 explicare
459 989 559 1020 nou
582 981 860 1037 potuerunt.

262 1048 324 1096 A.
361 1049 429 1096 At
452 1065 540 1097 cur
563 1049 761 1096 omnino
777 1065 975 1096 necesse
993 1057 1096 1096 erat
1115 1065 1173 1096 ea
1193 1048 1453 1112 explicare,
1473 1064 1583 1111 quae

195 1123 457 1171 sciebant
444 1124 538 1186 ipsi
578 1108 1108 1187 incomprehensibilia,
1133 1123 1184 1171 id
1208 1132 1297 1182 est,
1322 1123 1584 1187 inexplica-

195 1198 314 1246 bilia
330 1198 469 1246 esse?

262 1274 328 1322 B.
365 1275 662 1322 Profitentur
686 1274 882 1337 quidem
906 1275 1073 1322 Patres
1097 1274 1330 1332 ecclesiae,
1345 1283 1450 1322 tum
1468 1283 1582 1322 aute

196 1358 303 1398 tum
341 1358 453 1413 post
477 1350 749 1398 Concilium
779 1350 1038 1407 Nicenum,
1063 1349 1451 1397 incarnationem
1476 1348 1584 1396 Filii

196 1425 288 1473 Dei
311 1425 849 1488 incomprehensibilem
876 1441 1011 1479 esse;
1048 1425 1134 1472 sed
1169 1434 1404 1473 excusant
1439 1440 1491 1472 se
1525 1440 1583 1472 eo

196 1500 330 1564 quod
348 1499 409 1548 de
433 1500 516 1548 illa
539 1500 788 1563 disputare
811 1501 874 1548 ab
899 1500 1143 1548 haereticis
1161 1501 1582 1563 compellerentur.

198 1575 280 1624 Sic
305 1575 609 1639 Epiphanius
644 1576 726 1623 De
754 1575 1023 1634 Trinitate‚
1059 1575 1198 1623 initio
1222 1576 1335 1623 libri·
1357 1575 1551 1639 septimi
1572 1593 1583 1622 :

197 1654 230 1676 “
250 1651 530 1699 Sufficiebat
554 1650 750 1714 quidem
771 1650 1083 1698 credentibus
1107 1650 1200 1698 Dei
1224 1667 1400 1709 sermo,
1419 1650 1583 1698 dicen-

200 1725 280 1784 tis,
304 1725 498 1773 Euntes
523 1742 648 1773 nunc
672 1726 844 1773 docete
866 1742 1029 1773 omnes
1049 1732 1246 1791 gentes,
1272 1725 1587 1791 baptizantes

201 1816 285 1849 eon
307 1802 360 1848 in
383 1802 574 1849 nomine
601 1801 778 1849 Patris
802 1808 852 1849 et
882 1800 1007 1849 Filii
1041 1808 1092 1850 et
1124 1802 1353 1866 Spiritus
1394 1801 1586 1859 Sancti,

199 1882 295 1924 etc.
345 1875 443 1924 Sed
465 1876 802 1939 compellimur
816 1876 1158 1924 haereticorum
1176 1884 1226 1924 et
1247 1877 1586 1941 blaspheman-

201 1950 325 1999 tium
339 1951 472 2000 vitiis
488 1952 713 2000 illicitum
730 1968 892 2015 agere,
917 1960 967 1999 et
989 1952 1254 2000 ineffabilia
1271 1952 1447 2015 eloqui,
1463 1960 1513 1999 et
1536 1952 1587 1999 in

200 2025 375 2074 vitium
409 2025 624 2074 incidere
654 2027 775 2075 vitio
813 2028 1113 2075 contrarium
1151 2027 1357 2075 alieno.''
1426 2027 1587 2074 Etiam

203 2099 527 2149 Bellarminus
549 2101 675 2149 libro
689 2102 864 2165 primo,
879 2101 962 2149 De
981 2102 1023 2149 C
1023 2102 1185 2150 bristo
1203 2121 1220 2150 .·
1245 2102 1453 2150 “Nostri
1471 2102 1587 2150 doc-

201 2182 333 2223 tores
350 2191 451 2224 non
469 2175 721 2239 disputant
737 2178 1070 2241 philosophice
1085 2186 1140 2225 ut
1158 2178 1587 2226 ostendantTrini-

202 2258 373 2309 tatem,
390 2250 478 2299 sed
504 2259 558 2299 ut
593 2252 784 2300 solvant
819 2254 1116 2317 sophismata
1140 2251 1585 2315 philosophorum.'’

201 2325 266 2373 Et
284 2325 455 2374 Petrus
471 2326 787 2386 Lombardus‚
805 2328 909 2376 Lib.
923 2344 958 2376 1.
971 2328 1211 2376 Distinet.
1229 2334 1310 2375 23.
1325 2328 1388 2375 Ι).
1410 2342 1469 2375 ex
1489 2328 1587 2374 Au-

201 2400 400 2464 gustino
425 2401 640 2449 Lib.vn.
658 2401 738 2449 De
766 2402 1038 2451 Trinitate:
1065 2403 1261 2451 “Aliter
1284 2403 1414 2450 enim
1429 2402 1586 2451 Graeci

203 2475 451 2539 accipiunt
474 2476 811 2536 substantiam,
827 2491 974 2540 quam
995 2478 1171 2526 Latini.
1222 2478 1266 2525 A
1290 2477 1476 2526 Latinis
1499 2493 1585 2525 au-

203 2558 305 2599 tem
341 2550 526 2599 dictum
550 2558 639 2610 est,
664 2568 762 2599 una
786 2554 1005 2601 essentia
1035 2552 1112 2600 vel
1143 2551 1443 2611 substantia,
1481 2558 1586 2600 tres

195 2642 462 2691 personae:
486 2626 602 2689 quia
623 2642 722 2674 non
744 2626 887 2676 aliter
909 2628 959 2676 in
984 2643 1206 2676 sermone
1229 2635 1414 2686 nostro,
1437 2626 1489 2674 id
1513 2634 1588 2675 est

204 2700 396 2758 Latino,
412 2700 623 2748 essentia
641 2717 787 2764 quam
811 2703 1083 2751 substantia
1106 2702 1230 2750 solet
1253 2702 1475 2765 intelligi.
1525 2703 1588 2751 Et

204 2784 261 2824 ut
284 2775 588 2839 intelligatur
610 2776 781 2824 saltem
802 2777 851 2825 in
875 2778 1151 2842 aenigmate,
1176 2777 1358 2840 placuit
1379 2778 1447 2825 ita
1473 2777 1586 2836 dici,

205 2860 261 2899 ut
283 2867 395 2899 cum
419 2860 721 2914 quaereretur
743 2851 862 2915 quid
897 2854 1000 2900 tria
1036 2853 1149 2908 sint,
1186 2851 1369 2915 aliquid
1403 2851 1587 2900 dicere-

1655 393 1755 425 cm
1777 394 1807 427 Ι.

1641 487 1685 515 De
1700 488 1832 524 ayombol

1640 530 1695 559 Nic
1700 541 1760 559 mo.
