1910 3236
125 389 227 421 CAP.
244 388 309 421 XI.

148 443 318 465 -7——2

111 484 157 512 De
170 484 306 512 varietate

110 536 232 555 morum.

374 245 434 287 84
896 251 964 283 DE
994 249 1237 282 HOMINE.

373 365 533 412 ideam
566 370 754 410 naturae
789 360 963 407 divinae
996 360 1158 406 animo
1185 358 1439 422 concipere
1463 374 1561 405 non
1585 357 1753 421 possit.

377 441 515 489 Sicut
540 438 668 486 enim
688 438 848 493 homo,
869 435 951 497 qui
975 451 1136 482 coecus
1161 442 1304 482 natus
1324 443 1413 492 est,
1435 435 1524 481 etsi
1548 432 1757 482 audierit

377 515 593 563 dicentes
618 513 734 560 alios
759 528 808 558 se
839 511 902 558 ad
925 511 1089 573 ignem
1114 510 1339 567 calefieri,
1367 510 1670 573 ducaturque
1693 508 1758 556 ad

377 590 583 638 eundem
607 588 770 650 ignem
793 593 849 633 ut
873 592 921 633 et
945 586 1047 648 ipse
1073 586 1294 640 calefiat3
1319 586 1462 633 facile
1493 592 1758 649 cognoscet

377 682 478 713 esse
518 663 701 726 aliquid
739 679 795 709 eo
831 662 956 720 loco,
988 679 1017 709 a
1045 679 1141 725 quo
1178 662 1280 724 ipse
1316 662 1490 719 calefit,
1516 676 1758 725 quemque

375 740 595 788 homines
628 739 790 801 ignem
815 746 994 786 vocant
1013 759 1023 791 ;
1061 738 1139 785 cui
1174 746 1339 785 autem
1381 738 1451 786 rei
1493 738 1660 785 similis
1696 737 1758 784 sit

377 814 645 878 imaginari,
665 821 751 861 aut
770 813 930 861 ideam
949 813 1092 877 igniS,
1110 814 1302 876 qualem
1321 814 1540 862 videntes
1559 814 1756 869 habent,

375 893 554 939 habere
591 906 690 937 non
738 897 931 952 potest:
984 890 1054 937 ita
1086 890 1247 948 homo,
1284 906 1312 936 a
1346 889 1757 952 contemplatione

376 967 557 1014 ordinis
573 981 738 1013 rerum
752 965 1032 1023 visibilium,
1050 965 1314 1012 earundem
1335 981 1530 1013 causam
1547 965 1758 1028 aliquam

376 1058 496 1100 esse,
523 1058 668 1104 quem
687 1042 847 1089 Deum
870 1042 1134 1105 appellant,
1154 1048 1314 1088 certus
1337 1048 1411 1089 est
1432 1063 1444 1096 ς
1479 1057 1570 1089 nec
1594 1049 1760 1089 tamen

376 1117 637 1180 imaginem
670 1123 755 1163 aut
788 1116 1080 1179 phantasma
1112 1117 1215 1179 ejus
1239 1115 1352 1164 inde
1378 1116 1576 1179 aliquod
1598 1116 1760 1164 animo

378 1192 634 1254 concipere
658 1198 835 1254 potest,

444 1268 620 1325 Etiam,
641 1267 723 1330 qui
743 1267 802 1314 de
818 1283 982 1315 rerum
1002 1267 1297 1314 naturalium
1316 1268 1472 1315 causis
1486 1282 1659 1331 parum
1678 1274 1764 1315 aut

378 1343 498 1391 nihil
530 1342 722 1390 solliciti
751 1351 880 1401 sunt,
905 1342 998 1390 illis
1026 1349 1190 1390 tamen
1215 1350 1374 1390 metus
1398 1342 1594 1406 quidem
1617 1343 1761 1402 inest,

380 1426 514 1466 ortus
538 1419 598 1466 ab
625 1434 682 1466 eo
701 1419 822 1481 ipso,
848 1418 981 1481 quod
1004 1434 1066 1465 an
1083 1418 1146 1465 sit
1164 1418 1385 1481 potentia
1408 1418 1571 1482 aliqua
1593 1434 1763 1478 necne,

381 1511 476 1558 qua
493 1493 655 1557 juvari
674 1500 759 1542 aut
781 1494 893 1542 laedi
917 1503 1135 1557 possunt,
1155 1495 1414 1557 ignorant;
1450 1502 1596 1558 atque
1619 1495 1680 1543 ab
1705 1511 1763 1543 eo

379 1578 514 1617 metu
536 1570 777 1633 proclives
802 1577 917 1617 sunt
942 1569 1005 1617 ad
1039 1569 1421 1632 suppositionem
1446 1577 1495 1617 et
1517 1570 1765 1618 fictionem

379 1645 623 1692 variarum
642 1645 974 1708 potentiarum
991 1645 1321 1703 invisibilium,
1341 1653 1662 1709 metuuntque
1680 1662 1767 1694 sua

379 1724 598 1787 ipsorum
621 1723 979 1786 phantasmata,
1005 1722 1331 1783 invocantque
1355 1721 1406 1768 in
1428 1721 1572 1768 rebus
1596 1721 1767 1769 adver-

381 1799 460 1856 sis,
478 1797 776 1860 laudantque
790 1798 842 1844 in
855 1797 1115 1861 prosperiS,
1132 1802 1182 1843 et
1194 1795 1380 1843 faciunt
1396 1796 1604 1860 denique
1620 1797 1766 1845 Deos.

382 1874 544 1937 Atque
569 1873 682 1921 inde
705 1873 893 1921 factum
911 1880 985 1920 est
1001 1880 1059 1919 ut
1071 1872 1291 1919 homines
1306 1888 1335 1919 a
1348 1873 1768 1935 phantasmatibus

382 1949 480 1997 suis
517 1949 952 1997 innumerabilibus
982 1948 1357 1996 innumerabiles
1382 1948 1653 1996 creaverint
1677 1949 1769 1997 sibi

385 2024 529 2072 Deos.
606 2026 770 2073 Metus
811 2032 979 2072 autem
1028 2023 1108 2071 hic
1148 2023 1460 2070 invisibilium
1492 2039 1658 2071 semen
1696 2032 1771 2072 est

384 2101 504 2163 ejus,
531 2117 677 2163 quam
696 2102 899 2164 quisque
919 2100 970 2147 in
995 2100 1153 2162 seipso
1169 2098 1477 2163 religionem,
1492 2100 1542 2147 in
1567 2099 1661 2147 illis
1684 2115 1770 2147 au-

385 2183 484 2222 tem
509 2176 592 2238 qui
617 2176 804 2223 diverse
827 2182 1051 2223 metuunt
1075 2175 1352 2237 coluntque,
1368 2174 1770 2239 superstitionem
1790 2203 1794 2207 -

386 2260 577 2300 vocant.

454 2328 722 2392 Religionis
760 2343 923 2375 semen
960 2326 1069 2384 hoc,
1100 2342 1212 2374 cum
1243 2341 1273 2372 a
1295 2325 1513 2388 pluribus
1551 2326 1771 2374 animad-

387 2418 581 2451 versum
604 2403 768 2462 fuerit,
793 2419 822 2450 a
846 2402 1137 2465 quibusdam
1169 2402 1355 2450 cultum
1379 2408 1427 2449 et
1450 2402 1499 2449 in
1523 2402 1654 2466 leges
1672 2401 1772 2451 for-

388 2486 574 2525 matum
591 2487 679 2536 est,
696 2478 1047 2541 opinionesque
1067 2478 1127 2525 de
1143 2477 1299 2524 causis
1318 2492 1480 2524 rerum
1497 2477 1773 2526 futurarum

390 2553 536 2601 variae
551 2553 826 2601 adinventae
851 2560 981 2611 sunt,
1002 2552 1175 2615 quibus
1198 2552 1438 2614 putabant
1461 2553 1644 2616 optime
1667 2553 1774 2601 fieri

391 2644 547 2690 posse,
572 2636 628 2676 ut
651 2629 733 2676 alii
753 2628 932 2676 servire
958 2627 1049 2675 sibi
1072 2627 1433 2676 inducerentur.
