1968 3236
494 259 564 292 nn
590 258 844 292 mvn-Are
871 257 1222 292 cums-rufin.
1447 246 1543 290 283

176 369 342 428 corde,
365 386 486 434 quos
517 370 707 435 replevi
729 369 914 433 spiritu
930 368 1231 433 prudentiae,
1255 373 1310 415 ut
1330 365 1547 431 saciant
1563 389 1830 422 maxxxw

176 451 335 493 vestes
371 445 579 503 AaronI,
628 446 675 492 in
722 444 896 508 quibus
940 444 1254 506 santificatus
1299 441 1547 489 ministret
1608 447 1783 463 *w*

178 520 296 567 neilai
313 538 331 568 .·
367 521 448 568 ubi
476 537 656 577 rursus,
681 520 954 584 prudentia,
978 534 1268 582 quamquam
1292 518 1342 565 in
1365 532 1419 564 re
1440 531 1547 563 ves-
1562 484 1832 565 ‹ijxnfflffi

179 595 321 644 tiaria
355 604 544 643 tantum
579 597 788 658 egregia,
825 595 1103 643 nominatur
1135 611 1165 642 a
1198 594 1303 642 Deo
1334 590 1547 656 spiritus
1564 570 1833 651 {gffiffssnm

0 648 26 735 ξ.
179 671 295 719 Dei.
362 671 545 719 Eodem
580 688 723 719 sensu
748 671 986 734 accipitur
1018 669 1216 732 spiritus
1239 667 1391 716 Exod.
1416 665 1546 715 xxxi.
1564 655 1833 738 WQD‘

180 751 227 805 3,
244 751 276 794 6
297 765 308 794 z
344 746 418 794 Et
441 747 638 811 implevi
661 764 765 794 eum
788 746 973 810 spiritu
1007 744 1123 803 Dei,
1148 751 1240 792 etc.
1307 744 1372 791 Et
1394 740 1548 790 Exod-

178 836 321 869 ων.
337 826 392 869 31
417 840 428 868 :
456 821 780 885 Implevitque
803 837 906 867 eum
929 819 1114 883 spiritu
1131 818 1246 878 Dei,
1264 825 1356 866 ete.
1392 815 1550 864 Isaiah

179 895 244 944 xi.
269 904 316 954 2,
341 902 400 944 3:
472 896 543 943 Et
566 896 843 959 requiescet
876 910 1028 958 super
1062 910 1165 941 eum
1201 893 1413 958 spiritus
1446 891 1551 938 Do-

180 970 311 1028 mini,
352 971 562 1035 spiritus
602 970 859 1034 sapientioe
900 976 950 1016 et
997 968 1292 1027 intellectus,
1338 966 1552 1031 spiritus

180 1045 376 1094 consilii
397 1045 798 1107 etsortitudinis,
829 1044 1041 1108 spiritus
1075 1043 1298 1091 scientiae
1321 1049 1370 1090 et
1387 1042 1554 1107 pieta-

182 1121 250 1169 tis
265 1140 285 1176 ,·
319 1128 367 1168 et
390 1120 605 1185 replebit
630 1137 733 1167 enm
757 1119 970 1184 spiritus
992 1118 1188 1203 ‘fimoris
1211 1117 1412 1166 Domini
1429 1135 1448 1164 .·
1469 1116 1554 1164 ubi

181 1196 435 1244 manifeste
471 1195 809 1258 intelliguntur
843 1210 941 1242 non
975 1193 1180 1241 totidem
1215 1200 1422 1256 spectra,
1444 1193 1553 1240 ‘sive

182 1271 462 1320 substantiae
504 1271 817 1333 incorporeae,
855 1269 939 1317 sed
975 1269 1146 1332 gratiae
1181 1268 1470 1316 excellent&
1501 1267 1552 1315 in

183 1347 318 1396 illum
341 1363 371 1394 a
394 1347 497 1394 Deo
521 1346 828 1393 collocandae.

250 1423 307 1471 In
329 1422 452 1470 libro
473 1421 716 1479 Judicum,
736 1419 913 1480 (Judic.
932 1419 1000 1467 iii.
1032 1424 1089 1467 10
1109 1438 1120 1467 :
1146 1419 1209 1466 vi.
1235 1425 1295 1466 34
1318 1437 1330 1465 :
1365 1418 1431 1466 xi.
1455 1424 1520 1466 29
1540 1436 1551 1464 ε

183 1498 284 1546 xiii.
300 1504 362 1546 25
381 1516 392 1543 ε
419 1497 512 1544 xiv.
528 1502 557 1543 6
577 1514 587 1542 ε
604 1496 698 1543 xiv.
717 1497 815 1556 19),
831 1494 962 1542 zelus
989 1502 1039 1542 et
1054 1493 1291 1542 fortitudo
1306 1494 1357 1541 in
1374 1493 1555 1557 populo

185 1573 276 1622 Dei
314 1571 666 1635 propugnando
707 1571 917 1634 egregia,
941 1578 1145 1618 vocatur
1182 1570 1396 1635 spiritus
1437 1570 1554 1617 Dei.

185 1648 259 1696 De
275 1647 434 1705 Saule,
453 1663 563 1694 cum
581 1646 887 1693 nuntiaretur
903 1646 973 1693 illi
991 1645 1381 1693 Ammonitarum
1399 1645 1449 1692 in
1467 1644 1556 1692 ho-

181 1723 338 1772 mines
390 1738 447 1769 ex
492 1722 520 1769 J
524 1722 637 1769 abes
684 1721 853 1769 Gilead
898 1721 1206 1779 contumelia,
1253 1721 1435 1768 dictum
1482 1729 1556 1769 est

186 1799 232 1859 (1
274 1798 404 1846 Sam.
429 1798 475 1845 ii.
501 1799 554 1857 6)
593 1797 723 1860 quod
770 1796 963 1844 insiluit
1006 1795 1220 1860 spiritus
1267 1796 1467 1844 Domini
1506 1796 1556 1843 in

184 1871 399 1931 Saulem,
435 1889 539 1920 cum
585 1872 811 1919 audisset
847 1870 998 1919 verba
1036 1870 1156 1930 hoec,
1198 1877 1248 1918 et
1283 1871 1445 1918 iratus
1480 1876 1556 1918 est

165 1947 331 2012 furor
353 1949 460 2011 ejus
481 1947 640 1995 nimis.
678 1947 887 2011 Intelligi
910 1954 1071 1994 autem
1093 1946 1311 1994 hocloco
1327 1946 1554 2010 phantas-

184 2038 280 2081 ma,
297 2022 553 2071 verisimile
567 2038 666 2070 non
681 2031 756 2070 est
772 2044 784 2077 ;
808 2022 894 2070 sed
909 2022 1062 2069 zelum
1085 2022 1334 2085 ingentem
1353 2021 1558 2069 crudeli-

186 2105 339 2147 tatem
354 2097 739 2145 Ammonitarum
753 2097 1001 2160 puniendi.
1038 2097 1285 2154 Similiter,
1302 2113 1390 2159 per
1405 2096 1558 2160 spiri-

112 2210 121 2217 .
188 2180 288 2222 tuni
309 2173 423 2231 Dei,
447 2172 528 2235 qui
550 2183 751 2220 venerat
772 2188 917 2236 super
940 2172 1150 2230 Saulem,
1174 2188 1285 2220 cum
1306 2171 1557 2235 prophetis

187 2249 421 2297 intererat
443 2247 643 2296 canticis
667 2256 716 2296 et
738 2248 924 2296 musica
937 2248 1140 2295 laudans
1163 2248 1335 2303 Deum,
1358 2248 1401 2306 (l
1427 2246 1555 2294 Sam.

186 2324 283 2372 xix.
308 2326 413 2383 23),
435 2339 534 2370 non
568 2331 812 2386 spectrum
842 2322 1147 2386 intelligitur,
1181 2322 1268 2371 sed
1300 2322 1485 2370 subitus
1507 2330 1559 2369 et

187 2399 474 2464 improvisus
498 2398 587 2446 Dei
612 2398 801 2446 colendi
825 2398 972 2446 zelus.

254 2475 530 2536 Interrogat
573 2476 617 2534 (1
649 2474 768 2537 Reg.
790 2474 905 2522 xxii.
930 2474 1016 2534 24)
1060 2473 1322 2521 Miehaiam
1355 2470 1559 2535 pseudo-

186 2549 425 2614 propheta
457 2548 721 2597 Zedekias:
764 2549 916 2597 Mene
954 2564 1078 2614 ergo
1121 2547 1309 2596 dimisit
1348 2546 1559 2611 spiritus

190 2624 403 2682 Domini,
427 2631 477 2671 et
501 2623 729 2688 loquutus
745 2631 823 2672 est
845 2623 938 2672 tibi
955 2627 984 2672 9
1052 2622 1264 2685 Intelligi
1282 2630 1444 2669 autem
1467 2621 1559 2668 hoe

189 2700 252 2748 de
268 2699 603 2763 phantasmate
626 2715 725 2748 non
746 2707 922 2762 potest,
943 2699 1057 2762 quia
1079 2698 1314 2745 Michaias
1332 2704 1559 2745 eventum

188 2774 342 2838 praelii
364 2790 462 2823 non
486 2774 548 2822 ab
572 2774 915 2839 inspiratione,
938 2773 1024 2822 sed
1045 2789 1076 2821 a
1099 2772 1282 2820 visione
1302 2771 1562 2835 propheta-

190 2857 342 2896 verat.
