1968 3236
168 344 270 376 CAP.
288 344 402 377 XLII.

191 399 379 421 κ-Υ-κ

187 440 233 468 De
247 443 386 477 potestate

438 201 534 244 396
761 210 832 244 DE
861 207 1116 244 CIVITATE
1146 208 1503 244 cnms'rrANA.

435 322 587 370 tariis.
659 321 882 368 Proximo
907 328 1071 367 autem
1089 319 1199 367 loco
1214 321 1648 381 considerabimus,
1671 322 1827 386 quod-

435 415 547 446 nam
572 398 623 445 in
648 397 849 445 ecclesia
873 396 1086 444 officium
1109 396 1324 444 habeant
1355 397 1440 456 illi,
1466 398 1552 460 qui
1586 414 1827 446 summam

186 483 389 512 ecclesiastica
434 474 617 521 babent
642 479 930 536 potestatem
955 471 1161 530 civilem,
1197 471 1444 535 iidemque
1478 473 1627 521 fidem
1660 473 1826 522 Chris-

435 550 618 596 tianam
643 548 854 610 amplexi
878 554 1007 595 sunt.

491 624 749 687 Imprimis,
766 623 1042 671 meminisse
1061 630 1254 687 oportet
1268 623 1661 672 demonstratum
1679 640 1827 688 supra

435 716 552 757 esse,
573 700 653 761 jus
673 698 926 761 judicandi
948 716 1056 762 quae
1082 699 1320 747 doctrinae
1344 699 1691 750 conservandae
1714 701 1825 764 paci

434 775 576 822 utiles
601 775 697 822 sint
716 783 765 822 et
790 774 1026 822 docendae
1049 775 1259 838 publice,
1280 776 1670 839 inseparabiliter
1693 792 1825 824 sum-

434 867 526 898 mae
562 851 793 913 potestati
834 850 966 898 civili
1003 867 1251 898 annexum
1293 867 1413 899 esse.
1503 851 1825 899 Manifestum

434 926 563 973 enim
587 933 678 984 est,
704 926 852 973 etiam
870 926 1159 974 tardissimis
1179 926 1404 990 ingeniis,
1425 927 1644 975 actiones
1666 927 1824 975 homi-

434 1018 551 1049 num
575 1002 635 1049 ab
661 1002 971 1064 opinionibus
995 1002 1147 1061 nasci,
1173 1018 1292 1065 quas
1315 1002 1501 1049 habent
1526 1001 1587 1050 de
1618 1002 1749 1050 bono
1773 1011 1825 1051 et

433 1078 560 1125 malo
593 1078 654 1124 ab
692 1077 966 1125 actionibus
1002 1078 1120 1141 ipsis
1145 1077 1237 1125 sibi
1261 1077 1630 1133 redundaturo;
1664 1085 1714 1126 et
1735 1094 1824 1142 per

433 1169 748 1216 consequens,
791 1169 889 1212 eos,
928 1154 1012 1217 qui
1053 1153 1383 1202 obedientiam
1423 1154 1659 1217 potestati
1693 1154 1825 1203 civili

431 1236 662 1292 praestare
683 1228 971 1276 damnosum
992 1229 1085 1277 sibi
1108 1229 1329 1277 futurum
1348 1229 1571 1288 credunt,
1605 1229 1670 1278 ad
1690 1229 1824 1294 leges

430 1305 681 1352 violandas
720 1305 864 1352 facile
901 1306 1101 1369 impelli,
1128 1305 1191 1353 ad
1233 1312 1389 1353 status
1432 1305 1587 1353 civilis
1612 1305 1823 1353 eversio-

433 1397 560 1439 nem,
587 1389 636 1428 et
659 1381 774 1428 belli
810 1381 964 1429 civilis
1000 1382 1400 1436 renovationem3
1438 1381 1577 1444 cujus
1601 1380 1822 1444 fugiendi

432 1473 592 1515 causa,
618 1457 839 1505 civitates
877 1474 1046 1506 omnes
1082 1457 1320 1506 institutae
1359 1464 1489 1504 sunt.
1560 1457 1733 1520 Itaque
1769 1456 1822 1505 in

433 1533 709 1580 civitatibus
745 1533 891 1580 etiam
916 1533 1142 1592 ethnicis,
1175 1541 1398 1596 pastores
1435 1531 1616 1595 passim
1658 1531 1822 1580 vocati

433 1616 564 1666 sunt,
582 1609 663 1671 qui
680 1626 917 1657 summam
942 1610 993 1657 in
1011 1610 1105 1657 illis
1127 1610 1342 1657 habuere
1366 1614 1661 1672 potestatem
1681 1627 1692 1656 ε
1728 1625 1819 1672 po-

431 1684 600 1747 pulum
641 1685 769 1732 enim
811 1685 988 1733 docere
1026 1685 1143 1733 civis
1180 1684 1342 1732 nullus
1379 1683 1558 1747 potuit,
1597 1683 1691 1732 nisi
1730 1700 1820 1747 per

430 1758 623 1807 illorum
654 1760 1016 1808 authoritatem.

499 1835 645 1884 Quod
663 1837 743 1896 jus
766 1836 860 1883 hoc
884 1853 1055 1898 regum
1097 1835 1421 1894 ethnicorum,
1446 1834 1588 1882 simul
1613 1851 1671 1882 ac
1700 1851 1819 1884 cou-

430 1917 737 1958 verterentur
773 1927 912 1974 reges
954 1912 1023 1958 illi
1064 1910 1128 1958 ad
1161 1910 1310 1958 fidem
1347 1910 1546 1968 Christi,
1571 1910 1817 1959 sublatum

429 1993 571 2043 esset,
607 2002 707 2033 non
746 1993 909 2049 potest
949 1986 1095 2034 credi.
1190 1986 1413 2033 Christus
1455 1985 1587 2033 enim
1620 1985 1817 2049 spoliari

428 2059 631 2123 imperio
655 2077 794 2125 reges
819 2078 876 2109 eo
901 2062 1098 2109 nomine
1118 2077 1219 2109 non
1238 2062 1410 2120 voluit,
1431 2061 1563 2125 quod
1582 2061 1633 2109 in
1656 2061 1816 2125 ipsum

428 2135 712 2184 crederent:
749 2153 907 2200 neque
942 2145 997 2184 ut
1037 2137 1261 2200 cuiquam
1306 2137 1388 2185 alii
1424 2137 1813 2201 subjicerentur:

427 2227 584 2274 neque
607 2220 662 2260 ut
686 2220 928 2275 potestate
963 2229 1135 2275 pacem
1171 2213 1302 2260 inter
1326 2212 1456 2260 cives
1480 2228 1594 2260 suos
1618 2228 1815 2261 conser-

384 2311 389 2318 ·
426 2287 586 2345 vandi,
628 2295 677 2335 et
714 2296 887 2335 contra
922 2288 1088 2335 hostes
1136 2288 1446 2344 defendendi,
1487 2290 1813 2351 privarentur.

428 2362 552 2410 Sunt
570 2379 686 2426 ergo
706 2379 845 2423 reges
867 2363 1148 2422 Christiani,
1168 2365 1317 2412 etiam
1334 2380 1481 2423 nunc,
1507 2363 1813 2414 subditorum

426 2453 622 2486 suorum
662 2446 882 2501 pastores
912 2439 1141 2501 supremi,
1178 2447 1227 2487 et
1260 2441 1342 2503 jus
1376 2440 1561 2487 habent
1590 2447 1815 2502 pastores

427 2514 514 2560 sub
540 2530 591 2561 se
615 2513 958 2571 constituendi,
985 2530 1106 2576 quos
1140 2515 1231 2578 ipsi
1264 2515 1468 2563 idoneos
1492 2514 1556 2563 ad
1577 2515 1813 2579 populum

426 2588 763 2637 instruendum
781 2589 1086 2653 judicabunt.

494 2665 747 2723 Praeterea,
772 2664 864 2712 etsi
889 2665 971 2727 jus
994 2671 1214 2727 pastores
1238 2665 1450 2729 eligendi
1472 2681 1621 2729 penes
1655 2666 1814 2715 eccle-

426 2738 545 2786 siam
582 2748 723 2798 esset‚
765 2739 893 2787 sicut
929 2747 1035 2787 erat
1069 2746 1290 2803 tempore
1334 2741 1703 2805 apostolorum;
1740 2741 1811 2791 sic

427 2828 616 2876 quoque
636 2815 714 2876 jus
738 2813 857 2861 illud
891 2829 1039 2876 penes
1078 2830 1242 2878 regem
1275 2824 1419 2874 esset,
1444 2817 1528 2880 qui
1550 2832 1811 2880 personam
