1910 3236
691 213 761 246 DE
791 213 1032 247 1101111111.
1491 207 1554 250 65

165 329 354 370 terram
376 338 478 371 non
510 323 754 387 signifieat
788 325 937 374 fuisse
969 326 1148 374 coelum
1179 334 1231 373 et
1271 334 1454 374 terram
1494 328 1556 375 ab
1594 353 1697 385 eff,
1715 352 1817 385 vm,

163 406 364 447 aeterno.
435 398 533 447 Ubi
572 400 804 448 Servator
827 411 997 450 noster
1024 402 1225 464 (Matth.
1251 402 1334 450 xii.
1360 403 1446 464 43)
1486 403 1556 451 lo-
1576 407 1804 478 Βεπ

166 474 332 538 quitur
369 474 429 522 de
471 475 647 538 spiritu
688 476 957 535 immundo,
997 478 1081 541 qui
1122 494 1234 525 cum
1272 477 1455 526 exisset
1495 494 1554 526 ex
1573 459 1835 526 ῑηιεῖιζοιῖιώῗψ

163 549 363 599 homine
386 559 591 614 vagatus
610 560 684 599 est
706 568 795 615 per
808 553 916 600 loca
930 554 1083 612 arida,
1100 570 1322 617 quaerens
1337 554 1557 617 requiem
1574 538 1795 619 flssffiffqu‘

165 642 258 675 nec
284 626 554 685 inveniens,
591 635 642 675 et
683 627 733 674 in
772 628 981 676 eundem
1013 629 1261 678 hominem
1283 638 1459 693 postea
1481 646 1558 678 re-

165 718 335 751 versus
358 711 431 751 est
454 719 567 750 eum
591 703 699 751 aliis
724 713 913 767 septem
941 705 1193 768 spiritibus
1216 721 1269 754 se
1291 705 1557 770 pejoribus,

164 779 447 843 parabolica
482 779 666 827 locutio
709 788 798 839 est,
838 781 1059 829 alludens
1084 782 1148 829 ad
1183 783 1432 830 hominem
1458 782 1557 845 qui,

164 863 276 919 post
299 863 532 903 conatum
556 856 851 919 cupiditates
883 873 993 904 suas
1017 857 1324 921 relinquendi
1349 857 1559 906 debilem

160 931 338 990 victus,
361 931 541 995 septies
577 932 716 995 pejor
753 949 900 996 quam
941 940 1055 980 ante
1085 927 1215 981 erat.
1287 934 1402 981 Non
1443 942 1558 981 sunt

163 1023 282 1074 ergo
313 1007 579 1072 Scripturae
620 1009 671 1056 in
708 1024 852 1056 sensu
875 1009 1139 1057 verborum
1173 1009 1333 1073 rigido
1368 1025 1561 1073 semper

161 1084 461 1148 accipiendae
482 1105 493 1138 ;
530 1100 689 1147 neque
713 1100 773 1132 ex
797 1084 892 1132 illis
915 1085 1190 1132 necessario
1215 1084 1373 1140 evinci
1396 1092 1560 1148 potest

163 1160 494 1208 doemoniacos
539 1160 660 1208 alios
696 1160 843 1208 fuisse
878 1177 1026 1223 quam
1067 1160 1284 1219 insanos,
1302 1161 1559 1225 furiosos,

163 1235 243 1284 vel
266 1235 413 1284 modo
436 1236 598 1299 aliquo
618 1243 781 1283 mente
800 1235 957 1284 laesos.

234 1312 370 1360 Inter
392 1312 594 1359 insauiae
614 1312 755 1375 signa
768 1311 1017 1359 numerari
1036 1312 1187 1359 etiam
1209 1320 1415 1375 possunt
1439 1328 1563 1374 quo-

166 1386 375 1435 rundam
398 1386 658 1434 hominum
683 1402 932 1433 sermones
955 1386 1154 1434 absurdi
1188 1387 1290 1434 sive
1324 1386 1564 1450 insignifi-

166 1471 364 1518 eantes;
402 1462 462 1510 de
486 1463 662 1526 quibus
688 1462 876 1510 dictum
900 1470 973 1510 est
991 1463 1150 1526 capite
1171 1463 1362 1526 quinto.
1398 1463 1564 1526 Atque

165 1539 262 1587 1100
284 1554 440 1603 genus
463 1539 666 1586 insaniae
690 1538 885 1586 illorum
902 1538 1159 1586 hominum
1182 1539 1285 1587 fere
1309 1539 1566 1602 proprium

167 1622 257 1674 est,
292 1614 375 1678 qui
397 1615 533 1678 loqui
555 1615 633 1662 vel
656 1614 868 1662 scribere
889 1614 950 1662 de
974 1615 1032 1663 iis
1056 1616 1202 1663 rebus
1227 1615 1427 1674 audent,
1454 1631 1566 1678 quae

166 1700 283 1739 511111
305 1691 845 1754 incomprehensibilem
870 1690 922 1738 id
940 1691 1073 1755 quod
1097 1691 1189 1739 soli
1210 1691 1400 1739 faciunt
1423 1693 1565 1740 scho-

166 1767 327 1815 lastici
350 1775 400 1815 et
422 1767 717 1831 philosophi.
788 1767 918 1815 Nam
942 1767 1119 1831 vulgus
1159 1767 1414 1816 hominum
1451 1784 1564 1815 raro

165 1843 237 1891 ita
258 1843 542 1907 loquuntur,
565 1851 622 1891 ut
656 1859 759 1891 non
792 1843 982 1907 possint
1017 1843 1256 1907 intelligi;
1294 1852 1345 1892 et
1369 1844 1432 1892 ob
1457 1860 1560 1892 eam

166 1935 274 1968 rem
319 1919 380 1967 ab
427 1919 533 1966 istis
579 1919 686 1966 aliis
733 1919 945 1983 egregiis
992 1919 1276 1967 hominibus
1320 1920 1566 1968 habentur

167 2003 563 2060 spernunturque
585 2011 675 2059 pro
699 1994 880 2043 idiotis.
931 1996 1002 2043 Ut
1024 1995 1234 2044 sciamus
1257 2004 1422 2044 autem
1446 2013 1563 2060 qua-

167 2071 228 2120 lis
252 2071 315 2119 sit
352 2071 756 2119 scholasticorum
793 2079 842 2119 et
882 2071 1285 2135 philosophorum
1323 2073 1384 2120 de
1420 2073 1567 2120 rebus

169 2147 444 2196 difficilibus
467 2147 641 2205 oratio,
661 2147 1013 2211 interpretetur
1034 2148 1176 2196 nobis
1200 2149 1350 2196 verba
1372 2149 1565 2212 aliquiS‚

169 2238 280 2286 quae
301 2222 499 2270 titulum
515 2222 706 2270 faciunt
737 2223 911 2286 capitis
934 2223 1059 2271 sexti
1082 2223 1196 2271 libri
1218 2224 1365 2287 primi
1384 2223 1567 2282 Suaris,

169 2298 235 2347 de
256 2315 513 2358 concursu,
539 2306 686 2358 motu,
720 2306 771 2347 et
808 2299 1000 2347 auxilio
1025 2299 1142 2347 Dei.
1213 2300 1374 2348 Verba
1400 2308 1569 2347 autem

168 2375 277 2423 haec
301 2384 445 2423 sunt:
473 2375 647 2423 Prima
671 2391 828 2423 causa
852 2391 947 2423 non
972 2375 1135 2438 influit
1158 2375 1446 2424 necessario
1472 2374 1569 2422 ali-

169 2451 298 2516 quid
331 2451 382 2499 in
418 2451 684 2499 secundam
720 2451 904 2499 virtute
931 2450 1360 2500 subordinationis
1402 2467 1569 2498 essen—

171 2526 316 2575 tialis
357 2543 622 2575 causarum
662 2528 1010 2587 secundarum,
1044 2545 1141 2593 quo
1184 2528 1324 2575 illam
1362 2527 1569 2590 adjuvet

170 2603 396 2667 operari.
434 2603 534 2652 Qui
551 2603 696 2651 simili
713 2603 934 2652 oratione
949 2611 1058 2652 tota
1081 2603 1287 2667 implent
1300 2602 1566 2661 volumina,

171 2694 336 2726 nonne
377 2678 643 2738 insaniunt,
690 2679 767 2727 vel
812 2679 934 2727 alios
979 2679 1191 2727 insanire
1231 2677 1438 2726 volunt?
1509 2678 1568 2726 In

172 2753 441 2818 quaestione
464 2753 526 2802 de
550 2754 1103 2813 transubstantiatione,
1129 2755 1211 2802 ubi
1243 2754 1432 2813 dicunt,
1456 2762 1568 2818 post

172 2836 309 2876 certa
330 2829 554 2892 quaedam
576 2831 768 2893 prolata
790 2831 955 2889 verba,
981 2830 1273 2887 albedinem,
1290 2830 1567 2878 rotundita-

308 2919 434 2953 VOL.
462 2920 545 2953 111.
1404 2921 1434 2954 F
