1968 3236
687 190 758 222 DE
786 187 1063 222 cxvrrA'rE.
1488 171 1578 222 187

187 321 279 354 usu
297 305 522 354 concives
539 317 652 350 suos
671 318 840 349 omnes
859 301 1118 365 prohibere
1128 299 1238 362 jure
1252 295 1409 361 possit
1430 316 1442 350 3
1478 310 1579 342 non

187 387 352 429 autem
375 388 431 426 ut
456 394 567 426 eum
603 377 847 435 excludat,
874 377 957 439 qui
981 390 1221 423 summam
1242 372 1393 420 habet
1416 378 1579 435 potes-

187 463 357 513 tatem,
382 455 482 502 sive
506 454 546 501 is
589 461 744 501 coetus
774 453 850 510 sit,
876 453 977 500 sive
1008 452 1155 499 homo
1189 464 1332 497 unus.
1416 445 1581 493 Habet

189 531 320 579 enim
346 530 387 577 is
409 536 702 593 potestatem
736 528 888 575 totius
911 527 1140 584 civitatis,
1165 533 1215 573 et
1237 532 1393 572 terras
1415 521 1582 570 distri-

189 606 367 663 buisse,
392 615 448 652 ut
467 613 516 653 et
539 605 634 652 alia
657 604 822 651 omnia
844 603 1030 661 fecisse,
1055 603 1107 650 in
1130 600 1300 649 ordine
1323 599 1387 647 ad
1409 613 1582 662 pacem

190 689 243 730 et
263 681 448 729 bonum
472 680 683 727 civitatis
707 678 1053 741 intelligendus
1078 685 1167 724 est.
1239 674 1372 724 Quin
1390 687 1583 721 monar-

191 756 286 805 cha
307 755 384 803 vel
409 764 564 803 coetus
588 770 805 802 summus
837 754 998 801 facere
1028 753 1182 800 multa
1215 750 1372 814 possit
1410 756 1585 797 contra

189 833 375 881 bonum
408 847 548 878 suum
570 852 582 885 3
618 830 766 877 etiam
802 837 976 877 contra
999 844 1136 876 suam
1158 826 1310 890 ipsius
1334 825 1585 873 conscien-

191 908 329 967 tiam,
354 915 526 954 contra
539 906 688 953 fidem
707 905 887 964 datam,
904 913 953 953 et
976 912 1148 952 contra
1161 903 1293 965 leges
1307 899 1554 949 naturales
1571 920 1584 954 ;

194 999 295 1031 non
320 982 599 1045 negaverim
619 1001 629 1028 :
667 981 752 1028 sed
780 988 834 1028 ut
859 981 923 1028 ob
948 996 1054 1027 eam
1080 994 1277 1027 causam
1297 977 1427 1025 cives
1450 991 1588 1024 arma

195 1066 369 1106 contra
388 1073 499 1104 eum
524 1073 731 1114 sumere,
746 1067 831 1103 aut
849 1072 987 1103 reum
1000 1055 1179 1113 facere,
1195 1061 1281 1101 aut
1295 1067 1587 1115 quocunque

195 1133 344 1182 modo
369 1134 494 1180 male
519 1133 580 1180 de
617 1149 674 1180 eo
713 1132 874 1179 dicere
913 1139 1135 1195 possunt,
1158 1127 1441 1192 negandum
1482 1134 1587 1181 est;

195 1216 458 1272 propterea
510 1207 643 1270 quod
688 1207 923 1264 omnium,
970 1221 1079 1268 quae
1122 1204 1312 1262 fecerit,
1358 1202 1590 1251 authores

197 1284 377 1348 singuli
399 1283 621 1331 fecerunt
648 1283 848 1346 seipsos.

266 1361 324 1409 In
347 1360 694 1408 distributione
717 1367 975 1415 terrarum,
999 1363 1191 1420 partem
1209 1355 1301 1403 sibi
1317 1354 1428 1418 ipsi,
1446 1369 1592 1416 quam

197 1437 334 1495 velit,
358 1451 606 1483 reservare
630 1443 793 1498 potest
818 1442 867 1482 et
890 1433 1052 1481 colere
1066 1432 1150 1495 qui
1167 1446 1353 1479 summe
1367 1430 1592 1492 imperat,

200 1513 329 1560 sicut
352 1528 479 1559 unus
502 1527 563 1559 ex
586 1511 788 1559 civibus.
827 1511 1027 1560 Quanta
1043 1516 1207 1556 autem
1222 1522 1414 1570 cunque
1430 1505 1593 1569 portio

199 1587 284 1636 illa
306 1588 384 1646 sit,
408 1587 472 1635 ad
496 1602 647 1635 onera
676 1586 889 1635 civitatis
918 1585 1082 1633 omnia
1122 1582 1407 1632 sustinenda
1442 1588 1493 1629 et
1530 1580 1596 1628 ad

201 1663 420 1728 ejusdem
439 1662 772 1710 defensionem
791 1661 1013 1709 sufficere
1027 1676 1129 1708 non
1146 1659 1410 1707 tenebitur.
1463 1657 1595 1705 Talis

202 1739 335 1788 enim
357 1746 433 1786 est
449 1746 627 1786 natura
645 1737 916 1795 hominum,
931 1744 988 1784 ut
1002 1744 1251 1784 certorum
1265 1749 1496 1797 agrorum
1518 1732 1595 1780 vel

204 1824 452 1864 certorum
470 1814 716 1862 redituum
733 1812 972 1877 possessio
988 1811 1174 1860 inutilis
1189 1818 1331 1868 esset,
1351 1808 1596 1856 tenderet-

204 1906 299 1955 que
313 1890 377 1939 ad
391 1890 760 1938 dissolutionem
776 1888 1003 1937 civitatis.
1041 1887 1196 1936 Simul
1213 1886 1346 1935 enim
1359 1901 1417 1933 ac
1434 1891 1596 1948 potes-

205 1974 282 2015 tas
299 1982 489 2015 summa
504 1965 553 2012 in
569 1981 742 2013 manus
756 1965 947 2012 veniret
959 1963 1039 2011 vel
1051 1961 1331 2010 monarchae
1338 1961 1416 2008 vel
1422 1967 1594 2018 coetus,

207 2043 292 2107 qui
309 2041 569 2106 pecuniam
591 2040 838 2104 publicam
860 2038 1190 2103 negligentius
1207 2036 1495 2094 custodiret,
1510 2043 1596 2083 aut

207 2118 291 2182 qui
320 2117 569 2166 civitatem
602 2124 786 2164 temere
818 2116 870 2163 in
905 2114 1051 2163 nimis
1086 2114 1290 2177 longum
1325 2119 1412 2160 aut
1450 2110 1596 2159 nimis

207 2201 547 2256 sumptuosum
562 2191 744 2239 bellum
759 2191 1039 2255 conjiceret,
1057 2190 1229 2238 civitas
1244 2188 1442 2252 periret.
1467 2187 1597 2234 Diae-

208 2277 311 2318 tam
323 2284 424 2316 non
430 2268 685 2331 patiuntur
698 2267 935 2315 civitates.
960 2266 1085 2314 Cum
1098 2266 1230 2314 enim
1242 2271 1464 2328 sumptus
1478 2263 1599 2326 pub-

207 2344 331 2393 licus
352 2360 453 2392 non
470 2344 531 2391 ab
549 2343 765 2407 ipsorum
778 2343 1047 2401 voluntate,
1063 2341 1151 2390 sed
1163 2342 1226 2390 ab
1240 2340 1456 2389 externis
1470 2338 1599 2386 acci-

210 2420 438 2469 dentibus
461 2427 513 2467 et
538 2419 790 2467 voluntate
811 2419 1086 2467 vicinorum
1111 2418 1404 2466 terminatus
1434 2415 1512 2472 sit,
1535 2414 1599 2461 ab

211 2494 385 2544 iisdem
398 2495 548 2543 etiam
562 2494 753 2543 definiri
771 2494 952 2542 debent
968 2494 1149 2542 divitiae
1165 2493 1390 2557 publicae.
1428 2491 1600 2553 Itaque

213 2570 399 2619 civitati
422 2570 618 2618 divitias
641 2578 801 2618 certas
823 2570 1087 2634 assignare,
1111 2585 1231 2632 quas
1254 2567 1338 2631 qui
1361 2581 1601 2613 summam

213 2646 362 2694 habet
394 2654 687 2709 potestatem
718 2646 929 2694 vendere
951 2646 1029 2694 vel
1053 2645 1183 2693 dono
1218 2644 1334 2691 dare
1356 2642 1526 2706 possit,
1550 2649 1601 2689 et

214 2721 384 2770 vendit
407 2721 655 2784 donatque
678 2721 957 2784 aliquando,
974 2720 1158 2769 frustra
1179 2728 1269 2767 est.

282 2796 362 2844 Ad
384 2797 590 2844 eandem
630 2813 868 2846 summam
908 2804 1203 2861 potestatem
1237 2795 1451 2859 pertinet
1491 2809 1602 2856 quae

1612 315 1714 348 CAP.
1731 313 1862 345 xxw.

1636 370 1826 389 κ-γ-ν

1600 414 1644 442 De
1656 412 1783 442 civitati»
1796 411 1834 438 fn-

1599 457 1707 485 cultate
1716 455 1856 483 nutritiv-

1598 505 1628 529 ει
1640 498 1814 538 generativa.
