1968 3236
459 254 530 288 nn
557 252 743 287 RRGNO
769 251 1168 286 TssNssnnARuM.
1405 239 1502 282 483

193 365 365 416 Cultus
401 381 545 429 quem
586 364 868 412 exhibemus
898 362 1191 420 hominibus,
1217 367 1271 408 ut
1307 359 1504 424 regibus
1536 383 1640 415 ομ»,
1659 382 1766 415 xm,

126 442 205 492 vel
226 441 460 491 ministris
484 457 669 503 regum,
690 439 847 486 cultus
872 439 1025 486 civilis
1048 446 1137 486 est.
1221 436 1319 485 Sed
1345 436 1504 484 cultus
1524 438 1753 508 nem

126 533 271 583 quem
293 517 398 566 Deo
423 517 721 573 exhibemus,
747 515 1097 578 qualiacunque
1132 513 1271 578 signa
1306 513 1503 572 fuerint,
1522 522 1752 572 εἱξειτςῐῆψιῐὶε

126 600 204 643 est
236 592 397 641 cultus
430 592 638 640 divinas.
708 590 954 638 Prosterni
990 606 1154 637 coram
1185 605 1316 652 rege,
1339 589 1392 637 in
1420 589 1504 637 illo
1522 565 1770 638 :ifl’ns'fflm

128 669 214 734 qui
234 667 481 717 hominem
512 683 633 725 esse,
657 682 757 714 non
790 666 947 713 Deum
970 674 1126 729 putat,
1152 664 1313 713 cultus
1347 665 1503 713 civilis

127 752 219 794 est.
292 744 341 792 Is
374 753 552 802 autem,
588 743 671 806 qui
707 742 1188 805 quantulumcunque
1222 739 1508 788 reverentiae

127 821 182 871 in
202 819 405 868 eeclesia
435 819 629 882 signum
659 816 886 874 ostendit,
912 818 974 864 ob
1007 832 1114 864 eam
1138 832 1242 863 rem
1265 815 1398 879 quod
1421 814 1509 863 do-

128 911 264 944 mum
299 895 391 943 Dei
429 894 560 941 illam
606 901 762 957 putet,
810 892 992 940 cultum
1037 892 1250 940 divinum
1295 891 1507 938 exhibet.

130 971 231 1021 Qui
254 970 618 1019 distinctionem
642 969 802 1016 cultus
824 967 976 1015 divini
999 975 1050 1015 et
1073 967 1226 1015 civilis
1260 975 1400 1014 extra
1427 982 1506 1014 co-

128 1046 275 1096 lentis
312 1046 528 1094 animum
565 1045 616 1092 in
639 1044 798 1092 verbis
839 1044 974 1090 δελέασι
1011 1050 1061 1091 et
1095 1045 1266 1104 λατρέια
1302 1041 1510 1089 inveniri

127 1128 321 1187 putant,
341 1121 664 1184 decipiuntur.
733 1120 859 1167 Sunt
882 1118 1012 1165 enim
1031 1119 1283 1177 &vorum
1307 1116 1403 1164 duo
1426 1132 1509 1179 ge-

129 1213 277 1252 nera;
300 1196 508 1244 alterum
532 1211 715 1253 eorum,
731 1195 813 1258 qui
837 1202 952 1242 sunt
973 1194 1193 1242 absolute
1218 1193 1267 1241 in
1290 1192 1511 1256 potentia

130 1273 438 1322 dominorum
456 1287 669 1329 suorum,
685 1270 852 1334 quales
876 1277 989 1317 sunt
1013 1269 1139 1317 bello
1158 1268 1305 1332 capti,
1329 1277 1379 1315 et
1402 1267 1509 1315 illo·

131 1364 243 1396 rum
264 1346 468 1404 soboleS‚
489 1362 695 1410 quorum
714 1361 920 1409 corpora
943 1361 1031 1392 sua
1052 1360 1151 1392 non
1174 1351 1303 1402 sunt,
1318 1343 1405 1391 sed
1428 1343 1512 1391 do-

132 1424 393 1479 minorum,
415 1422 593 1485 quique
615 1421 810 1469 venales
844 1429 958 1469 sunt
984 1429 1040 1468 ut
1073 1420 1300 1468 animalia
1332 1420 1509 1474 bruta3

132 1498 186 1548 hi
206 1498 366 1547 vocati
400 1506 515 1545 sunt
544 1514 575 1544 a
596 1497 777 1545 Graeeis
802 1496 967 1555 δοῦλοι,
991 1504 1041 1544 et
1074 1496 1397 1544 ministerium
1431 1510 1514 1542 eo·-

131 1589 259 1632 rum,
282 1573 448 1621 δελέιας
484 1573 693 1621 alterum
717 1588 887 1620 eorum
921 1580 1012 1630 est,
1037 1572 1120 1636 qui
1157 1572 1376 1619 serviunt
1410 1571 1516 1634 qui-

133 1649 263 1708 dem,
285 1648 567 1712 faciuntque
590 1648 760 1696 eadem
784 1647 916 1710 quod
938 1648 1022 1706 illi,
1046 1647 1133 1695 sed
1154 1646 1443 1704 voluntarie,
1468 1654 1518 1694 et

132 1724 358 1774 mercede
397 1732 591 1772 tantum
626 1724 842 1787 obligati,
867 1732 918 1771 et
940 1723 1241 1772 vocabantur
1272 1739 1303 1770 a
1332 1722 1515 1770 Graecis

132 1801 277 1856 Βῖπεςς
293 1815 454 1864 neque
476 1799 679 1848 ulterius
697 1799 1043 1863 obligabantur
1065 1815 1213 1863 quam
1236 1797 1301 1846 ad
1317 1798 1369 1846 id
1383 1796 1515 1860 quod

131 1875 265 1939 pacti
300 1875 498 1924 fuerint.
590 1874 859 1938 Utriusque
898 1883 1063 1922 autem
1100 1874 1293 1938 generis
1334 1888 1514 1920 nomen

134 1965 391 1999 commune
413 1958 488 1998 est
509 1951 676 2012 λάτρις,
701 1959 752 1997 et
773 1966 953 1998 nomen
981 1949 1239 1998 ministerii
1258 1964 1515 1996 commune

136 2026 324 2088 λατρεία.
394 2025 453 2073 In
489 2025 753 2089 Scripturis
789 2026 949 2073 Sacris
986 2025 1235 2073 distinctio
1272 2024 1369 2081 illa,
1393 2039 1516 2087 prae-

136 2100 306 2149 sertim
340 2099 536 2164 quando
569 2116 727 2148 sermo
762 2109 839 2148 est
872 2100 933 2148 de
957 2100 1108 2148 servis
1131 2100 1239 2157 Dei,
1263 2115 1362 2147 non
1385 2099 1516 2146 inve-

136 2175 286 2224 nitur.
352 2174 459 2223 Deo
481 2175 613 2223 enim
635 2175 842 2223 debetur
862 2175 1119 2223 ministerii
1142 2190 1297 2238 genus
1321 2190 1481 2222 omne.

203 2250 397 2316 Imago,
420 2250 471 2298 in
493 2250 692 2315 propria
725 2259 776 2299 et
805 2251 1112 2299 strictissima
1145 2249 1515 2313 significatione,

137 2334 212 2374 est
234 2325 438 2388 alicujus
453 2325 527 2373 rei
542 2325 743 2374 visibilis
761 2325 1027 2374 similitudo
1045 2326 1165 2389 ipsa,
1182 2324 1233 2372 id
1256 2333 1346 2382 est,
1364 2323 1517 2387 phan-

137 2408 310 2458 tasma,
344 2406 606 2463 spectrum,
640 2400 741 2447 sive
774 2401 993 2464 corporis
1040 2399 1225 2463 species
1258 2413 1515 2461 apparens,

138 2476 240 2525 sive
258 2475 456 2534 directe,
470 2475 569 2523 sive
593 2491 681 2539 per
696 2475 1026 2524 reflectionem
1048 2483 1134 2522 aut
1156 2473 1515 2530 refractionem,

139 2551 240 2600 sive
257 2558 371 2619 post
388 2566 582 2598 sensum
598 2550 649 2598 in
664 2550 862 2598 somniis
877 2571 891 2606 ;
915 2566 1035 2614 quas
1053 2548 1346 2597 substantias
1364 2547 1517 2595 reales

139 2643 241 2676 non
265 2642 386 2684 esse,
409 2626 525 2674 satis
546 2641 694 2689 supra
715 2634 963 2676 ostensum
991 2633 1080 2673 est.
1149 2624 1398 2671 Vocantur
1434 2637 1519 2669 au-

139 2709 242 2750 tem
274 2700 400 2748 ideoe
434 2707 483 2748 et
516 2699 670 2758 idola,
692 2715 724 2747 a
742 2716 863 2749 voce
896 2701 1067 2750 Graeca
1099 2698 1206 2757 ἕιδω,
1230 2714 1339 2762 quae
1371 2696 1519 2761 signi-

140 2778 258 2826 ficat
280 2774 465 2823 videre.

209 2851 415 2900 Constat
471 2866 588 2914 ergo
645 2850 716 2899 rei
760 2850 967 2900 infinitoe
1023 2848 1287 2912 imaginem
1336 2845 1520 2895 nullam

1256 2937 1276 2971 1
1303 2936 1322 2970 1
1340 2939 1362 2970 2
