1968 3236
158 370 261 405 CAP.
279 371 385 404 XLV.

184 427 374 448 »ηρ-α

146 474 191 502 De
204 474 376 503 daemonolo-

146 518 194 554 gia
206 521 236 545 et
248 517 378 555 reliquiis

147 560 212 588 aliis
224 560 397 597 religionum

147 603 340 632 ethnicarum.

427 229 526 272 480
764 239 835 272 DF.
865 238 1053 271 REGNO
1081 237 1486 272 TENEBRARUM.

427 352 574 399 tionis
606 359 656 398 et
691 349 943 397 industriae
970 348 1197 396 humanae
1235 349 1521 397 exercendae
1545 365 1692 397 causa
1713 350 1822 414 plu-

429 428 576 474 rimas
599 425 808 488 reliquit.
870 425 1018 471 Hunc
1038 424 1166 471 enim
1192 424 1364 472 habuit
1396 441 1598 488 scopum
1621 425 1822 474 unicum

431 504 661 551 Servator
684 508 864 559 noster,
889 510 946 548 ut
969 500 1097 547 viam
1122 500 1186 548 ad
1209 501 1418 548 salutem
1441 510 1691 560 aeternam,
1717 518 1823 550 rec-

431 587 532 627 tam
557 586 607 625 et
630 577 826 640 planam
858 576 1136 624 hominibus
1166 584 1609 633 commonstraret3
1646 593 1823 640 nempe

430 663 487 702 ut
511 653 780 710 crederent,
804 651 961 715 ipsum
987 668 1096 699 6386
1119 651 1405 707 Christum‚·
1431 652 1603 715 filium
1626 653 1728 702 Dei
1750 654 1823 702 vi-

430 731 588 777 ventis
604 747 622 783 ;
661 728 857 776 missum
880 734 935 775 ut
957 744 1011 775 86
1026 744 1129 792 pro
1155 729 1390 793 peccatis
1413 728 1601 776 nostris
1624 729 1823 792 sacrfi-

432 804 778 868 ciumfaceret
794 822 812 858 ;
848 811 903 851 ut
926 804 977 851 in
1001 804 1216 852 adventu
1239 804 1454 852 Secundo
1479 804 1529 851 in
1556 805 1824 867 majestate

431 887 710 945 regnaret;
747 887 796 927 et
831 879 1016 927 electos
1051 896 1167 927 suos
1202 880 1266 927 ab
1299 880 1495 927 inimico
1518 886 1749 928 servaret
1773 879 1824 928 in

433 962 662 1003 aeternum
678 974 696 1010 ;
732 955 795 1003 ad
827 972 971 1019 quem
1006 956 1155 1003 finem
1187 956 1455 1020 disputatio
1481 955 1542 1004 de
1566 956 1824 1019 spirituum

432 1032 758 1094 corporeitate
788 1032 910 1078 nihil
934 1032 1191 1080 attinebat.
1252 1032 1304 1080 Si
1329 1049 1359 1080 a
1383 1032 1649 1096 Scripturis
1673 1032 1825 1080 ratio-

433 1124 543 1155 nem
566 1108 866 1171 postulemus
887 1108 1215 1171 quaestionum
1238 1108 1473 1166 omnium,
1494 1124 1604 1171 quae
1620 1107 1826 1155 Christi-

431 1199 593 1241 anum,
613 1199 675 1230 ne
699 1183 934 1230 mandata
948 1183 1040 1231 Dei
1059 1193 1331 1247 exequatur
1346 1183 1583 1247 impedire
1602 1191 1824 1247 possunt,

433 1258 666 1322 conqueri
691 1259 839 1306 etiam
864 1259 924 1306 de
950 1259 1091 1307 Mose
1114 1276 1388 1323 possumus,
1409 1259 1556 1323 quod,
1583 1276 1695 1307 cum
1720 1275 1826 1307 cre-

431 1335 645 1382 ationem
663 1334 788 1393 coeli,
805 1342 966 1393 terrae,
982 1336 1252 1395 hominum,
1269 1344 1320 1383 et
1337 1352 1502 1383 rerum
1520 1343 1825 1394 caeterarum,

432 1410 737 1474 explicasset,
764 1411 824 1459 de
851 1412 1099 1460 creatione
1125 1412 1383 1475 spirituum
1407 1427 1470 1459 ne
1492 1411 1695 1459 verbum
1719 1411 1828 1474 qui-

432 1485 544 1534 dem
568 1487 760 1536 locutus
786 1495 876 1536 est.
947 1488 1229 1536 Invenimus
1261 1489 1312 1536 in
1339 1488 1602 1551 Scripturis
1625 1487 1828 1551 angelos

435 1562 631 1624 quidem
655 1579 774 1622 6556,
800 1570 850 1611 et
873 1564 1089 1627 spiritus,
1115 1572 1222 1612 tum
1245 1564 1401 1612 bonos
1425 1571 1531 1612 tum
1550 1564 1721 1622 malos,
1740 1562 1829 1611 sed

435 1654 535 1686 non
580 1639 894 1702 incorporeos
917 1661 929 1695 ;
984 1648 1035 1688 et
1076 1655 1181 1688 esse
1228 1639 1575 1703 apparitiones,
1623 1639 1827 1698 somnia,

434 1722 643 1777 spectra,
667 1714 814 1774 idola,
842 1715 929 1763 sed
952 1732 1054 1763 non
1078 1732 1183 1764 esse
1208 1731 1266 1763 ea
1289 1715 1603 1763 substantias.

502 1789 739 1838 Doctrina
755 1797 920 1838 tamen
946 1791 1208 1849 contraria,
1228 1807 1404 1854 nempe
1423 1791 1622 1854 spiritus
1639 1791 1829 1854 aliquos

435 1880 539 1912 esse
574 1865 902 1929 incorporeos,
928 1867 980 1914 in
1016 1867 1221 1914 ecclesia
1258 1867 1328 1914 ita
1363 1867 1446 1914 diu
1480 1866 1752 1930 praevaluit,
1771 1874 1830 1915 ut

436 1940 680 1997 doctores,
722 1941 1075 1991 daemoniorum
1111 1942 1461 2006 ejiciendorum
1496 1958 1658 2002 causa,
1689 1957 1829 1990 exor-

436 2016 640 2064 cismum
687 2017 778 2065 sibi
813 2019 1143 2066 necessarium
1183 2034 1287 2066 esse
1318 2026 1405 2066 aut
1442 2017 1831 2066 existimaverint

436 2099 522 2139 aut
558 2092 803 2141 finxerint.
875 2094 1024 2142 Quod
1047 2094 1098 2141 in
1123 2094 1329 2142 ecclesia
1352 2093 1551 2156 quidem
1581 2092 1832 2156 primitiva

436 2167 577 2215 multi
617 2176 756 2216 erant
796 2169 1101 2228 daemoniaci,
1137 2169 1284 2232 pauci
1323 2169 1598 2232 phrenetici
1639 2176 1726 2216 aut
1755 2169 1831 2216 lu-

436 2243 613 2299 natici3
649 2244 794 2292 hodie
831 2253 997 2293 autem
1033 2245 1306 2308 phrenetici
1343 2252 1393 2293 et
1427 2244 1632 2292 lunatici
1672 2244 1830 2304 multi,

437 2318 724 2366 daemoniaci
765 2320 918 2375 nulli;
955 2336 1054 2368 non
1090 2338 1120 2368 a
1155 2329 1335 2369 natura
1370 2336 1551 2379 rerum,
1581 2319 1666 2368 sed
1690 2336 1720 2368 a
1742 2336 1830 2369 no-

438 2394 623 2442 minum
670 2396 943 2444 mutatione
989 2396 1264 2459 profectum
1307 2404 1394 2444 est.
1481 2395 1625 2444 Unde
1666 2402 1830 2444 autem

436 2471 509 2528 fit,
534 2478 590 2518 ut
614 2480 835 2535 tempore
859 2473 1193 2536 apostolorum
1228 2473 1426 2521 morbos
1460 2472 1571 2520 illos
1609 2471 1830 2520 ecclesiae

436 2553 656 2609 pastores
699 2563 826 2610 saepe
862 2548 1156 2606 sanaverint,
1192 2548 1340 2596 hodie
1387 2555 1551 2596 autem
1593 2547 1830 2596 minime?

436 2622 597 2669 Etiam
637 2623 721 2686 qui
758 2624 829 2681 fit,
855 2631 910 2671 ut
946 2623 1092 2671 hodie
1127 2624 1212 2683 illi,
1250 2625 1333 2687 qui
1357 2639 1471 2671 vere
1506 2622 1674 2671 fideles
1698 2630 1830 2682 sunt,

435 2696 596 2745 facere
633 2714 732 2746 non
766 2699 956 2762 possint
997 2698 1129 2762 quod
1162 2699 1331 2747 fideles
1364 2699 1538 2747 fecisse
1584 2697 1830 2758 dicuntur,

441 2772 616 2832 (Marc.
643 2774 739 2821 xvi.
773 2776 845 2832 17,
878 2776 970 2836 18),
1001 2790 1192 2838 nempe,
1218 2774 1269 2822 in
1293 2774 1483 2822 nomine
1510 2772 1705 2822 Christi
1728 2774 1831 2822 doe-

438 2848 599 2895 monia
646 2849 832 2911 ejz'cere
850 2868 867 2897 .·
915 2849 1106 2914 linguis
1153 2850 1291 2915 loqui
1343 2850 1481 2898 novi-s·
1499 2867 1516 2897 :
1569 2856 1831 2913 serpentes
