<?xml version="1.0" encoding="UTF-8"?>
<!DOCTYPE html PUBLIC "-//W3C//DTD XHTML 1.0 Transitional//EN"
    "http://www.w3.org/TR/xhtml1/DTD/xhtml1-transitional.dtd">
<html xmlns="http://www.w3.org/1999/xhtml" xml:lang="en" lang="en">
 <head>
  <title>
</title>
<meta http-equiv="Content-Type" content="text/html;charset=utf-8" />
  <meta name='ocr-system' content='tesseract 3.04.00' />
  <meta name='ocr-capabilities' content='ocr_page ocr_carea ocr_par ocr_line ocrx_word'/>
</head>
<body>
  <div class='ocr_page' id='page_1' title='image "./operaphilosophic03hobbuoft_0244.png"; bbox 0 0 1968 3236; ppageno 0'>
   <div class='ocr_carea' id='block_1_1' title="bbox 420 250 1296 293">
    <p class='ocr_par' dir='ltr' id='par_1_1' title="bbox 420 250 1296 293">
     <span class='ocr_line' id='line_1_1' title="bbox 420 250 1296 293; baseline -0.005 0"><span class='ocrx_word' id='word_1_1' title='bbox 420 250 512 293; x_wconf 87' lang='lat'>244</span> <span class='ocrx_word' id='word_1_2' title='bbox 926 257 996 290; x_wconf 81' lang='lat' dir='ltr'>DE</span> <span class='ocrx_word' id='word_1_3' title='bbox 1025 256 1296 290; x_wconf 77' lang='grc' dir='ltr'><strong>οινῙΤΑΤΕ.</strong></span> 
     </span>
    </p>
   </div>
   <div class='ocr_carea' id='block_1_2' title="bbox 155 364 1810 2993">
    <p class='ocr_par' dir='ltr' id='par_1_2' title="bbox 155 364 1795 433">
     <span class='ocr_line' id='line_1_2' title="bbox 155 364 1795 433; baseline -0.004 -14"><span class='ocrx_word' id='word_1_4' title='bbox 155 392 255 424; x_wconf 66' lang='lat' dir='ltr'>eff.</span> <span class='ocrx_word' id='word_1_5' title='bbox 275 392 388 425; x_wconf 87' lang='lat' dir='ltr'><strong>xxx.</strong></span> <span class='ocrx_word' id='word_1_6' title='bbox 421 378 471 418; x_wconf 87' lang='lat' dir='ltr'>et</span> <span class='ocrx_word' id='word_1_7' title='bbox 510 370 824 433; x_wconf 85' lang='lat' dir='ltr'><strong>explicentur,</strong></span> <span class='ocrx_word' id='word_1_8' title='bbox 849 375 898 415; x_wconf 91' lang='lat' dir='ltr'>et</span> <span class='ocrx_word' id='word_1_9' title='bbox 929 368 1066 429; x_wconf 89' lang='lat' dir='ltr'>cujus</span> <span class='ocrx_word' id='word_1_10' title='bbox 1105 366 1403 414; x_wconf 83' lang='lat' dir='ltr'>authoritate</span> <span class='ocrx_word' id='word_1_11' title='bbox 1437 366 1550 414; x_wconf 90' lang='lat' dir='ltr'>latae</span> <span class='ocrx_word' id='word_1_12' title='bbox 1579 365 1678 414; x_wconf 89' lang='lat' dir='ltr'>sint</span> <span class='ocrx_word' id='word_1_13' title='bbox 1709 364 1795 412; x_wconf 93' lang='lat' dir='ltr'>do-</span> 
     </span>
    </p>

    <p class='ocr_par' dir='ltr' id='par_1_3' title="bbox 162 440 1795 515">
     <span class='ocr_line' id='line_1_3' title="bbox 162 440 1795 515; baseline -0.004 -20"><span class='ocrx_word' id='word_1_14' title='bbox 162 444 397 515; x_wconf 50' lang='lat' dir='ltr'>Dffim</span> <span class='ocrx_word' id='word_1_15' title='bbox 422 454 619 494; x_wconf 86' lang='lat' dir='ltr'>ceatur:</span> <span class='ocrx_word' id='word_1_16' title='bbox 656 445 865 492; x_wconf 90' lang='lat' dir='ltr'>officium</span> <span class='ocrx_word' id='word_1_17' title='bbox 889 442 1172 505; x_wconf 85' lang='lat' dir='ltr'>imperantis</span> <span class='ocrx_word' id='word_1_18' title='bbox 1197 442 1344 489; x_wconf 90' lang='lat' dir='ltr'>estin</span> <span class='ocrx_word' id='word_1_19' title='bbox 1375 442 1501 489; x_wconf 90' lang='lat' dir='ltr'>hanc</span> <span class='ocrx_word' id='word_1_20' title='bbox 1533 457 1637 489; x_wconf 92' lang='lat' dir='ltr'>rem</span> <span class='ocrx_word' id='word_1_21' title='bbox 1671 440 1795 498; x_wconf 89' lang='lat' dir='ltr'>loca,</span> 
     </span>
    </p>

    <p class='ocr_par' dir='ltr' id='par_1_4' title="bbox 160 516 1801 1412">
     <span class='ocr_line' id='line_1_4' title="bbox 160 516 1796 584; baseline -0.004 -14"><span class='ocrx_word' id='word_1_22' title='bbox 160 530 386 568; x_wconf 68' lang='lat' dir='ltr'>miimpermtis-</span> <span class='ocrx_word' id='word_1_23' title='bbox 423 530 656 584; x_wconf 82' lang='lat' dir='ltr'>tempora,</span> <span class='ocrx_word' id='word_1_24' title='bbox 689 529 737 566; x_wconf 91' lang='lat' dir='ltr'>et</span> <span class='ocrx_word' id='word_1_25' title='bbox 771 519 991 566; x_wconf 91' lang='lat' dir='ltr'>doctores</span> <span class='ocrx_word' id='word_1_26' title='bbox 1026 517 1336 564; x_wconf 89' lang='lat' dir='ltr'>constituere.</span> <span class='ocrx_word' id='word_1_27' title='bbox 1404 517 1551 581; x_wconf 89' lang='lat' dir='ltr'><strong>Apud</strong></span> <span class='ocrx_word' id='word_1_28' title='bbox 1583 516 1796 573; x_wconf 86' lang='lat' dir='ltr'>Judaeos‚</span> 
     </span>
     <span class='ocr_line' id='line_1_5' title="bbox 422 591 1796 660; baseline -0.005 -15"><span class='ocrx_word' id='word_1_29' title='bbox 422 597 623 660; x_wconf 90' lang='lat' dir='ltr'>septimo</span> <span class='ocrx_word' id='word_1_30' title='bbox 649 610 839 658; x_wconf 93' lang='lat' dir='ltr'>quoque</span> <span class='ocrx_word' id='word_1_31' title='bbox 863 593 956 650; x_wconf 87' lang='lat' dir='ltr'>die,</span> <span class='ocrx_word' id='word_1_32' title='bbox 973 592 1104 655; x_wconf 93' lang='lat' dir='ltr'>quod</span> <span class='ocrx_word' id='word_1_33' title='bbox 1129 592 1396 639; x_wconf 85' lang='lat' dir='ltr'>Sabbatum</span> <span class='ocrx_word' id='word_1_34' title='bbox 1418 592 1698 650; x_wconf 88' lang='lat' dir='ltr'>vocabatur,</span> <span class='ocrx_word' id='word_1_35' title='bbox 1717 591 1796 638; x_wconf 89' lang='lat' dir='ltr'>lex</span> 
     </span>
     <span class='ocr_line' id='line_1_6' title="bbox 422 666 1796 731; baseline -0.005 -11"><span class='ocrx_word' id='word_1_36' title='bbox 422 688 588 720; x_wconf 89' lang='lat' dir='ltr'>eorum</span> <span class='ocrx_word' id='word_1_37' title='bbox 612 670 762 718; x_wconf 91' lang='lat' dir='ltr'>civilis</span> <span class='ocrx_word' id='word_1_38' title='bbox 797 669 1049 731; x_wconf 88' lang='lat' dir='ltr'>legebatur</span> <span class='ocrx_word' id='word_1_39' title='bbox 1072 667 1123 714; x_wconf 91' lang='lat' dir='ltr'>in</span> <span class='ocrx_word' id='word_1_40' title='bbox 1146 667 1344 730; x_wconf 89' lang='lat' dir='ltr'>templo,</span> <span class='ocrx_word' id='word_1_41' title='bbox 1364 667 1441 715; x_wconf 89' lang='lat' dir='ltr'>vel</span> <span class='ocrx_word' id='word_1_42' title='bbox 1466 667 1516 714; x_wconf 92' lang='lat' dir='ltr'>in</span> <span class='ocrx_word' id='word_1_43' title='bbox 1536 666 1796 731; x_wconf 84' lang='lat' dir='ltr'>synagogis</span> 
     </span>
     <span class='ocr_line' id='line_1_7' title="bbox 422 742 1800 810; baseline -0.004 -15"><span class='ocrx_word' id='word_1_44' title='bbox 422 746 751 810; x_wconf 85' lang='lat' dir='ltr'>explicabatur</span> <span class='ocrx_word' id='word_1_45' title='bbox 771 763 781 790; x_wconf 92' lang='lat'>:</span> <span class='ocrx_word' id='word_1_46' title='bbox 819 759 913 806; x_wconf 94' lang='lat' dir='ltr'>quo</span> <span class='ocrx_word' id='word_1_47' title='bbox 933 743 1010 789; x_wconf 88' lang='lat' dir='ltr'>die</span> <span class='ocrx_word' id='word_1_48' title='bbox 1035 758 1064 789; x_wconf 90' lang='lat' dir='ltr'>a</span> <span class='ocrx_word' id='word_1_49' title='bbox 1086 742 1332 789; x_wconf 88' lang='lat' dir='ltr'>laboribus</span> <span class='ocrx_word' id='word_1_50' title='bbox 1357 743 1454 789; x_wconf 90' lang='lat' dir='ltr'>suis</span> <span class='ocrx_word' id='word_1_51' title='bbox 1478 743 1702 789; x_wconf 88' lang='lat' dir='ltr'>omnibus</span> <span class='ocrx_word' id='word_1_52' title='bbox 1724 757 1800 789; x_wconf 90' lang='lat' dir='ltr'>re-</span> 
     </span>
     <span class='ocr_line' id='line_1_8' title="bbox 422 817 1797 884; baseline -0.004 -15"><span class='ocrx_word' id='word_1_53' title='bbox 422 822 733 884; x_wconf 89' lang='lat' dir='ltr'>quieverunt:</span> <span class='ocrx_word' id='word_1_54' title='bbox 770 835 855 866; x_wconf 88' lang='lat' dir='ltr'>rex</span> <span class='ocrx_word' id='word_1_55' title='bbox 873 818 931 866; x_wconf 90' lang='lat' dir='ltr'>iis</span> <span class='ocrx_word' id='word_1_56' title='bbox 956 818 1062 881; x_wconf 92' lang='lat' dir='ltr'>quis</span> <span class='ocrx_word' id='word_1_57' title='bbox 1081 826 1222 875; x_wconf 78' lang='lat' dir='ltr'>esset,</span> <span class='ocrx_word' id='word_1_58' title='bbox 1241 817 1602 876; x_wconf 83' lang='lat' dir='ltr'>ostendebatur,</span> <span class='ocrx_word' id='word_1_59' title='bbox 1621 832 1797 880; x_wconf 91' lang='lat' dir='ltr'>nempe</span> 
     </span>
     <span class='ocr_line' id='line_1_9' title="bbox 422 892 1799 956; baseline -0.003 -11"><span class='ocrx_word' id='word_1_60' title='bbox 422 898 581 945; x_wconf 89' lang='lat' dir='ltr'>Deus:</span> <span class='ocrx_word' id='word_1_61' title='bbox 619 897 774 943; x_wconf 90' lang='lat' dir='ltr'>Deum</span> <span class='ocrx_word' id='word_1_62' title='bbox 810 894 1160 942; x_wconf 89' lang='lat' dir='ltr'>adoraverunt:</span> <span class='ocrx_word' id='word_1_63' title='bbox 1198 892 1356 940; x_wconf 90' lang='lat' dir='ltr'>eidem</span> <span class='ocrx_word' id='word_1_64' title='bbox 1389 893 1572 956; x_wconf 88' lang='lat' dir='ltr'>gratias</span> <span class='ocrx_word' id='word_1_65' title='bbox 1603 909 1692 956; x_wconf 90' lang='lat' dir='ltr'>pro</span> <span class='ocrx_word' id='word_1_66' title='bbox 1725 909 1799 941; x_wconf 90' lang='lat' dir='ltr'>re-</span> 
     </span>
     <span class='ocr_line' id='line_1_10' title="bbox 423 968 1799 1036; baseline -0.004 -16"><span class='ocrx_word' id='word_1_67' title='bbox 423 972 698 1036; x_wconf 89' lang='lat' dir='ltr'>demptione</span> <span class='ocrx_word' id='word_1_68' title='bbox 744 986 911 1018; x_wconf 89' lang='lat' dir='ltr'>eorum</span> <span class='ocrx_word' id='word_1_69' title='bbox 944 986 974 1017; x_wconf 93' lang='lat' dir='ltr'>a</span> <span class='ocrx_word' id='word_1_70' title='bbox 1007 969 1238 1016; x_wconf 88' lang='lat' dir='ltr'>servitute</span> <span class='ocrx_word' id='word_1_71' title='bbox 1273 969 1564 1032; x_wconf 89' lang='lat' dir='ltr'>AEgyptiaca</span> <span class='ocrx_word' id='word_1_72' title='bbox 1598 968 1799 1031; x_wconf 88' lang='lat' dir='ltr'>aliisque</span> 
     </span>
     <span class='ocr_line' id='line_1_11' title="bbox 422 1043 1799 1112; baseline -0.005 -15"><span class='ocrx_word' id='word_1_73' title='bbox 422 1051 524 1112; x_wconf 90' lang='lat' dir='ltr'>ejus</span> <span class='ocrx_word' id='word_1_74' title='bbox 559 1046 804 1095; x_wconf 88' lang='lat' dir='ltr'>beneficiis</span> <span class='ocrx_word' id='word_1_75' title='bbox 844 1044 1190 1092; x_wconf 90' lang='lat' dir='ltr'>reddiderunt:</span> <span class='ocrx_word' id='word_1_76' title='bbox 1228 1051 1278 1091; x_wconf 91' lang='lat' dir='ltr'>et</span> <span class='ocrx_word' id='word_1_77' title='bbox 1306 1044 1504 1092; x_wconf 89' lang='lat' dir='ltr'>tandem</span> <span class='ocrx_word' id='word_1_78' title='bbox 1535 1043 1666 1106; x_wconf 92' lang='lat' dir='ltr'>quod</span> <span class='ocrx_word' id='word_1_79' title='bbox 1703 1043 1799 1091; x_wconf 91' lang='lat' dir='ltr'>diei</span> 
     </span>
     <span class='ocr_line' id='line_1_12' title="bbox 421 1120 1798 1186; baseline -0.004 -15"><span class='ocrx_word' id='word_1_80' title='bbox 421 1124 660 1186; x_wconf 89' lang='lat' dir='ltr'>reliquum</span> <span class='ocrx_word' id='word_1_81' title='bbox 694 1129 812 1180; x_wconf 89' lang='lat' dir='ltr'>erat,</span> <span class='ocrx_word' id='word_1_82' title='bbox 836 1120 1026 1183; x_wconf 90' lang='lat' dir='ltr'>gaudiis</span> <span class='ocrx_word' id='word_1_83' title='bbox 1060 1136 1161 1168; x_wconf 89' lang='lat' dir='ltr'>non</span> <span class='ocrx_word' id='word_1_84' title='bbox 1196 1120 1453 1183; x_wconf 88' lang='lat' dir='ltr'>prohibitis</span> <span class='ocrx_word' id='word_1_85' title='bbox 1488 1135 1798 1182; x_wconf 90' lang='lat' dir='ltr'>consumpse-</span> 
     </span>
     <span class='ocr_line' id='line_1_13' title="bbox 420 1194 1800 1260; baseline -0.004 -14"><span class='ocrx_word' id='word_1_86' title='bbox 420 1207 550 1246; x_wconf 90' lang='lat' dir='ltr'>runt.</span> <span class='ocrx_word' id='word_1_87' title='bbox 620 1199 790 1260; x_wconf 90' lang='lat' dir='ltr'>Itaque</span> <span class='ocrx_word' id='word_1_88' title='bbox 826 1196 1079 1259; x_wconf 90' lang='lat' dir='ltr'>potestatis</span> <span class='ocrx_word' id='word_1_89' title='bbox 1115 1195 1205 1243; x_wconf 91' lang='lat' dir='ltr'>Dei</span> <span class='ocrx_word' id='word_1_90' title='bbox 1240 1195 1491 1253; x_wconf 88' lang='lat' dir='ltr'>absolutae,</span> <span class='ocrx_word' id='word_1_91' title='bbox 1523 1210 1622 1242; x_wconf 89' lang='lat' dir='ltr'>non</span> <span class='ocrx_word' id='word_1_92' title='bbox 1653 1194 1800 1242; x_wconf 92' lang='lat' dir='ltr'>modo</span> 
     </span>
     <span class='ocr_line' id='line_1_14' title="bbox 421 1269 1801 1334; baseline -0.004 -12"><span class='ocrx_word' id='word_1_93' title='bbox 421 1282 477 1322; x_wconf 93' lang='lat' dir='ltr'>ut</span> <span class='ocrx_word' id='word_1_94' title='bbox 499 1274 605 1332; x_wconf 88' lang='lat' dir='ltr'>Dei,</span> <span class='ocrx_word' id='word_1_95' title='bbox 631 1273 715 1321; x_wconf 90' lang='lat' dir='ltr'>sed</span> <span class='ocrx_word' id='word_1_96' title='bbox 747 1272 893 1320; x_wconf 88' lang='lat' dir='ltr'>etiam</span> <span class='ocrx_word' id='word_1_97' title='bbox 927 1279 982 1319; x_wconf 92' lang='lat' dir='ltr'>ut</span> <span class='ocrx_word' id='word_1_98' title='bbox 1005 1279 1150 1334; x_wconf 89' lang='lat' dir='ltr'>pacto</span> <span class='ocrx_word' id='word_1_99' title='bbox 1172 1270 1452 1318; x_wconf 83' lang='lat' dir='ltr'>Judaeorum</span> <span class='ocrx_word' id='word_1_100' title='bbox 1480 1269 1625 1333; x_wconf 89' lang='lat' dir='ltr'>regis,</span> <span class='ocrx_word' id='word_1_101' title='bbox 1645 1270 1726 1333; x_wconf 90' lang='lat' dir='ltr'>jus</span> <span class='ocrx_word' id='word_1_102' title='bbox 1749 1269 1801 1317; x_wconf 89' lang='lat' dir='ltr'>in</span> 
     </span>
     <span class='ocr_line' id='line_1_15' title="bbox 423 1347 1321 1412; baseline -0.006 -14"><span class='ocrx_word' id='word_1_103' title='bbox 423 1350 638 1412; x_wconf 84' lang='lat' dir='ltr'>decalogi</span> <span class='ocrx_word' id='word_1_104' title='bbox 662 1348 827 1396; x_wconf 88' lang='lat' dir='ltr'>tabula</span> <span class='ocrx_word' id='word_1_105' title='bbox 849 1347 1006 1411; x_wconf 87' lang='lat' dir='ltr'>prima</span> <span class='ocrx_word' id='word_1_106' title='bbox 1028 1347 1321 1394; x_wconf 86' lang='lat' dir='ltr'>continetur.</span> 
     </span>
    </p>

    <p class='ocr_par' dir='ltr' id='par_1_5' title="bbox 423 1419 1807 2315">
     <span class='ocr_line' id='line_1_16' title="bbox 488 1419 1802 1488; baseline -0.004 -15"><span class='ocrx_word' id='word_1_107' title='bbox 488 1427 552 1474; x_wconf 90' lang='lat' dir='ltr'>Et</span> <span class='ocrx_word' id='word_1_108' title='bbox 575 1425 801 1488; x_wconf 90' lang='lat' dir='ltr'>quoniam</span> <span class='ocrx_word' id='word_1_109' title='bbox 824 1439 1084 1487; x_wconf 90' lang='lat' dir='ltr'>puerorum</span> <span class='ocrx_word' id='word_1_110' title='bbox 1114 1422 1356 1470; x_wconf 90' lang='lat' dir='ltr'>institutio</span> <span class='ocrx_word' id='word_1_111' title='bbox 1378 1422 1536 1485; x_wconf 90' lang='lat' dir='ltr'>prima</span> <span class='ocrx_word' id='word_1_112' title='bbox 1559 1419 1802 1484; x_wconf 87' lang='lat' dir='ltr'>dependet</span> 
     </span>
     <span class='ocr_line' id='line_1_17' title="bbox 423 1496 1802 1563; baseline -0.004 -15"><span class='ocrx_word' id='word_1_113' title='bbox 423 1517 453 1548; x_wconf 91' lang='lat' dir='ltr'>a</span> <span class='ocrx_word' id='word_1_114' title='bbox 475 1517 591 1549; x_wconf 88' lang='lat' dir='ltr'>cura</span> <span class='ocrx_word' id='word_1_115' title='bbox 611 1506 867 1563; x_wconf 90' lang='lat' dir='ltr'>parentum</span> <span class='ocrx_word' id='word_1_116' title='bbox 899 1515 1095 1546; x_wconf 90' lang='lat' dir='ltr'>suorum</span> <span class='ocrx_word' id='word_1_117' title='bbox 1118 1498 1331 1546; x_wconf 88' lang='lat' dir='ltr'>solorum</span> <span class='ocrx_word' id='word_1_118' title='bbox 1352 1516 1363 1544; x_wconf 73' lang='grc' dir='ltr'>ε</span> <span class='ocrx_word' id='word_1_119' title='bbox 1401 1496 1565 1545; x_wconf 88' lang='lat' dir='ltr'>doceri</span> <span class='ocrx_word' id='word_1_120' title='bbox 1587 1496 1693 1544; x_wconf 89' lang='lat' dir='ltr'>illos</span> <span class='ocrx_word' id='word_1_121' title='bbox 1715 1511 1802 1543; x_wconf 88' lang='lat' dir='ltr'>vo-</span> 
     </span>
     <span class='ocr_line' id='line_1_18' title="bbox 423 1572 1802 1639; baseline -0.003 -16"><span class='ocrx_word' id='word_1_122' title='bbox 423 1577 529 1634; x_wconf 89' lang='lat' dir='ltr'>luit,</span> <span class='ocrx_word' id='word_1_123' title='bbox 555 1576 724 1639; x_wconf 90' lang='lat' dir='ltr'>quinto</span> <span class='ocrx_word' id='word_1_124' title='bbox 747 1575 869 1631; x_wconf 86' lang='lat' dir='ltr'>loco,</span> <span class='ocrx_word' id='word_1_125' title='bbox 893 1575 1038 1632; x_wconf 83' lang='lat' dir='ltr'>DeuS,</span> <span class='ocrx_word' id='word_1_126' title='bbox 1062 1581 1118 1622; x_wconf 91' lang='lat' dir='ltr'>ut</span> <span class='ocrx_word' id='word_1_127' title='bbox 1153 1573 1435 1637; x_wconf 87' lang='lat' dir='ltr'>parentibus</span> <span class='ocrx_word' id='word_1_128' title='bbox 1457 1589 1546 1636; x_wconf 91' lang='lat' dir='ltr'>pro</span> <span class='ocrx_word' id='word_1_129' title='bbox 1570 1572 1652 1620; x_wconf 93' lang='lat' dir='ltr'>illo</span> <span class='ocrx_word' id='word_1_130' title='bbox 1680 1580 1802 1619; x_wconf 89' lang='lat' dir='ltr'>tem-</span> 
     </span>
     <span class='ocr_line' id='line_1_19' title="bbox 424 1647 1803 1714; baseline -0.003 -16"><span class='ocrx_word' id='word_1_131' title='bbox 424 1667 542 1714; x_wconf 89' lang='lat' dir='ltr'>pore</span> <span class='ocrx_word' id='word_1_132' title='bbox 578 1651 844 1708; x_wconf 82' lang='lat' dir='ltr'>obedirent,</span> <span class='ocrx_word' id='word_1_133' title='bbox 870 1658 919 1697; x_wconf 88' lang='lat' dir='ltr'>et</span> <span class='ocrx_word' id='word_1_134' title='bbox 956 1650 1006 1696; x_wconf 89' lang='lat' dir='ltr'>in</span> <span class='ocrx_word' id='word_1_135' title='bbox 1037 1657 1327 1713; x_wconf 89' lang='lat' dir='ltr'>perpetuum</span> <span class='ocrx_word' id='word_1_136' title='bbox 1361 1650 1674 1697; x_wconf 88' lang='lat' dir='ltr'>honorarent.</span> <span class='ocrx_word' id='word_1_137' title='bbox 1744 1647 1803 1694; x_wconf 93' lang='lat' dir='ltr'>In</span> 
     </span>
     <span class='ocr_line' id='line_1_20' title="bbox 424 1721 1802 1789; baseline -0.002 -17"><span class='ocrx_word' id='word_1_138' title='bbox 424 1725 660 1789; x_wconf 89' lang='lat' dir='ltr'>principio</span> <span class='ocrx_word' id='word_1_139' title='bbox 685 1725 813 1772; x_wconf 89' lang='lat' dir='ltr'>enim</span> <span class='ocrx_word' id='word_1_140' title='bbox 849 1723 977 1787; x_wconf 90' lang='lat' dir='ltr'>apud</span> <span class='ocrx_word' id='word_1_141' title='bbox 1014 1740 1180 1771; x_wconf 88' lang='lat' dir='ltr'>omnes</span> <span class='ocrx_word' id='word_1_142' title='bbox 1217 1732 1389 1787; x_wconf 85' lang='lat' dir='ltr'>gentes</span> <span class='ocrx_word' id='word_1_143' title='bbox 1422 1731 1561 1787; x_wconf 89' lang='lat' dir='ltr'>pater</span> <span class='ocrx_word' id='word_1_144' title='bbox 1589 1723 1640 1770; x_wconf 92' lang='lat' dir='ltr'>in</span> <span class='ocrx_word' id='word_1_145' title='bbox 1676 1721 1802 1769; x_wconf 91' lang='lat' dir='ltr'>filios</span> 
     </span>
     <span class='ocr_line' id='line_1_21' title="bbox 426 1798 1802 1863; baseline -0.003 -15"><span class='ocrx_word' id='word_1_146' title='bbox 426 1817 661 1849; x_wconf 91' lang='lat' dir='ltr'>summam</span> <span class='ocrx_word' id='word_1_147' title='bbox 695 1800 864 1848; x_wconf 86' lang='lat' dir='ltr'>habuit</span> <span class='ocrx_word' id='word_1_148' title='bbox 893 1808 1198 1863; x_wconf 86' lang='lat' dir='ltr'>potestatem,</span> <span class='ocrx_word' id='word_1_149' title='bbox 1222 1800 1433 1863; x_wconf 89' lang='lat' dir='ltr'>vitaeque</span> <span class='ocrx_word' id='word_1_150' title='bbox 1463 1798 1692 1861; x_wconf 88' lang='lat' dir='ltr'>necisque</span> <span class='ocrx_word' id='word_1_151' title='bbox 1722 1813 1802 1845; x_wconf 89' lang='lat' dir='ltr'>ar-</span> 
     </span>
     <span class='ocr_line' id='line_1_22' title="bbox 425 1873 1803 1938; baseline -0.003 -14"><span class='ocrx_word' id='word_1_152' title='bbox 425 1876 638 1924; x_wconf 90' lang='lat' dir='ltr'>bitrium.</span> <span class='ocrx_word' id='word_1_153' title='bbox 708 1877 892 1938; x_wconf 88' lang='lat' dir='ltr'>Itaque,</span> <span class='ocrx_word' id='word_1_154' title='bbox 930 1876 1020 1923; x_wconf 90' lang='lat' dir='ltr'>etsi</span> <span class='ocrx_word' id='word_1_155' title='bbox 1057 1877 1107 1923; x_wconf 90' lang='lat' dir='ltr'>in</span> <span class='ocrx_word' id='word_1_156' title='bbox 1143 1875 1491 1923; x_wconf 86' lang='lat' dir='ltr'>constituendis</span> <span class='ocrx_word' id='word_1_157' title='bbox 1525 1873 1803 1922; x_wconf 87' lang='lat' dir='ltr'>civitatibus</span> 
     </span>
     <span class='ocr_line' id='line_1_23' title="bbox 425 1948 1805 2014; baseline -0.001 -16"><span class='ocrx_word' id='word_1_158' title='bbox 425 1951 653 2014; x_wconf 86' lang='lat' dir='ltr'>potestati</span> <span class='ocrx_word' id='word_1_159' title='bbox 676 1951 761 1998; x_wconf 91' lang='lat' dir='ltr'>tali</span> <span class='ocrx_word' id='word_1_160' title='bbox 784 1951 1050 2002; x_wconf 84' lang='lat' dir='ltr'>necessario</span> <span class='ocrx_word' id='word_1_161' title='bbox 1074 1958 1236 2014; x_wconf 88' lang='lat' dir='ltr'>patres</span> <span class='ocrx_word' id='word_1_162' title='bbox 1259 1949 1645 1998; x_wconf 89' lang='lat' dir='ltr'>renuntiaverint</span> <span class='ocrx_word' id='word_1_163' title='bbox 1665 1969 1677 2004; x_wconf 93' lang='lat'><strong>;</strong></span> <span class='ocrx_word' id='word_1_164' title='bbox 1714 1948 1805 1996; x_wconf 92' lang='lat' dir='ltr'>ho-</span> 
     </span>
     <span class='ocr_line' id='line_1_24' title="bbox 426 2023 1806 2088; baseline -0.002 -15"><span class='ocrx_word' id='word_1_165' title='bbox 426 2042 597 2074; x_wconf 89' lang='lat' dir='ltr'>norem</span> <span class='ocrx_word' id='word_1_166' title='bbox 621 2034 782 2073; x_wconf 89' lang='lat' dir='ltr'>tamen</span> <span class='ocrx_word' id='word_1_167' title='bbox 813 2033 1010 2088; x_wconf 91' lang='lat' dir='ltr'>propter</span> <span class='ocrx_word' id='word_1_168' title='bbox 1033 2026 1263 2074; x_wconf 86' lang='lat' dir='ltr'>alimenta</span> <span class='ocrx_word' id='word_1_169' title='bbox 1286 2034 1336 2074; x_wconf 92' lang='lat' dir='ltr'>et</span> <span class='ocrx_word' id='word_1_170' title='bbox 1361 2025 1699 2073; x_wconf 87' lang='lat' dir='ltr'>educationem</span> <span class='ocrx_word' id='word_1_171' title='bbox 1721 2023 1806 2071; x_wconf 90' lang='lat' dir='ltr'>de-</span> 
     </span>
     <span class='ocr_line' id='line_1_25' title="bbox 426 2099 1807 2163; baseline -0.001 -15"><span class='ocrx_word' id='word_1_172' title='bbox 426 2100 582 2148; x_wconf 89' lang='lat' dir='ltr'>bitum</span> <span class='ocrx_word' id='word_1_173' title='bbox 602 2100 933 2163; x_wconf 87' lang='lat' dir='ltr'>derelinquere</span> <span class='ocrx_word' id='word_1_174' title='bbox 952 2102 1277 2149; x_wconf 87' lang='lat' dir='ltr'>necessarium</span> <span class='ocrx_word' id='word_1_175' title='bbox 1295 2117 1393 2149; x_wconf 91' lang='lat' dir='ltr'>non</span> <span class='ocrx_word' id='word_1_176' title='bbox 1412 2108 1532 2148; x_wconf 88' lang='lat' dir='ltr'>erat.</span> <span class='ocrx_word' id='word_1_177' title='bbox 1582 2099 1807 2147; x_wconf 89' lang='lat' dir='ltr'>Officium</span> 
     </span>
     <span class='ocr_line' id='line_1_26' title="bbox 427 2174 1807 2239; baseline 0 -16"><span class='ocrx_word' id='word_1_178' title='bbox 427 2192 544 2239; x_wconf 91' lang='lat' dir='ltr'>ergo</span> <span class='ocrx_word' id='word_1_179' title='bbox 580 2176 859 2238; x_wconf 89' lang='lat' dir='ltr'>imperantis</span> <span class='ocrx_word' id='word_1_180' title='bbox 901 2182 989 2233; x_wconf 88' lang='lat' dir='ltr'>est,</span> <span class='ocrx_word' id='word_1_181' title='bbox 1029 2184 1083 2223; x_wconf 92' lang='lat' dir='ltr'>ut</span> <span class='ocrx_word' id='word_1_182' title='bbox 1123 2175 1407 2224; x_wconf 90' lang='lat' dir='ltr'>mandatum</span> <span class='ocrx_word' id='word_1_183' title='bbox 1447 2176 1542 2224; x_wconf 90' lang='lat' dir='ltr'>hoc</span> <span class='ocrx_word' id='word_1_184' title='bbox 1587 2174 1807 2238; x_wconf 86' lang='lat' dir='ltr'>decalogi</span> 
     </span>
     <span class='ocr_line' id='line_1_27' title="bbox 428 2250 904 2315; baseline -0.004 -16"><span class='ocrx_word' id='word_1_185' title='bbox 428 2251 651 2315; x_wconf 90' lang='lat' dir='ltr'>quintum</span> <span class='ocrx_word' id='word_1_186' title='bbox 675 2250 904 2297; x_wconf 86' lang='lat' dir='ltr'>imitetur.</span> 
     </span>
    </p>

    <p class='ocr_par' dir='ltr' id='par_1_6' title="bbox 427 2325 1810 2993">
     <span class='ocr_line' id='line_1_28' title="bbox 494 2325 1805 2390; baseline 0 -16"><span class='ocrx_word' id='word_1_187' title='bbox 494 2327 658 2385; x_wconf 88' lang='lat' dir='ltr'>Porro,</span> <span class='ocrx_word' id='word_1_188' title='bbox 683 2326 894 2373; x_wconf 90' lang='lat' dir='ltr'>officium</span> <span class='ocrx_word' id='word_1_189' title='bbox 918 2325 1197 2388; x_wconf 87' lang='lat' dir='ltr'>imperantis</span> <span class='ocrx_word' id='word_1_190' title='bbox 1221 2335 1295 2375; x_wconf 89' lang='lat' dir='ltr'>est</span> <span class='ocrx_word' id='word_1_191' title='bbox 1328 2334 1382 2375; x_wconf 89' lang='lat' dir='ltr'>ut</span> <span class='ocrx_word' id='word_1_192' title='bbox 1407 2327 1535 2375; x_wconf 87' lang='lat' dir='ltr'>cives</span> <span class='ocrx_word' id='word_1_193' title='bbox 1564 2326 1805 2390; x_wconf 84' lang='lat' dir='ltr'>justitiam</span> 
     </span>
     <span class='ocr_line' id='line_1_29' title="bbox 429 2400 1806 2466; baseline 0.001 -17"><span class='ocrx_word' id='word_1_194' title='bbox 429 2401 723 2449; x_wconf 86' lang='lat' dir='ltr'>doceantur:</span> <span class='ocrx_word' id='word_1_195' title='bbox 760 2400 810 2447; x_wconf 93' lang='lat' dir='ltr'>id</span> <span class='ocrx_word' id='word_1_196' title='bbox 846 2408 934 2458; x_wconf 88' lang='lat' dir='ltr'>est,</span> <span class='ocrx_word' id='word_1_197' title='bbox 971 2409 1026 2448; x_wconf 89' lang='lat' dir='ltr'>ut</span> <span class='ocrx_word' id='word_1_198' title='bbox 1060 2403 1232 2464; x_wconf 87' lang='lat' dir='ltr'>primo,</span> <span class='ocrx_word' id='word_1_199' title='bbox 1258 2419 1318 2450; x_wconf 93' lang='lat' dir='ltr'>ne</span> <span class='ocrx_word' id='word_1_200' title='bbox 1354 2403 1460 2466; x_wconf 91' lang='lat' dir='ltr'>quis</span> <span class='ocrx_word' id='word_1_201' title='bbox 1493 2403 1611 2451; x_wconf 85' lang='lat' dir='ltr'>civis</span> <span class='ocrx_word' id='word_1_202' title='bbox 1648 2402 1806 2450; x_wconf 88' lang='lat' dir='ltr'>civem</span> 
     </span>
     <span class='ocr_line' id='line_1_30' title="bbox 428 2475 1807 2539; baseline 0.001 -15"><span class='ocrx_word' id='word_1_203' title='bbox 428 2476 576 2524; x_wconf 85' lang='lat' dir='ltr'>alium</span> <span class='ocrx_word' id='word_1_204' title='bbox 616 2475 807 2524; x_wconf 88' lang='lat' dir='ltr'>occidat</span> <span class='ocrx_word' id='word_1_205' title='bbox 846 2483 931 2522; x_wconf 88' lang='lat' dir='ltr'>aut</span> <span class='ocrx_word' id='word_1_206' title='bbox 965 2478 1156 2539; x_wconf 90' lang='lat' dir='ltr'>corpori</span> <span class='ocrx_word' id='word_1_207' title='bbox 1202 2479 1431 2526; x_wconf 90' lang='lat' dir='ltr'>damnum</span> <span class='ocrx_word' id='word_1_208' title='bbox 1471 2478 1665 2537; x_wconf 87' lang='lat' dir='ltr'>inferat,</span> <span class='ocrx_word' id='word_1_209' title='bbox 1702 2477 1807 2525; x_wconf 84' lang='lat' dir='ltr'>sine</span> 
     </span>
     <span class='ocr_line' id='line_1_31' title="bbox 429 2550 1806 2614; baseline 0.001 -15"><span class='ocrx_word' id='word_1_210' title='bbox 429 2552 724 2599; x_wconf 87' lang='lat' dir='ltr'>authoritate</span> <span class='ocrx_word' id='word_1_211' title='bbox 757 2550 977 2614; x_wconf 86' lang='lat' dir='ltr'>publica:</span> <span class='ocrx_word' id='word_1_212' title='bbox 1015 2552 1144 2614; x_wconf 92' lang='lat' dir='ltr'>quod</span> <span class='ocrx_word' id='word_1_213' title='bbox 1177 2563 1250 2601; x_wconf 87' lang='lat' dir='ltr'>est</span> <span class='ocrx_word' id='word_1_214' title='bbox 1285 2554 1564 2603; x_wconf 89' lang='lat' dir='ltr'>mandatum</span> <span class='ocrx_word' id='word_1_215' title='bbox 1600 2560 1806 2602; x_wconf 85' lang='lat' dir='ltr'>sextum.</span> 
     </span>
     <span class='ocr_line' id='line_1_32' title="bbox 428 2626 1809 2693; baseline 0.003 -20"><span class='ocrx_word' id='word_1_216' title='bbox 428 2627 650 2675; x_wconf 88' lang='lat' dir='ltr'>Violatur</span> <span class='ocrx_word' id='word_1_217' title='bbox 685 2632 848 2674; x_wconf 88' lang='lat' dir='ltr'>autem</span> <span class='ocrx_word' id='word_1_218' title='bbox 887 2641 986 2673; x_wconf 91' lang='lat' dir='ltr'>non</span> <span class='ocrx_word' id='word_1_219' title='bbox 1019 2626 1162 2674; x_wconf 92' lang='lat' dir='ltr'>modo</span> <span class='ocrx_word' id='word_1_220' title='bbox 1191 2629 1251 2675; x_wconf 86' lang='lat' dir='ltr'>ab</span> <span class='ocrx_word' id='word_1_221' title='bbox 1287 2629 1359 2688; x_wconf 89' lang='lat' dir='ltr'>iis,</span> <span class='ocrx_word' id='word_1_222' title='bbox 1386 2630 1468 2693; x_wconf 84' lang='lat' dir='ltr'>qui</span> <span class='ocrx_word' id='word_1_223' title='bbox 1493 2629 1604 2677; x_wconf 93' lang='lat' dir='ltr'>dolo</span> <span class='ocrx_word' id='word_1_224' title='bbox 1629 2636 1728 2688; x_wconf 86' lang='lat' dir='ltr'>aut,</span> <span class='ocrx_word' id='word_1_225' title='bbox 1750 2634 1809 2676; x_wconf 88' lang='lat' dir='ltr'>ut</span> 
     </span>
     <span class='ocr_line' id='line_1_33' title="bbox 429 2701 1809 2768; baseline 0.001 -18"><span class='ocrx_word' id='word_1_226' title='bbox 429 2702 580 2761; x_wconf 87' lang='lat' dir='ltr'>aiunt,</span> <span class='ocrx_word' id='word_1_227' title='bbox 598 2701 805 2765; x_wconf 88' lang='lat' dir='ltr'>turpiter</span> <span class='ocrx_word' id='word_1_228' title='bbox 828 2701 1141 2759; x_wconf 86' lang='lat' dir='ltr'>interficiunt,</span> <span class='ocrx_word' id='word_1_229' title='bbox 1158 2703 1243 2751; x_wconf 89' lang='lat' dir='ltr'>sed</span> <span class='ocrx_word' id='word_1_230' title='bbox 1266 2705 1412 2752; x_wconf 89' lang='lat' dir='ltr'>etiam</span> <span class='ocrx_word' id='word_1_231' title='bbox 1435 2705 1496 2752; x_wconf 89' lang='lat' dir='ltr'>ab</span> <span class='ocrx_word' id='word_1_232' title='bbox 1521 2704 1594 2763; x_wconf 91' lang='lat' dir='ltr'>iis,</span> <span class='ocrx_word' id='word_1_233' title='bbox 1610 2705 1694 2768; x_wconf 92' lang='lat' dir='ltr'>qui</span> <span class='ocrx_word' id='word_1_234' title='bbox 1715 2703 1809 2751; x_wconf 90' lang='lat' dir='ltr'>hoc</span> 
     </span>
     <span class='ocr_line' id='line_1_34' title="bbox 427 2776 1807 2828; baseline 0 -3"><span class='ocrx_word' id='word_1_235' title='bbox 427 2777 588 2825; x_wconf 82' lang='lat' dir='ltr'>facere</span> <span class='ocrx_word' id='word_1_236' title='bbox 613 2793 664 2825; x_wconf 90' lang='lat' dir='ltr'>se</span> <span class='ocrx_word' id='word_1_237' title='bbox 687 2776 958 2824; x_wconf 89' lang='lat' dir='ltr'>necessario</span> <span class='ocrx_word' id='word_1_238' title='bbox 976 2777 1146 2824; x_wconf 89' lang='lat' dir='ltr'>tuendi</span> <span class='ocrx_word' id='word_1_239' title='bbox 1164 2778 1360 2827; x_wconf 89' lang='lat' dir='ltr'>honoris</span> <span class='ocrx_word' id='word_1_240' title='bbox 1380 2795 1524 2828; x_wconf 86' lang='lat' dir='ltr'>causa</span> <span class='ocrx_word' id='word_1_241' title='bbox 1550 2778 1807 2827; x_wconf 82' lang='lat' dir='ltr'>dictitant:</span> 
     </span>
     <span class='ocr_line' id='line_1_35' title="bbox 428 2852 1810 2918; baseline 0.003 -18"><span class='ocrx_word' id='word_1_242' title='bbox 428 2852 839 2916; x_wconf 89' lang='lat' dir='ltr'>homicidiumque</span> <span class='ocrx_word' id='word_1_243' title='bbox 858 2860 932 2899; x_wconf 89' lang='lat' dir='ltr'>est</span> <span class='ocrx_word' id='word_1_244' title='bbox 949 2860 1055 2900; x_wconf 87' lang='lat' dir='ltr'>tota</span> <span class='ocrx_word' id='word_1_245' title='bbox 1068 2852 1150 2900; x_wconf 88' lang='lat' dir='ltr'>illa</span> <span class='ocrx_word' id='word_1_246' title='bbox 1166 2869 1400 2903; x_wconf 88' lang='lat' dir='ltr'>vanorum</span> <span class='ocrx_word' id='word_1_247' title='bbox 1422 2855 1675 2903; x_wconf 89' lang='lat' dir='ltr'>hominum</span> <span class='ocrx_word' id='word_1_248' title='bbox 1697 2869 1810 2918; x_wconf 87' lang='lat' dir='ltr'>pro-</span> 
     </span>
     <span class='ocr_line' id='line_1_36' title="bbox 429 2926 1808 2993; baseline 0.002 -19"><span class='ocrx_word' id='word_1_249' title='bbox 429 2928 708 2976; x_wconf 88' lang='lat' dir='ltr'>vocantium</span> <span class='ocrx_word' id='word_1_250' title='bbox 730 2926 793 2976; x_wconf 88' lang='lat' dir='ltr'>ad</span> <span class='ocrx_word' id='word_1_251' title='bbox 826 2926 1014 2991; x_wconf 83' lang='lat' dir='ltr'>gladios</span> <span class='ocrx_word' id='word_1_252' title='bbox 1042 2930 1373 2986; x_wconf 87' lang='lat' dir='ltr'>consuetudo;</span> <span class='ocrx_word' id='word_1_253' title='bbox 1409 2946 1557 2993; x_wconf 88' lang='lat' dir='ltr'>quam</span> <span class='ocrx_word' id='word_1_254' title='bbox 1588 2929 1808 2979; x_wconf 82' lang='lat' dir='ltr'>civitates</span> 
     </span>
    </p>
   </div>
  </div>
 </body>
</html>
