1910 3236
153 360 255 393 CAP.
271 361 335 395 Vl'.

149 414 339 437 5-7-1

134 455 179 483 De
193 456 342 494 principiis

133 499 255 527 internis
267 504 362 529 motus

133 542 299 578 voluntarii,
311 547 363 572 etc.

150 1417 304 1447 Voluntas.

398 219 459 261 48
915 227 985 260 DE
1014 227 1256 263 ΗοΜῙΝΕ.

395 342 509 405 quia
551 342 854 406 praeteritum
898 342 1202 390 immutabile
1249 349 1356 398 est;
1409 356 1566 405 neque
1611 357 1774 389 rerum

395 434 514 481 quas
557 418 733 466 scimus
768 418 846 465 vel
881 425 1110 482 putamus
1147 433 1251 466 esse
1291 418 1625 481 impossibiles,
1661 418 1776 481 quia

394 494 565 541 talium
607 493 906 541 deliberatio
947 509 1073 541 vana
1113 500 1201 541 est.
1275 493 1651 557 Impossibilium
1690 509 1775 540 au-

393 576 509 628 tem,
551 585 658 631 quae
694 568 942 631 possibilia
979 584 1083 616 esse
1123 569 1431 628 arbitramur,
1475 568 1775 616 deliberatio

395 644 552 702 datur,
576 652 632 692 ut
656 660 802 707 quam
827 660 1000 692 vanam
1024 660 1129 692 esse
1147 645 1406 692 nescimus.
1458 643 1775 692 Deliberatio

393 728 555 768 autem
584 720 694 767 ideo
725 720 919 778 dicitur,
945 720 1060 783 quia
1088 720 1343 778 libertatiS,
1370 736 1513 783 quam
1541 720 1775 767 habemus

393 795 604 843 faciendi
632 795 964 852 omittendive,
995 795 1106 843 finis
1138 803 1226 844 est.
1295 795 1499 843 Alterna
1527 794 1633 842 haec
1670 810 1778 842 suc-

395 872 548 919 cessio
591 872 850 935 appetitus,
899 871 1179 929 aversionis,
1232 879 1344 930 etc„
1390 870 1658 918 communis
1703 875 1778 916 est

394 948 581 995 homini
612 964 723 996 cum
760 948 1051 996 animalibus
1079 947 1282 996 eaeteris.
1354 946 1482 994 Nam
1506 946 1778 994 deliberant

395 1024 544 1071 etiam
565 1023 750 1072 bestiae.

460 1099 758 1148 Deliberatio
781 1099 911 1147 finiri
933 1108 1051 1147 tunc
1075 1099 1270 1158 dicitur,
1291 1097 1484 1162 quando
1504 1097 1571 1157 id,
1596 1097 1657 1145 de
1681 1112 1777 1160 quo

395 1174 715 1223 deliberatum
747 1182 837 1233 est,
872 1175 1055 1223 factum
1094 1181 1168 1222 est
1202 1174 1279 1222 vel
1316 1173 1563 1222 redditum
1597 1173 1777 1236 impos-

393 1250 530 1298 sibile
550 1271 562 1306 ς
597 1258 858 1313 propterea
881 1250 1013 1314 quod
1047 1256 1248 1298 eatenus
1272 1249 1548 1297 libertatem
1567 1246 1779 1296 faciendi

392 1325 470 1373 vel
492 1342 592 1373 non
615 1325 826 1372 faciendi
848 1341 937 1388 pro
961 1325 1163 1372 arbitrio
1188 1325 1470 1372 retinemus.

460 1401 518 1448 In
554 1401 921 1459 deliberatione,
958 1401 1202 1464 appetitus
1242 1400 1443 1448 ultimus
1478 1399 1556 1447 vel
1590 1398 1778 1446 aversio

393 1477 591 1535 actioni,
617 1477 676 1525 de
712 1494 807 1540 qua
842 1477 1161 1525 deliberatum
1193 1483 1282 1534 est,
1314 1475 1593 1523 immediate
1616 1474 1779 1522 adhae-

394 1568 522 1612 rens,
559 1560 632 1600 est
665 1553 891 1600 voluntas
907 1572 925 1608 ;
966 1559 1120 1611 actus,
1155 1552 1371 1614 inquam,
1404 1567 1504 1599 non
1543 1549 1778 1614 potentia,

394 1628 605 1676 volendi.
676 1629 820 1676 Unde
852 1628 1069 1692 sequitur
1104 1628 1303 1685 bestias,
1340 1627 1454 1690 quia
1489 1626 1777 1684 deliberant,

395 1704 543 1751 etiam
560 1704 813 1752 voluntate
830 1704 1061 1767 praeditas
1085 1718 1204 1750 esse.
1265 1702 1497 1750 Definitio
1515 1700 1779 1749 voluntatis

395 1780 700 1838 scholastica,
725 1795 900 1842 nempe
934 1778 1232 1827 voluntatem
1264 1777 1540 1842 appetitum
1563 1792 1672 1823 esse
1693 1791 1780 1823 ra-

394 1855 640 1914 tionalem,
673 1854 894 1917 legitima
932 1869 1031 1902 non
1069 1861 1157 1901 est.
1229 1853 1356 1900 Nam
1391 1852 1431 1900 si
1466 1858 1610 1910 esset,
1645 1851 1781 1900 nulla

394 1931 592 1979 omnino
609 1946 714 1979 esse
728 1937 891 1993 posset
907 1930 1034 1977 actio
1042 1929 1318 1977 voluntaria
1333 1934 1505 1975 contra
1519 1927 1778 1975 rationem.

394 2006 537 2054 Actio
561 2006 689 2053 enim
712 2005 988 2053 voluntaria
1011 2012 1085 2051 est
1109 2020 1181 2062 ea,
1207 2019 1316 2067 quae
1340 2019 1370 2050 a
1391 2003 1644 2050 voluntate
1667 2018 1780 2066 pro-

393 2081 642 2140 ficiscitur,
690 2096 780 2128 nec
826 2080 927 2127 ulla
971 2079 1079 2127 alia.
1152 2078 1299 2128 Quod
1344 2078 1384 2125 si
1428 2094 1517 2142 pro
1558 2077 1779 2141 appetitu

393 2156 619 2205 rationali
650 2156 867 2204 dicamus
898 2155 1168 2218 appetitum
1201 2154 1283 2217 qui
1308 2153 1465 2201 oritur
1488 2170 1517 2201 a
1541 2153 1779 2201 delibera-

392 2232 526 2280 tione
560 2231 895 2290 antecedente,
920 2239 1038 2278 tunc
1071 2230 1290 2278 definitio
1325 2229 1495 2278 eadem
1527 2237 1601 2278 est
1632 2247 1779 2293 quam

391 2308 506 2366 dixi,
552 2323 726 2371 nempe
780 2307 980 2355 ultimus
1035 2306 1086 2354 in
1144 2305 1456 2353 deliberando
1510 2306 1773 2370 appetitus.

396 2383 688 2446 Quanquam
712 2390 878 2431 autem
901 2382 1048 2446 vulgo
1081 2381 1343 2445 saepissime
1375 2381 1593 2430 dicamus
1624 2382 1780 2430 habu-

393 2458 488 2507 isse
523 2458 734 2522 aliquem
766 2458 1069 2506 voluntatem
1103 2457 1315 2505 faciendi
1349 2456 1416 2516 id,
1453 2456 1584 2521 quod
1617 2457 1780 2506 facere

392 2541 561 2597 postea
583 2533 769 2589 noluit;
804 2533 855 2581 id
886 2541 1050 2580 tamen
1085 2548 1185 2580 non
1216 2532 1442 2580 voluntas
1469 2532 1666 2596 proprie
1689 2540 1778 2592 est,

392 2610 477 2658 sed
500 2609 768 2668 inclinatio,
789 2625 899 2673 quae
917 2609 1165 2656 actionem
1184 2623 1284 2656 non
1307 2607 1426 2656 facit
1447 2615 1505 2656 ut
1529 2608 1593 2656 sit
1609 2609 1781 2657 volun-

390 2686 530 2744 taria,
556 2702 664 2749 quae
699 2684 974 2748 dependere
1009 2683 1155 2731 debet
1189 2699 1286 2732 non
1323 2684 1384 2732 ab
1421 2684 1568 2743 omni,
1598 2683 1684 2732 sed
1717 2684 1779 2732 ab

389 2761 561 2811 ultimo
609 2762 846 2826 appetitu.
923 2760 1309 2809 Intervenientes
1355 2760 1485 2808 enim
1531 2761 1780 2824 appetitus
