1968 3236
495 236 566 270 ΒΕ
594 235 854 270 οινιτΑτΕ
882 233 1236 270 οῑιιιιετιΑΝΛ.
1462 222 1561 267 393

172 349 312 413 cujus
354 347 739 412 vicemgerentes
786 355 928 395 erant
974 347 1139 395 Moses
1186 353 1238 394 et
1283 343 1562 393 sacerdotes
1592 366 1696 399 eff,
1713 365 1828 399 xm,

172 423 365 481 summi,
412 424 511 472 suis
559 423 740 487 singuli
786 423 1104 487 temporibus,
1140 423 1222 486 jus
1261 420 1563 469 decimarum
1613 418 1814 502 Um

76 538 84 548 .
170 499 569 563 oblationumque
594 499 930 547 habendarum
954 515 984 547 a
1007 506 1250 562 potestate
1284 496 1415 546 civili
1448 511 1562 560 pro·
1611 507 1817 537 eccle-imin

170 574 357 624 fectum
388 591 509 634 esse,
534 575 848 623 manifestum
873 583 962 622 est.

238 651 427 700 Deinde
465 651 526 699 de
571 652 815 699 alimentis
851 650 1032 699 Christi
1079 649 1429 714 apostolorum,
1468 649 1565 697 hoc

170 734 365 775 tantum
384 727 608 791 legimus,
634 743 801 790 peram
824 725 1069 784 habuisse,
1090 742 1237 789 quam
1252 724 1279 771 J
1284 724 1406 772 udas
1430 724 1563 772 Isca-

172 803 302 851 riota
334 803 562 866 portabat
589 823 601 857 ;
652 802 898 865 apostolos
933 810 1114 860 autem,
1150 801 1235 863 qui
1276 807 1433 848 artem
1477 799 1565 848 ha-

171 878 402 937 buerunt,
428 879 560 926 illam
586 878 876 926 exercuisse.
941 877 1103 924 Etiam
1128 878 1359 925 Servator
1382 884 1565 934 noster,

173 970 288 1003 cum
333 953 593 1002 duodecim
639 953 885 1016 apostolos
932 952 1284 1016 praedicaturos
1330 952 1565 1010 mitteret,

173 1046 460 1094 comparare
500 1046 673 1077 aurum
710 1037 762 1077 et
796 1037 1055 1092 argentum
1089 1029 1247 1076 vetuit
1288 1027 1491 1089 (Matth.
1516 1043 1565 1074 x.

172 1112 222 1164 9,
246 1107 345 1168 10),
361 1122 420 1154 eo
445 1106 577 1169 quod
596 1105 846 1169 operarius
870 1104 1047 1175 dignm
1062 1113 1191 1152 esset
1208 1103 1442 1151 alimento
1461 1118 1564 1151 suo.

173 1183 248 1231 Ex
271 1197 368 1246 quo
387 1180 650 1229 verisimile
674 1189 764 1237 est,
784 1179 990 1243 parandi
1015 1179 1247 1227 alimenta
1265 1179 1394 1226 viam
1416 1178 1566 1226 fuisse

175 1257 271 1306 illis
306 1256 526 1304 missioni
565 1272 666 1303 suae
698 1271 983 1319 congruam,
1021 1270 1212 1317 nempe,
1243 1253 1397 1317 gratis
1432 1252 1565 1312 dare,

175 1333 292 1397 quia
308 1332 462 1396 gratis
485 1339 794 1395 acceperant.
866 1331 1277 1378 Sustentabantur
1300 1329 1431 1377 enim
1454 1345 1567 1392 par-

174 1409 266 1457 tim
299 1407 640 1457 benevolentia
674 1407 908 1464 fidelium,
944 1414 1207 1470 propterea
1230 1404 1364 1469 quod
1386 1404 1568 1452 adven-

174 1491 283 1532 tum
315 1483 510 1531 Messiae
534 1482 883 1529 annuntiarent
905 1502 918 1535 ;
953 1481 1133 1544 partim
1157 1481 1305 1528 etiam
1329 1495 1359 1527 a
1382 1478 1568 1527 contri-

175 1559 458 1608 butionibus
499 1574 668 1605 eorum
707 1573 829 1620 quos
867 1557 1098 1604 Servator
1119 1563 1288 1604 noster
1321 1571 1351 1603 a
1385 1554 1568 1603 morbis

175 1635 467 1684 liberaverat
493 1655 506 1689 ;
542 1650 602 1681 ex
623 1633 799 1697 quibus
823 1632 1140 1680 nominantur
1162 1632 1302 1692 (Luc.
1324 1630 1425 1678 viii.
1450 1636 1499 1688 2,
1520 1632 1570 1692 3)

174 1710 409 1760 mulieres
432 1710 676 1775 quaedam,
701 1725 830 1773 qaas
849 1714 1124 1756 sanaverat
1141 1724 1174 1755 a
1198 1706 1466 1773 spiritibus
1480 1706 1568 1753 im-

41 1832 49 1847 ,
82 1803 92 1809 ·
166 1785 352 1852 probis
393 1793 443 1834 et
490 1785 687 1844 morbis,
723 1801 894 1849 nempe
930 1784 1110 1832 Maria
1147 1801 1260 1848 quoe
1295 1782 1570 1831 vocabatur

175 1861 509 1927 Magdalene,
533 1878 596 1908 ex
619 1877 719 1925 qua
743 1867 934 1925 septem
962 1859 1201 1907 daemonia
1235 1859 1483 1915 exierant,
1519 1864 1570 1906 et

176 1936 412 1985 ‚lohanna
447 1952 576 1984 uxor
626 1935 801 1983 Chusoe
832 1935 1193 2000 procuratoris
1237 1934 1483 1993 Herodis,
1518 1940 1571 1981 et

180 2011 425 2070 Susanna,
441 2018 492 2059 et
515 2011 634 2059 alite
653 2010 831 2069 multoe,
847 2027 957 2075 quoe
975 2009 1330 2059 ministrabant
1347 2009 1396 2056 ei
1417 2026 1480 2057 ex
1505 2009 1570 2057 iis

180 2103 292 2152 quae
309 2086 409 2134 sibi
431 2085 782 2151 suppetebant.

248 2162 365 2210 Post
387 2161 658 2210 Servatoris
692 2176 963 2217 ascensum,
988 2159 1252 2208 Christiani
1275 2159 1327 2207 in
1350 2175 1571 2222 unaqua-

182 2252 278 2301 que
301 2237 500 2285 civitate
515 2236 576 2284 de
598 2236 824 2299 pecuniis
844 2236 1105 2284 alebantur
1129 2234 1485 2292 communibus,
1509 2250 1570 2282 ex

181 2311 464 2361 venditione
481 2326 711 2374 agrorum
735 2326 935 2359 suorum
949 2326 1211 2374 rerumque
1227 2309 1433 2357 aliarum
1451 2325 1570 2357 con-

181 2387 338 2441 fectis,
363 2386 647 2450 collatisque
672 2385 736 2434 ad
767 2386 919 2450 pedes
950 2386 1314 2450 apostolorum3
1350 2385 1572 2433 volunta-

183 2463 272 2521 rie,
308 2479 409 2511 non
446 2477 506 2510 ex
541 2461 725 2510 debito.
811 2462 950 2510 Dixit
983 2462 1113 2510 enim
1154 2460 1362 2509 Ananiae
1398 2460 1570 2508 Petrus

188 2539 323 2600 (Act.
347 2554 391 2585 v.
416 2539 469 2597 4)
491 2555 503 2584 ε
540 2536 732 2596 Nonne,
754 2537 802 2584 si
818 2554 1077 2586 servasses
1100 2553 1282 2602 agrum
1305 2542 1452 2594 tuum,
1469 2552 1571 2584 ma-

185 2613 335 2662 nebat
358 2612 467 2671 tibi,
483 2618 534 2661 et
554 2611 782 2660 venditus
798 2629 954 2661 nonne
969 2613 1019 2661 in
1034 2619 1120 2660 tua
1139 2618 1253 2660 erat
1266 2617 1528 2676 potestate
1541 2614 1571 2660 2

186 2689 392 2738 Constat
421 2696 588 2736 autem
624 2686 739 2736 inde
774 2688 996 2747 Ananiae,
1031 2697 1088 2736 ut
1122 2704 1296 2751 agrum
1321 2702 1462 2734 suum
1485 2697 1573 2735 aut

185 2763 443 2829 pecuniam
467 2762 716 2821 retineret,
740 2778 962 2811 necessse
993 2778 1094 2811 non
1128 2762 1276 2811 fiiisse
1308 2769 1365 2810 ut
1399 2761 1573 2811 menti·

18 2838 22 2843 ’
96 2854 102 2860 ·
187 2848 356 2895 retur;
391 2847 446 2887 ut
481 2837 564 2902 qui
599 2837 660 2886 ad
703 2838 1116 2888 contributionem
1158 2838 1342 2886 nullam
1380 2844 1573 2886 tenere-
