1968 3236
161 354 262 387 CAP.
285 355 399 388 XXX.

429 214 524 256 242
942 220 1012 253 DE
1040 219 1314 253 01vlTATE.

433 332 580 391 docti,
605 348 749 395 quam
769 338 882 378 sunt
911 330 1102 394 plebeii.
1173 329 1383 378 Constat
1412 330 1542 377 enim
1573 329 1811 380 doctrinae

432 409 584 455 civilis
620 408 950 462 difficultatem
984 422 1083 453 non
1123 412 1224 453 tam
1256 405 1371 453 oriri
1402 406 1462 453 ab
1498 406 1811 465 obscuritate,

372 501 393 520 s·
432 500 575 545 quam
613 483 672 529 ab
710 498 892 540 eorum,
931 481 1013 544 qui
1050 480 1257 528 docendi
1293 488 1422 539 sunt,
1448 481 1810 544 cupiditatibus.

430 558 656 606 Potentes
702 557 830 604 enim
866 556 1135 618 potentiam
1176 555 1336 611 aliam,
1376 572 1484 619 quae
1520 556 1811 619 cupiditates

427 649 534 680 suas
570 632 830 680 refraenare
864 630 1043 693 possit:
1080 639 1130 678 et
1166 631 1298 678 docti
1340 631 1600 690 doctrinas,
1635 632 1810 695 quibus

427 724 611 755 errores
635 708 707 754 sui
731 714 933 770 possunt
957 707 1135 769 detegi,
1161 723 1258 754 non
1291 707 1434 754 facile
1453 707 1723 770 patiuntur,
1747 722 1810 755 ne

425 783 694 831 authoritas
741 798 909 830 eorum
946 782 1077 845 apud
1116 782 1352 845 populum
1385 782 1499 830 inde
1545 783 1808 830 minuatur.

426 858 693 905 Hominum
728 865 891 905 autem
914 873 974 904 ex
997 857 1139 920 plebe
1163 858 1328 916 animi,
1353 857 1447 904 nisi
1471 874 1501 905 a
1522 858 1810 921 potentiori-

422 935 511 981 bus
535 934 927 996 distorqueantur
956 941 1040 980 aut
1075 933 1333 981 doctorum
1357 933 1667 996 opinionibus
1691 933 1810 982 scri-

421 1009 574 1056 billati
617 1009 728 1067 sint,
766 1008 919 1056 instar
959 1008 1141 1056 chartae
1175 1024 1310 1071 purae
1345 1008 1710 1071 impressionem
1746 1009 1809 1057 ab

422 1085 715 1131 authoritate
733 1084 927 1147 publica
951 1084 1216 1146 quamlibet
1239 1084 1503 1147 accipiunt.
1573 1085 1810 1133 Nationes

422 1160 641 1223 integrae,
665 1168 721 1207 ut
743 1160 793 1206 in
817 1159 1066 1222 religionis
1104 1160 1347 1223 mysteriis
1382 1159 1606 1207 maximis
1637 1167 1687 1207 et
1717 1159 1810 1207 dif-

421 1235 644 1282 ficillimis
668 1243 717 1282 et
742 1251 889 1298 supra
906 1235 1147 1282 rationem
1170 1234 1342 1298 positis
1367 1234 1697 1297 acquiescant,
1722 1234 1810 1283 do-

421 1311 690 1366 cebuntur;
725 1310 1039 1373 praedicando
1077 1317 1240 1358 autem
1276 1317 1326 1357 et
1356 1309 1578 1358 docendo
1603 1326 1674 1369 ea,
1700 1326 1810 1374 quae

421 1402 530 1433 cum
555 1386 743 1433 ratione
763 1386 974 1434 naturali
1000 1386 1240 1449 exquisite
1266 1393 1559 1449 congruunt,
1585 1386 1810 1435 doctores

420 1478 518 1509 non
560 1478 609 1509 se
643 1462 828 1510 facient
861 1462 1097 1525 intelligi!
1169 1462 1374 1510 Constat
1397 1477 1513 1525 ergo
1539 1461 1591 1509 in
1619 1462 1812 1525 juribus

419 1554 617 1586 summae
639 1538 910 1601 potestatis,
927 1554 1034 1601 quae
1059 1547 1174 1585 sunt
1191 1538 1324 1601 leges
1343 1537 1607 1595 naturales,
1626 1537 1807 1586 intelli-

418 1614 586 1676 gendis
604 1614 787 1661 nullam
812 1629 916 1661 esse
940 1613 1275 1661 difficultatem
1304 1613 1441 1675 (dum
1464 1613 1549 1670 illi,
1568 1613 1652 1676 qui
1675 1628 1806 1661 sum-

419 1705 547 1736 mam
586 1689 735 1737 habet
773 1696 1081 1752 potestatem,
1116 1697 1283 1737 manet
1321 1688 1544 1752 potentia
1588 1688 1802 1753 integra)

419 1780 562 1826 quam
603 1780 711 1827 quae
733 1765 810 1812 vel
848 1765 909 1812 ab
944 1765 1110 1828 ipsius,
1134 1765 1212 1812 vel
1243 1765 1303 1812 ab
1339 1764 1571 1827 ipsorum,
1597 1779 1807 1828 quorum

419 1855 566 1902 opera
588 1839 638 1886 in
662 1839 1080 1887 administratione
1113 1839 1322 1887 civitatis
1345 1839 1516 1897 utitur,
1541 1839 1685 1902 culpa
1707 1840 1807 1888 ori-

418 1921 512 1962 tur.
563 1915 698 1962 Illius
717 1931 834 1978 ergo
854 1922 928 1962 est
941 1915 1106 1963 videre
1124 1923 1182 1963 ut
1201 1915 1330 1963 cives
1351 1921 1483 1962 recte
1505 1914 1802 1963 doceantur:

417 2006 506 2037 nec
522 1990 733 2037 officium
752 1997 960 2049 tantum,
982 1990 1067 2038 sed
1085 1991 1232 2038 etiam
1251 1989 1545 2038 beneficium
1562 1996 1651 2049 est,
1671 1989 1805 2054 quod

417 2065 625 2113 maxime
650 2066 867 2113 omnium
891 2066 954 2113 ad
972 2067 1046 2114 sui
1069 2066 1219 2130 ipsius
1243 2074 1293 2114 et
1317 2065 1494 2114 civium
1519 2080 1719 2113 suorum
1734 2065 1805 2114 vi-

417 2147 517 2187 tam
542 2140 803 2203 saepissime
826 2140 1056 2203 pertinet.

486 2215 554 2263 Ut
587 2215 780 2263 veniam
807 2216 908 2278 jam
949 2215 1010 2263 ad
1047 2215 1296 2263 doctrinas
1330 2214 1648 2278 particulares
1684 2229 1803 2278 quas

417 2290 621 2353 populus
657 2289 906 2338 docendus
931 2298 1020 2348 est,
1044 2291 1203 2354 prima
1240 2290 1348 2349 erit,
1373 2306 1435 2338 ne
1464 2290 1647 2338 formas
1674 2290 1804 2354 regi-

418 2365 575 2422 minis,
613 2381 731 2428 quas
771 2364 820 2411 in
857 2365 1084 2427 gentibus
1107 2365 1278 2413 vicinis
1319 2365 1641 2429 conspiciunt,
1668 2365 1802 2428 plus-

420 2456 563 2503 quam
586 2440 792 2487 formam
817 2440 1028 2487 civitatis
1042 2441 1253 2503 propriae
1271 2440 1501 2488 adament
1515 2448 1599 2489 aut
1622 2440 1802 2489 imitari

420 2515 634 2578 cupiant,
660 2522 1117 2578 quamtamcumque
1140 2516 1362 2579 gentium
1386 2516 1578 2564 illarum
1599 2532 1802 2580 prospe-

418 2590 611 2637 ritatem
650 2590 862 2638 videant.
945 2590 1058 2638 Non
1099 2591 1228 2639 enim
1269 2593 1330 2639 ab
1367 2592 1688 2651 aristocratia,
1723 2591 1802 2641 vel

418 2664 730 2724 democratia,
766 2673 852 2712 aut
886 2666 1184 2724 monarchia,
1217 2666 1302 2714 sed
1338 2668 1399 2715 ab
1435 2667 1713 2716 obedientia
1751 2675 1802 2717 et

418 2740 679 2788 concordia
693 2740 870 2788 civium
890 2740 940 2787 in
956 2755 1244 2803 quacunque
1264 2742 1460 2790 civitate
1477 2758 1554 2791 res
1573 2742 1802 2792 secundae

417 2814 652 2863 oriuntur.
723 2816 779 2863 In
805 2814 937 2863 omni
961 2815 1172 2864 civitatis
1206 2832 1384 2879 genere
1417 2817 1608 2866 sublata
1635 2799 1802 2876 offitii-

1951 3179 1968 3236 τω.
1951 3140 1968 3165 x
1962 3079 1965 3083 ,
1966 3038 1968 3040 .
