1968 3236
136 766 398 800 CAP.XXXIV.

176 822 359 843 Q—Y—-ae

140 862 182 890 De
193 864 397 900 significatione

137 915 223 943 quam
241 907 346 934 habent
367 907 396 934 in

138 949 291 986 seripturis
305 950 397 977 Sacris

139 992 276 1020 vocabula
301 993 379 1030 spiri-

138 1038 194 1067 tuli,
213 1036 340 1072 angelus,
359 1037 398 1063 in-

137 1078 260 1114 spiratio.

412 250 508 293 280
730 259 798 291 DE
826 258 1076 292 CIVITATE
1105 259 1454 293 CHRISTIANA.

851 484 1064 532 CAPUT
1100 485 1330 533 XXXIV.

415 601 471 631 DE
500 599 865 630 SIGNIFICATIONE
892 601 1025 636 QUAM
1052 601 1239 633 HABENT
1264 602 1311 633 IN
1331 602 1598 633 SCRIPTURIS
1617 600 1774 632 sAcms

570 666 811 697 VOCABULA
836 667 1057 709 SPIRITUS,
1085 668 1307 713 ANGELUS,
1332 669 1608 701 INSPIRATIO.

418 750 539 797 CUM
566 756 692 796 recte
723 749 1038 798 ratiocinandi
1068 751 1434 799 fundamentum
1467 752 1677 815 positum
1712 751 1775 798 sit

416 826 464 872 in
491 825 839 887 significatione
861 827 1225 882 vocabulorum;
1252 843 1455 890 quorum
1470 827 1774 875 definitiones

414 901 462 947 in
486 900 704 947 doctrina
728 909 954 963 sequente
978 918 1075 949 non
1100 903 1389 966 dependent,
1411 911 1467 951 ut
1489 903 1539 950 in
1563 901 1776 950 scientiis

414 975 723 1033 naturalibuS,
760 977 819 1023 ab
854 978 1052 1025 arbitrio
1089 978 1352 1036 hominum,
1388 986 1471 1026 aut
1503 978 1635 1041 vulgi
1667 993 1776 1035 usu,

415 1051 498 1098 sed
517 1067 545 1097 a
568 1067 707 1098 sensu
743 1067 884 1113 quem
907 1052 1089 1099 habent
1112 1053 1162 1100 in
1199 1053 1448 1116 Scriptura
1472 1053 1644 1108 Sacra;
1690 1067 1775 1100 ne-

415 1127 670 1174 cessarium
694 1135 779 1185 est,
815 1135 1071 1191 antequam
1095 1129 1294 1177 ulterius
1317 1130 1614 1193 progrediar,
1637 1137 1693 1176 ut
1716 1143 1775 1175 ex

415 1203 662 1265 Scriptura
697 1204 844 1251 Sacra
876 1205 1132 1252 verborum
1167 1221 1331 1253 eorum
1375 1205 1775 1268 significationem

415 1278 649 1336 stabilem,
675 1279 845 1341 quibus
879 1295 965 1342 per
999 1281 1363 1344 ambiguitatem
1396 1297 1532 1328 suam
1571 1297 1642 1338 ea,
1671 1295 1778 1343 quae

413 1354 472 1400 ab
497 1353 587 1400 illis
611 1354 828 1401 illaturus
853 1370 973 1410 sum,
997 1355 1260 1403 reddantur
1283 1356 1487 1403 obscura
1508 1363 1592 1404 aut
1614 1355 1775 1403 dubia.

414 1429 644 1492 Incipiam
692 1436 852 1476 autem
885 1446 915 1477 a
948 1430 1191 1478 vocabulis
1226 1446 1405 1494 corpu-s*
1440 1439 1490 1478 et
1522 1430 1734 1496 spiritus
1757 1447 1778 1484 ,·

415 1520 520 1566 quae
555 1505 605 1551 in
640 1520 858 1552 sermone
894 1505 1178 1553 scholastico
1213 1505 1444 1568 appellari
1477 1506 1633 1553 solent
1665 1504 1779 1552 sub-

414 1580 601 1626 stantia
625 1595 866 1644 corporea
887 1588 934 1627 et
958 1580 1267 1645 incorporea.

485 1653 674 1718 Corpus
719 1654 959 1717 significat
994 1655 1329 1702 universaliter
1365 1655 1415 1702 id
1452 1655 1581 1718 quod
1616 1655 1776 1702 locum

415 1729 621 1792 aliquem
646 1738 831 1777 certum
849 1730 1016 1794 implet
1038 1731 1137 1778 sive
1156 1738 1361 1794 occupat
1379 1752 1390 1786 ;
1414 1747 1504 1778 nec
1523 1729 1776 1793 dependet,

415 1813 468 1852 ut
491 1805 623 1852 locus
647 1805 762 1868 ipse,
795 1806 855 1853 ab
880 1806 1224 1870 imaginatione
1256 1814 1437 1865 nostra,
1464 1806 1548 1854 sed
1572 1820 1681 1869 pars
1705 1812 1778 1852 est

416 1881 555 1928 realis
579 1882 696 1943 erS,
718 1881 846 1943 quod
864 1898 1090 1930 vocamus
1117 1882 1415 1929 Universum.
1495 1881 1778 1929 Universum

417 1956 558 2014 enim,
584 1973 693 2003 cum
717 1957 779 2004 sit
803 1973 1060 2020 corporum
1084 1957 1297 2005 omnium
1313 1963 1645 2020 aggregatum,
1669 1954 1776 2002 nul-

416 2031 507 2078 lam
534 2032 678 2078 habet
701 2040 888 2095 partem
913 2049 1019 2096 quae
1043 2049 1140 2080 non
1177 2032 1239 2079 sit
1274 2032 1419 2080 etiam
1444 2047 1621 2096 corpus
1644 2049 1664 2086 ,·
1697 2045 1780 2078 ne-

418 2123 510 2169 que
535 2107 709 2155 dicitur
731 2109 922 2171 proprie
939 2125 1134 2173 corpus,
1156 2108 1285 2171 quod
1299 2124 1396 2155 non
1421 2108 1483 2155 sit
1505 2107 1654 2155 totius
1673 2105 1780 2153 uni·

416 2183 543 2229 versi
567 2183 726 2246 aliqua
748 2199 874 2246 pars.
946 2184 1186 2233 Quoniam
1214 2191 1375 2231 autem
1411 2197 1614 2245 corpora
1647 2180 1781 2228 varie

417 2267 664 2321 apparent,
691 2258 916 2305 dicuntur
949 2259 1090 2306 etiam
1115 2258 1260 2306 variis
1283 2258 1504 2320 subjecta
1528 2272 1630 2305 esse
1653 2255 1779 2304 acci-

418 2332 655 2390 dentibus,
680 2333 902 2380 nimirum
936 2333 1192 2397 aliquando
1217 2333 1477 2396 quiescere,
1496 2331 1640 2379 modo
1665 2331 1780 2379 cali-

419 2407 494 2464 da,
514 2408 656 2454 modo
675 2408 878 2470 frigida3
903 2408 1144 2455 interdum
1169 2408 1357 2467 coloris,
1377 2407 1554 2465 odoris,
1579 2406 1779 2470 saporis,

418 2482 492 2529 vel
526 2483 629 2530 soni
665 2483 822 2540 unius,
847 2482 1087 2530 interdum
1124 2483 1340 2537 alterius;
1376 2492 1424 2530 et
1455 2489 1650 2545 propter
1672 2497 1780 2530 eam

419 2573 607 2605 causam
632 2558 943 2605 nominantur
961 2557 1261 2605 substantiae.
1331 2557 1594 2605 Diversitas
1616 2565 1779 2604 autem

418 2632 521 2679 haec
545 2632 916 2695 apparitionum,
942 2647 1050 2694 quae
1074 2633 1228 2680 oritur
1261 2633 1323 2680 ab
1347 2632 1623 2696 operatione
1648 2632 1781 2680 varia

421 2722 673 2769 corporum
697 2714 1002 2755 externorum
1026 2707 1075 2754 in
1110 2723 1291 2771 organa
1312 2707 1564 2766 sentiendi,
1587 2707 1703 2756 facit
1723 2714 1783 2756 ut

422 2780 523 2828 illas
541 2782 888 2830 mutationibus
907 2798 1161 2845 corporum
1179 2784 1423 2846 agentium
1442 2783 1779 2844 attribuamus,

422 2863 470 2901 et
515 2856 791 2904 accidentia
837 2872 936 2904 esse
981 2864 1202 2919 putemus
1248 2858 1461 2921 ipsorum
1506 2874 1779 2922 corporum.

1954 3158 1968 3236 anah*
1963 3121 1968 3135 ..
