1968 3236
433 257 527 301 564
748 267 1034 300 APPENDIX
1060 266 1132 299 An
1161 266 1501 301 LEle'rHAN.

188 401 290 434 CAP.
312 401 380 433 111.
499 387 564 434 B.
602 386 698 434 Sed
732 402 1025 449 unoquoque
1059 386 1169 433 loco
1198 385 1341 433 facile
1365 386 1614 434 emendari
1637 392 1814 450 potest.

182 454 375 534 m
433 461 523 509 Vel
547 462 587 509 si
611 462 810 509 dixisset
838 462 1012 520 Deum,
1050 462 1100 509 in
1134 477 1343 524 persona
1375 462 1590 526 propria,
1634 462 1818 510 consti-

120 538 128 548 ‘
181 539 385 611 ggffifflssn·
433 538 581 584 tuisse
607 537 713 594 sibi,
732 537 1040 584 ministrante
1056 538 1209 595 Mose,
1232 538 1514 592 ecclesiam3
1540 538 1591 585 in
1607 554 1819 602 persona

181 629 228 655 tra
247 626 415 655 Leviathan.
434 612 555 670 Filii,
572 612 775 659 eandem
794 612 1055 660 redemisse
1073 633 1084 667 ;
1110 612 1161 659 in
1175 629 1386 676 persona
1402 613 1612 677 Spiritus
1632 614 1817 672 Sancti,

434 687 638 735 eandem
662 688 1021 743 sanctificasse3
1057 704 1158 736 non
1178 696 1401 736 errasset.

501 763 565 810 A.
604 763 775 826 Capite
799 763 1050 826 trigesimo
1075 772 1265 826 quarto,
1290 772 1439 828 negat
1456 764 1656 828 probari
1677 780 1820 828 posse

436 855 495 886 ex
530 854 716 886 canone
754 838 945 886 Veteris
986 839 1302 896 Testamenti,
1338 841 1538 903 angelos
1579 840 1733 888 reales
1770 847 1821 887 et

434 922 775 978 permanentes
800 915 1096 962 substantias
1121 930 1240 973 esse,
1267 915 1352 963 sed
1375 915 1719 978 phantasmata
1741 931 1823 963 su-

435 990 765 1054 pernaturalia
784 1011 795 1045 ;
833 1006 957 1052 quae,
984 990 1098 1053 quia
1120 990 1214 1037 illis
1238 990 1371 1038 Deus
1394 990 1551 1038 utitur
1569 990 1632 1038 ad
1648 991 1823 1039 volun-

439 1075 591 1115 tatem
616 1083 754 1114 suam
780 1067 1139 1126 declarandam,
1158 1067 1466 1130 appellantur
1489 1067 1665 1131 angeli.

505 1143 567 1190 B.
606 1143 808 1190 Certum
833 1151 922 1199 est,
947 1144 1174 1206 angelum
1198 1160 1377 1191 nomen
1401 1160 1507 1191 esse
1542 1143 1704 1201 officii,
1724 1143 1824 1206 spi-

436 1219 655 1281 ritusque
676 1234 860 1277 omnes,
884 1227 1086 1282 propter
1119 1219 1503 1282 diaphanitatem
1538 1219 1823 1267 substantiae

438 1294 718 1358 spiritualis,
743 1294 1009 1342 invisibiles
1035 1310 1154 1354 esse,
1179 1295 1273 1342 nisi
1296 1311 1354 1343 eo
1379 1311 1524 1342 sensu
1548 1311 1645 1358 quo
1669 1294 1824 1342 videri

439 1371 666 1418 dicuntur
682 1371 1028 1433 phantasmata
1055 1371 1106 1418 in
1142 1371 1354 1434 speculo,
1379 1387 1565 1430 somno,
1589 1371 1667 1418 vel
1691 1379 1825 1418 tene-

437 1446 552 1494 bris.
624 1447 794 1509 Itaque
819 1446 1009 1509 quoties
1044 1447 1219 1510 aliquis
1255 1447 1436 1494 dicitur
1471 1447 1522 1494 in
1561 1446 1824 1510 Scripturis

440 1522 599 1569 Sacris
637 1522 816 1570 vidisse
851 1523 1094 1586 angelum,
1131 1523 1253 1570 visio
1295 1523 1379 1570 illa
1413 1538 1512 1570 non
1547 1530 1622 1570 est
1663 1522 1825 1570 sensio

437 1598 650 1646 humana
696 1615 805 1661 quae
839 1599 896 1646 fit
935 1615 1024 1662 per
1070 1599 1253 1658 oculos,
1294 1598 1381 1647 sed
1423 1599 1615 1662 qualem
1655 1597 1827 1646 habuit

438 1674 606 1733 Jacob,
633 1691 741 1722 cum
766 1674 956 1722 videret
981 1675 1180 1738 angelos
1213 1674 1530 1723 ascendentes
1555 1682 1605 1722 et
1625 1674 1826 1722 descen-

440 1748 610 1796 dentes
628 1766 715 1812 per
739 1750 934 1809 scalam,
956 1766 1068 1798 cum
1093 1750 1346 1798 dormiret.
1397 1749 1654 1797 Sadducaei
1677 1765 1826 1812 nega-

439 1825 559 1872 bant
582 1826 780 1888 angelos
805 1842 909 1874 esse
933 1826 1242 1873 substantias.
1299 1825 1497 1874 Quare?
1557 1825 1671 1872 Non
1696 1824 1828 1888 quod

440 1916 538 1947 non
556 1900 811 1948 crederent
832 1902 1146 1949 Testamento
1171 1901 1355 1959 Veteri,
1374 1900 1460 1948 sed
1484 1900 1598 1964 quia
1621 1900 1828 1948 creatio-

440 1975 514 2022 nis
539 1977 823 2038 angelorum
846 1977 897 2024 in
921 1977 1086 2025 Veteri
1105 1977 1420 2024 Testamento
1441 1976 1574 2024 nulla
1596 1984 1672 2024 est
1694 1992 1828 2024 men-

440 2051 524 2098 tio,
618 2051 789 2114 Neque
812 2060 977 2100 tamen
1002 2069 1032 2099 a
1053 2053 1082 2100 J
1085 2052 1236 2100 udaeis
1267 2047 1676 2100 excommunicati
1698 2058 1828 2100 sunt.

442 2126 519 2174 An
544 2127 690 2174 etiam
727 2136 875 2191 negat
898 2128 1094 2191 probari
1119 2144 1262 2192 posse
1297 2128 1495 2192 angelos
1532 2127 1828 2176 substantias

442 2218 545 2249 esse
565 2219 624 2250 ex
647 2203 965 2252 Testamento
991 2204 1134 2252 Novo
1153 2204 1169 2251 Ρ

510 2277 572 2325 Α.
610 2278 723 2326 Non
747 2287 924 2343 negat3
961 2279 1048 2327 sed
1083 2280 1124 2327 si
1160 2287 1290 2338 sunt,
1314 2279 1513 2343 probari
1547 2278 1662 2327 inde
1684 2294 1829 2342 posse

444 2352 562 2400 dicit
586 2354 880 2403 substantias
906 2371 1164 2418 corporeas
1189 2371 1306 2403 esse.

510 2428 574 2475 B.
614 2430 724 2477 Hoc
748 2447 906 2493 neque
930 2431 1143 2493 antiquis
1164 2431 1385 2480 Patribus
1404 2431 1645 2489 omnibus,
1669 2445 1829 2493 neque

444 2502 742 2552 Doctoribus
789 2506 1014 2553 omnibus
1072 2507 1387 2555 ecclesiarum
1437 2507 1828 2565 reformatarum,

444 2578 743 2639 paradoxum
768 2589 843 2628 est
865 2602 877 2632 ς
913 2596 1072 2643 neque
1107 2582 1167 2629 ab
1193 2582 1400 2630 ecclesia
1422 2582 1696 2646 Anglieana
1715 2596 1831 2629 con-

446 2651 718 2701 demnatur.

513 2727 578 2775 A.
616 2727 785 2791 Capite
821 2730 1072 2793 trigesimo
1109 2738 1301 2791 octavo,
1322 2732 1534 2780 animam
1565 2733 1830 2782 humanam

447 2816 532 2849 sua
570 2810 761 2862 natura,
787 2805 837 2852 id
872 2813 962 2863 est,
1000 2806 1060 2852 ab
1084 2805 1190 2868 ipsa
1217 2807 1478 2867 creatione,
1504 2809 1830 2857 immortalem

447 2891 550 2924 esse
566 2887 728 2941 negat,
745 2877 829 2927 sed
852 2881 1014 2944 gratia
1031 2880 1138 2939 Dei,
1153 2882 1419 2945 praebentis
1435 2883 1624 2932 Adamo
1643 2893 1692 2933 et
1714 2885 1830 2932 Evae
