1968 3236
713 225 784 257 nn
813 224 1090 258 eivi‘rA‘rn.
1497 216 1598 259 209

206 341 416 385 tasmata
435 337 566 386 cives
585 347 853 396 sumerent,
872 338 952 385 vix
969 337 1066 386 duo
1082 344 1261 396 essent,
1281 337 1442 401 quide
1460 354 1597 386 man·
1615 360 1717 392 ςΑρ,
1735 360 1866 394 xxm,

206 409 336 459 datis
356 412 446 460 Dei
471 413 599 461 inter
623 430 674 461 se
699 430 797 462 non
823 415 1153 472 dissentirent,
1170 413 1267 461 imo
1288 413 1437 462 etiam
1461 430 1596 462 man·
1654 415 1841 493 m

207 485 325 535 data
358 488 570 536 civitatis
605 505 702 537 non
740 497 1125 538 contemnerent.
1218 489 1340 538 Dico
1374 505 1509 552 ergo,
1545 490 1597 537 in
1652 501 1794 528 civilibus

204 563 350 612 rebus
374 565 599 612 omnibus
623 565 719 627 legi
745 566 931 623 morali,
958 565 1010 613 id
1042 572 1130 623 est,
1156 565 1252 629 legi
1284 572 1472 613 naturae
1496 580 1598 613 non

205 639 480 698 contrariis,
506 640 635 688 cives
661 658 830 690 omnes
866 641 1073 705 obligari
1107 648 1163 689 ut
1186 657 1276 705 pro
1300 641 1407 705 lege
1432 641 1600 690 divina

203 713 418 763 habeant
441 715 673 779 quicquid
708 733 737 764 a
771 717 879 780 lege
915 717 1045 764 civili
1069 732 1159 780 pro
1194 717 1302 781 lege
1328 717 1494 765 divina
1517 716 1601 765 de-

203 789 433 839 claratur.
504 790 827 839 Manifestum
852 792 982 839 enim
1018 801 1093 839 est
1128 791 1179 839 id
1216 792 1352 856 quod
1389 807 1490 840 non
1521 799 1595 840 est

204 874 380 915 contra
401 866 560 929 legem
580 868 869 925 naturalem,
893 867 1000 915 fieri
1023 883 1164 930 posse
1183 884 1214 915 a
1232 884 1421 915 summa
1439 876 1601 932 potes-

203 946 306 990 tate
341 941 501 1005 legem
541 942 748 991 civilem.
842 944 1015 1006 Neque
1057 943 1108 991 in
1148 944 1248 991 ulla
1286 951 1426 1007 parte
1468 945 1599 993 orbis

203 1023 443 1065 terrarum
463 1018 753 1080 permissum
769 1027 841 1066 est
858 1027 944 1066 aut
961 1018 1056 1066 fuit
1070 1019 1257 1067 civibus
1273 1019 1507 1068 mandata
1526 1020 1599 1068 di-

202 1091 321 1140 vina
353 1092 449 1140 alia
483 1093 624 1141 factis
661 1095 760 1142 suis
794 1094 1102 1158 praetendere
1137 1103 1318 1158 praeter
1341 1112 1398 1143 ea
1424 1112 1532 1159 quae
1569 1113 1598 1145 a

202 1167 404 1216 civitate
428 1170 778 1232 approbantur.
848 1171 909 1218 Et
939 1179 994 1218 ut
1029 1171 1250 1219 civitates
1287 1172 1595 1230 Chrisfianae,

203 1242 489 1292 deficientes
514 1262 544 1293 a
579 1246 815 1309 religione
841 1247 1131 1305 Christiana,
1156 1247 1227 1295 ita
1249 1248 1474 1296 civitates
1497 1264 1598 1296 non

203 1319 551 1377 Christianae,a
566 1321 803 1386 religione
821 1338 910 1370 sua
927 1322 1224 1380 deficientes,
1243 1324 1407 1386 puniri
1423 1324 1596 1372 solent.

269 1394 610 1444 Distinxerunt
631 1397 762 1460 leges
786 1397 886 1455 alii,
910 1397 962 1445 in
979 1398 1398 1462 fundamentales
1428 1407 1479 1447 et
1503 1416 1598 1448 non

0 1518 1 1521 ,
69 1533 75 1536 .
181 1469 618 1534 fundamentales.
666 1471 1077 1520 Fundamentalis
1097 1473 1148 1521 in
1168 1482 1461 1537 unaquaque
1480 1475 1598 1523 civi-

0 1538 7 1609 ᾗ
49 1541 91 1594 ²⁵]
199 1552 304 1594 tate
334 1546 418 1594 illa
450 1554 541 1605 est,
567 1563 664 1610 qua
700 1548 892 1596 sublata
923 1548 1095 1596 civitas
1132 1549 1426 1598 dissolvitur.
1497 1551 1598 1598 Lex

0 1610 1 1614 Ἰ
55 1619 87 1635 ⁵
201 1628 365 1670 autem
403 1621 551 1670 unica
575 1622 988 1686 fundamentalis
1027 1632 1116 1683 est,
1150 1633 1206 1672 ut
1251 1625 1430 1689 singuli
1468 1626 1598 1674 cives

201 1711 423 1761 personae
446 1698 674 1757 civitatiS,
695 1698 745 1746 id
769 1707 858 1758 est,
884 1716 1123 1748 summam
1153 1700 1356 1748 habenti
1379 1708 1597 1765 potesta-

201 1779 319 1830 tem,
333 1773 661 1821 obedientiam
680 1782 931 1838 praestent.
982 1775 1111 1823 Nam
1130 1791 1189 1823 ea
1203 1776 1409 1835 sublata,
1426 1777 1597 1825 civitas

202 1848 338 1897 nulla
368 1857 475 1904 est;
511 1864 570 1897 ea
600 1857 777 1909 stante,
803 1850 974 1899 civitas
1010 1858 1190 1899 manet.
1261 1852 1335 1899 De
1359 1852 1597 1901 divisione

202 1922 364 1988 legum
386 1932 580 1973 tantum
608 1933 727 1974 esto.

270 1999 473 2049 Invenio
496 2017 642 2050 voces
667 2002 829 2067 legem
844 2002 1036 2050 civilem
1054 2010 1105 2051 et
1120 2003 1212 2066 jus
1231 2003 1379 2052 civile
1396 2021 1426 2052 a
1444 2005 1596 2068 scrip-

203 2075 391 2124 toribus
412 2077 687 2140 promiscue
717 2086 977 2142 usurpatas
1016 2095 1150 2134 esse3
1187 2080 1321 2143 quod
1354 2081 1460 2128 fieri
1494 2096 1595 2128 non

201 2149 365 2199 debet.
411 2152 506 2199 Just
521 2153 652 2201 enim
671 2153 885 2202 libertas
909 2162 997 2213 est,
1014 2154 1065 2202 id
1083 2162 1172 2213 est,
1191 2172 1220 2203 a
1234 2156 1423 2219 legibus
1442 2156 1594 2204 civili-

202 2225 294 2275 bus
323 2227 584 2291 exemptio.
655 2228 855 2287 Contra,
897 2229 979 2277 lea:
1015 2230 1170 2278 civilis
1211 2231 1460 2296 obligatio
1503 2239 1593 2290 est,

202 2299 480 2351 libertatem
505 2319 535 2350 a
558 2312 736 2352 natura
758 2304 924 2352 datam
958 2305 1134 2354 tollens
1165 2315 1252 2354 aut
1275 2307 1592 2370 restringens.

205 2374 298 2425 Per
333 2387 561 2426 naturam
601 2379 730 2427 enim
767 2380 1030 2443 unicuique
1056 2382 1137 2444 jus
1174 2391 1281 2430 erat
1320 2383 1503 2430 viribus
1543 2390 1594 2430 et

16 2477 21 2483 >·
202 2450 515 2502 facultatibus
539 2454 638 2502 suis
661 2455 903 2519 suiipsius
922 2457 1124 2504 arbitrio
1148 2458 1348 2513 utendi;
1384 2457 1435 2505 id
1459 2457 1593 2521 quod

203 2525 285 2576 lex
322 2527 493 2588 civilis,
526 2530 621 2578 nisi
662 2531 840 2593 quibus
879 2531 1000 2595 legis
1038 2532 1193 2581 civilis
1235 2533 1591 2597 protectionem

203 2607 366 2657 tutum
387 2619 488 2653 non
510 2612 617 2654 erat
633 2614 908 2670 expectare,
932 2607 1142 2656 sustulit.

23 830 57 942 .,²-'“'?{'⁶“T*2
45 694 49 695 ,
49 653 52 654 ,

338 2915 463 2951 vol..
485 2918 571 2952 111.
1427 2923 1458 2956 Ρ
