1968 3236
721 224 790 257 DE
817 222 1087 258 cwrrA‘rss.
1294 208 1305 219 '
1500 210 1596 255 205

224 351 431 402 persona
454 335 682 393 civitatis,
707 351 896 399 semper
927 332 1269 398 intelligendus
1303 339 1377 380 est
1403 331 1523 379 velle
1546 331 1597 379 id
1613 353 1716 385 eff,
1733 351 1864 384 xxv1.

226 410 358 476 quod
379 427 570 474 aequum
611 420 697 458 est.
787 411 970 473 Itaque,
1008 410 1047 457 si
1082 408 1369 457 sententiam
1408 422 1597 470 aequam

226 502 327 535 non
364 494 629 550 suggerant
664 485 812 532 verba
848 486 967 549 ipsa,
992 485 1122 547 leges
1158 482 1401 531 naturales
1424 497 1600 530 consu-

226 562 383 611 lendae
400 571 540 617 sunt;
576 561 771 623 alioqui,
797 569 965 608 contra
988 559 1212 623 injuriam
1235 557 1501 607 remedium
1515 557 1602 605 ha-

228 637 332 686 beri
355 654 454 686 non
470 645 632 701 potest
653 660 665 692 ;
692 637 740 684 id
765 636 896 699 quod
910 644 1083 684 contra
1100 635 1397 683 voluntatem
1411 632 1603 696 legisla-

228 713 349 762 toris
376 712 745 777 supponendum
774 721 861 760 est.
945 711 1218 759 Facultates
1248 710 1299 758 in
1329 711 1456 758 bono
1482 708 1603 772 legis

230 787 511 852 interprete,
536 788 586 835 id
609 799 698 846 est,
722 788 771 835 in
795 788 924 834 bono
948 787 1112 850 judice
1136 786 1396 849 requisitae,
1421 784 1605 834 eaedem

229 879 329 913 non
344 872 457 912 sunt
472 880 580 926 quae
598 864 909 926 requiruntur
926 862 975 909 iu
994 862 1123 909 bono
1138 869 1344 924 patrono
1363 860 1441 908 vel
1457 859 1606 907 advo-

230 947 358 997 eato,
373 955 561 1002 nempe,
580 947 634 986 ut
652 939 813 1001 legum
830 938 973 1001 periti
990 937 1102 985 sint.
1146 937 1175 984 J
1178 935 1305 983 udex
1318 936 1463 994 enim,
1480 935 1607 983 sicut

231 1013 294 1062 de
315 1014 447 1063 facto
470 1015 562 1062 nisi
585 1031 613 1061 a
638 1015 838 1062 testibus
858 1013 977 1061 nihil
991 1012 1260 1076 intelligere
1279 1011 1439 1070 debet,
1457 1011 1528 1059 ita
1545 1010 1606 1058 de

227 1091 339 1154 jure
356 1089 478 1137 nihil
500 1090 796 1137 constituere
821 1088 980 1146 debet,
997 1087 1089 1135 nisi
1104 1086 1235 1150 quod
1257 1086 1388 1150 leges
1411 1086 1606 1149 scriptae

234 1176 285 1213 et
323 1164 533 1212 civitatis
576 1164 948 1212 constitutiones
984 1170 1097 1210 ante
1143 1161 1447 1209 definierint:
1496 1177 1607 1225 quae

235 1240 366 1304 legoe
389 1250 439 1288 et
473 1240 842 1288 constitutiones
876 1238 1035 1302 palam
1070 1237 1341 1300 allegantur
1363 1236 1608 1300 explican-

235 1323 411 1379 turque
434 1331 598 1363 coram
620 1315 726 1378 ipso
750 1315 800 1362 in
824 1314 928 1377 ipsa
952 1328 1110 1360 causae
1133 1311 1411 1374 cognitione
1431 1330 1442 1358 :
1479 1311 1609 1359 unde

236 1391 309 1440 ita
339 1390 595 1438 instruitur
623 1389 790 1452 judex,
823 1398 878 1436 ut
902 1403 1177 1452 quanquam
1200 1387 1424 1450 peritiam
1446 1387 1607 1450 legum

237 1465 379 1515 valde
393 1465 685 1513 mediocrem
702 1465 894 1521 habeat,
912 1463 1028 1511 satis
1045 1471 1208 1511 tamen
1223 1462 1489 1510 instructus
1504 1478 1609 1510 esse

235 1541 392 1606 possit
414 1540 478 1589 ad
500 1541 791 1589 sententiam
813 1539 1062 1588 ferendam
1092 1538 1296 1603 justitiae
1319 1546 1369 1587 et
1391 1539 1610 1602 aequitati

239 1624 633 1666 consentaneam.

307 1692 433 1742 Quae
444 1692 630 1740 bonum
651 1691 838 1740 faciunt
855 1691 1086 1754 judicem,
1108 1691 1215 1739 haec
1238 1698 1365 1738 sunt.
1434 1690 1611 1748 Primo,

239 1775 298 1816 nt
317 1767 476 1831 legem
510 1774 697 1815 naturae
723 1767 1034 1830 praecipuam,
1057 1782 1233 1829 nempe
1255 1765 1538 1830 aequitatem
1563 1765 1614 1813 in

235 1842 572 1891 controversis
611 1841 845 1901 omnibus,
881 1842 1005 1890 bene
1040 1841 1310 1904 intelligat;
1346 1839 1397 1887 id
1427 1840 1558 1903 quod
1585 1857 1615 1888 a

242 1918 397 1967 multa
417 1918 651 1966 librorum
681 1917 889 1965 lectione
912 1933 1010 1965 non
1034 1916 1292 1981 dependet,
1320 1915 1406 1964 sed
1428 1932 1459 1964 a
1474 1916 1615 1964 boni-

240 2001 347 2042 tate
368 1992 613 2041 facultatis
631 1992 895 2051 rationaIiS,
915 2001 966 2039 et
988 2008 1019 2039 a
1039 1992 1274 2055 cujusque
1298 1990 1616 2038 meditatione

242 2069 471 2134 propria3
507 2084 626 2131 quas
648 2067 742 2115 illis
764 2067 931 2116 adesse
953 2067 1161 2116 maxime
1184 2067 1506 2130 praesumitur,
1532 2066 1618 2128 qui

238 2143 311 2193 ad
341 2143 592 2192 scientiam
626 2143 753 2206 aequi
783 2150 834 2190 et
855 2142 971 2190 boni
992 2141 1189 2205 ingenio
1213 2157 1300 2189 suo
1319 2141 1528 2188 maxime
1549 2141 1618 2188 fe·

245 2227 434 2279 rantur,
453 2228 504 2267 et
526 2219 789 2266 maximum
810 2217 1079 2266 meditandi
1101 2217 1315 2265 habuere
1329 2217 1498 2264 otium.
1535 2216 1619 2264 Se·

246 2293 423 2354 cundo,
440 2310 502 2342 ne
526 2293 804 2342 divitiarum
826 2293 969 2341 nimis
989 2292 1154 2356 cupidi
1177 2292 1289 2341 sint.
1357 2292 1539 2350 Tertio,
1562 2298 1619 2339 ut

246 2369 301 2419 in
313 2369 471 2418 causis
489 2368 839 2432 cognoscendis
856 2368 1043 2432 possint
1061 2376 1261 2426 metum,
1279 2368 1416 2425 iram,
1435 2367 1617 2425 odium,

247 2460 480 2504 amorem,
518 2443 898 2492 misericordiam
934 2458 1124 2491 exuere.
1211 2442 1415 2499 Quart0‚
1451 2449 1507 2489 ut
1535 2458 1621 2505 pa-

250 2518 430 2568 tienter
469 2518 636 2567 audire
668 2518 871 2582 possint,
908 2518 1166 2581 diligenter
1201 2517 1416 2564 animum
1448 2516 1620 2565 adver-

247 2602 371 2653 tere,
393 2610 503 2658 quae
525 2594 733 2643 audierit
756 2594 1003 2653 memoria,
1027 2594 1251 2652 retinere,
1275 2591 1545 2655 disponere,
1569 2599 1620 2640 et

249 2669 508 2734 applicare.

318 2744 502 2793 Divisio
518 2744 681 2807 legum
694 2743 827 2792 varia
839 2750 928 2802 oet,
944 2750 1145 2807 propter
1158 2742 1314 2790 varias
1331 2741 1622 2805 scriptorum

251 2818 522 2868 methodos.
573 2819 631 2867 In
648 2818 910 2868 Justiniani
932 2817 1327 2867 Institutionibus
1356 2817 1519 2880 legum
1541 2832 1622 2880 ge-

252 2908 374 2943 nera
393 2900 737 2942 enumerantur
763 2900 963 2956 septem.

1654 406 1840 428 ι-Υ-κ

1656 455 1699 483 De
1711 454 1823 491 legibus

1658 497 1798 526 civilibus.
