1968 3236
509 247 580 281 DE
606 247 861 281 elvrrA‘rE
889 246 1240 282 CHRISTIANA.
1461 233 1556 284 337

189 358 337 408 etiam
358 358 571 407 ecclesia
594 359 690 417 illa,
710 376 816 423 quae
841 359 1047 407 habetur
1062 359 1113 406 in
1135 358 1218 406 illa
1234 357 1428 406 civitate
1445 372 1553 421 quae

189 435 532 483 conventiones
554 435 674 483 tales
698 436 804 498 lege
823 435 991 493 vetuit,
1007 434 1255 498 illegitima
1272 438 1359 481 est.

255 509 569 558 Manifestum
592 511 736 558 etiam
768 511 881 558 hinc
912 517 999 567 est,
1024 509 1204 557 nullam
1226 509 1277 556 in
1299 516 1430 556 terra
1451 522 1555 555 esse

187 584 447 633 ecelesiam
498 586 819 634 universalem
872 601 1018 649 quam
1069 584 1236 632 audire
1281 583 1557 647 obligantur

188 659 454 709 Christiani
475 662 685 709 universi
706 682 717 715 ;
766 677 877 709 cum
907 660 1039 707 nulla
1068 659 1130 707 sit
1161 659 1209 707 in
1234 667 1365 707 terra
1386 659 1556 706 civitas

186 735 392 784 aliarum
414 736 663 784 civitatum
687 736 903 784 omnium
922 735 1131 782 domina.
1202 734 1258 782 In
1281 734 1556 782 civitatibus

186 811 391 874 singulis
430 811 691 859 Christiani
732 811 918 874 legibus
963 810 1173 858 civitatis
1219 825 1317 858 suae
1360 809 1557 858 obedire

185 886 493 950 obligantur:
529 895 579 935 et
624 902 712 950 per
758 901 1073 949 consequenS,
1118 885 1305 948 legibus
1349 885 1556 933 civitatis

186 961 296 1011 aliae
318 963 472 1010 teneri
490 978 587 1010 non
610 962 805 1010 debent.
878 960 1111 1009 Ecclesia
1135 976 1266 1024 ergo,
1291 961 1370 1008 cui
1397 969 1556 1023 potes-

186 1045 264 1086 tas
284 1045 361 1086 est
378 1036 643 1101 judicandi,
666 1036 963 1095 absolvendi,
983 1035 1352 1094 condemnandi,
1370 1044 1455 1084 aut
1477 1052 1557 1084 ac-

184 1113 371 1161 tionem
411 1129 748 1177 quamcunque
792 1111 984 1175 agendi,
996 1111 1176 1197 stadem
1217 1127 1294 1159 res
1330 1119 1406 1159 est
1446 1127 1557 1159 cum

186 1187 416 1236 civitate:
452 1196 502 1236 et
525 1188 693 1236 civitas
710 1188 819 1236 ideo
838 1187 1032 1251 quidem
1051 1195 1139 1245 est,
1159 1187 1273 1250 quia
1296 1186 1427 1234 cives
1444 1193 1557 1234 sunt

188 1263 429 1311 homines:
453 1263 655 1312 ecclesia
668 1271 847 1320 autem,
867 1262 982 1326 quia
997 1262 1125 1310 cives
1148 1269 1263 1309 sunt
1279 1261 1555 1309 Christiani.

187 1339 354 1388 Quare
375 1339 590 1403 regimen
615 1338 902 1404 temporale,
925 1347 975 1385 et
997 1336 1282 1402 spirituale,
1305 1337 1453 1384 verba
1483 1336 1557 1383 in-

186 1414 301 1463 ania
316 1424 444 1473 sunt,
468 1414 745 1462 introducta
767 1429 825 1461 eo
843 1414 940 1460 fine
962 1420 1019 1460 ut
1040 1420 1241 1476 propter
1262 1411 1385 1459 duos
1402 1419 1556 1460 status

186 1498 477 1553 apparentae
500 1490 659 1537 minus
676 1495 1026 1552 cognoscerent
1040 1487 1259 1535 hominoe
1278 1487 1374 1534 utri
1389 1503 1556 1535 eorum

184 1564 510 1613 obedientiam
532 1571 833 1628 praestarent.
903 1564 960 1611 In
983 1563 1106 1611 coelo
1130 1562 1326 1626 quidem
1352 1578 1557 1626 corpora

186 1639 436 1688 hominum
460 1648 570 1703 post
591 1640 994 1688 resurrectionem
1016 1647 1200 1687 aeterna
1222 1647 1273 1686 et
1290 1638 1557 1701 spiritualia

186 1722 358 1764 erunt:
393 1715 478 1764 sed
500 1716 552 1764 in
573 1716 674 1763 vita
695 1724 949 1779 praesente,
972 1714 1190 1762 homines
1226 1722 1276 1762 et
1306 1713 1476 1762 caduci
1506 1721 1557 1761 et

186 1791 335 1840 crassi
357 1801 486 1850 sunt,
509 1807 666 1854 neque
683 1791 935 1855 patiuntur
947 1798 1128 1838 statum
1150 1805 1306 1853 neque
1328 1789 1554 1852 religion-

185 1880 267 1914 em
286 1866 451 1925 ullam,
486 1875 665 1930 praeter
687 1882 793 1914 eam
816 1882 963 1930 quam
985 1866 1156 1913 statuit
1181 1873 1395 1928 potestas
1432 1874 1553 1912 tem-

186 1941 393 2005 poralis:
430 1957 587 2005 neque
611 1942 833 1990 doctrina
861 1941 960 1989 ulla
981 1957 1011 1989 a
1034 1940 1136 1988 cive
1154 1939 1319 1988 doceri
1337 1941 1446 2004 jure
1468 1956 1554 2003 po-

187 2023 302 2074 test,
318 2031 460 2079 quam
478 2016 648 2065 civitas
665 2016 944 2080 temporalis
962 2015 1126 2064 doceri
1141 2016 1380 2079 prohibet.
1417 2015 1555 2063 Unus

189 2090 397 2154 denique
413 2099 589 2150 rector,
609 2100 713 2139 tum
733 2091 996 2155 spiritualis
1013 2098 1117 2138 tum
1140 2090 1435 2154 temporalis,
1451 2106 1555 2138 esse

189 2165 352 2224 debet,
370 2173 456 2213 aut
470 2174 676 2229 utraque
694 2166 835 2214 simul
851 2173 1067 2230 potestas
1082 2165 1313 2222 interibit,
1328 2165 1555 2213 nimirum

189 2256 279 2305 per
298 2241 631 2289 contentiones
653 2241 782 2290 inter
802 2241 1060 2290 ecclesiam
1082 2248 1132 2288 et
1148 2240 1410 2298 civitatem,
1428 2239 1556 2288 inter

189 2314 560 2381 spirituali-stae
582 2324 632 2364 et
654 2316 1043 2381 temporali-etas,
1066 2316 1194 2364 inter
1206 2314 1434 2380 gladium
1444 2316 1556 2377 jus-

190 2389 321 2439 titiae
344 2398 395 2437 et
417 2396 602 2438 scutum
607 2391 742 2453 fidei
748 2410 766 2439 .·
799 2399 864 2450 et,
889 2391 1021 2454 quod
1043 2392 1199 2454 majus
1222 2399 1310 2447 est,
1326 2389 1375 2437 in
1394 2389 1556 2437 unius-

192 2466 425 2528 cujusque
461 2463 723 2513 Christiani
755 2473 951 2528 pectore
986 2465 1115 2513 inter
1145 2463 1478 2511 Christianum
1507 2470 1557 2511 et

192 2540 441 2588 hominem.
510 2539 744 2588 Doctores
770 2540 962 2604 quidem
986 2540 1200 2588 ecclesiae
1230 2547 1448 2603 pastores
1470 2554 1555 2586 vo-

191 2622 382 2670 cantur,
396 2614 482 2662 sed
499 2614 567 2662 ita
583 2615 730 2663 etiam
747 2624 982 2664 vocantur
998 2631 1156 2679 reges:
1180 2615 1264 2663 sed
1282 2614 1373 2662 nisi
1390 2622 1557 2677 pastor

191 2704 319 2738 unus
352 2689 434 2736 alii
466 2689 803 2738 subordinatus
836 2690 912 2750 sit,
947 2691 1018 2739 ita
1049 2699 1104 2738 ut
1137 2706 1261 2738 unus
1295 2689 1358 2736 sit
1392 2695 1557 2751 pastor

191 2779 424 2822 summm,
448 2763 683 2813 doctrinae
714 2765 1015 2814 docebuntur
1037 2765 1164 2813 inter
1185 2781 1235 2812 se
1271 2763 1555 2817 contrariae;

194 2854 401 2903 quarum
436 2847 639 2902 utraque
666 2855 769 2888 esse
790 2848 967 2904 potest,
1005 2840 1091 2888 sed
1113 2839 1263 2888 altera
1284 2838 1555 2886 necessario

328 2928 452 2963 von.
473 2928 556 2962 111.
1393 2928 1423 2961 z

1617 379 1778 411 XXXIX.

1614 431 1800 451 ψ

1573 471 1617 499 De
1626 471 1766 508 significa-

1571 515 1648 543 tione
1661 523 1747 552 quam
1762 514 1810 542 h·-

1571 558 1619 586 bet
1631 558 1661 585 in
1676 558 1803 595 Scriptu-

1571 602 1611 629 rin
1621 601 1716 628 Sacris
1729 609 1809 628 voc·-

1570 643 1674 673 bulum
1685 643 1815 673 aeclesis
