1910 3236
385 252 448 296 80
919 259 988 291 DE
1019 257 1263 290 HOMINE.

138 396 241 429 ρΑΡ,
258 396 322 428 xl.
385 372 512 421 endo
538 370 802 428 oemulatiO,
836 376 885 416 et
919 374 1167 416 certamen
1205 368 1422 416 omnium
1458 367 1769 415 utilissimum

143 491 338 520 nevmemoe
386 455 434 496 et
472 446 840 503 nobilissimum,
881 459 991 491 cum
1035 444 1142 507 quis
1179 443 1388 491 alterum
1418 442 1769 491 benefaciendo

142 544 263 563 morum
387 523 648 587 superabit,
678 521 762 568 ubi
795 520 971 567 victori
1006 535 1092 567 sua
1126 520 1286 584 placet
1317 520 1539 578 victoria,
1565 526 1614 567 et
1636 519 1769 567 victo

387 600 544 662 ipsum
568 605 781 645 certasse
807 595 929 643 ultio
949 603 1037 643 est.

454 673 654 721 Laesisse
678 672 825 719 alium
839 671 949 735 plus
966 688 1112 735 quam
1129 679 1291 735 potest
1306 680 1393 719 aut
1408 672 1513 720 vult
1527 687 1770 734 reparare,

389 749 600 813 disponit
623 764 749 805 eum,
775 747 859 810 qui
894 747 1036 806 laesit,
1061 747 1125 794 ad
1148 747 1314 795 odium
1347 747 1463 795 laesi.
1534 747 1664 794 Nam
1687 753 1773 794 aut

387 826 623 872 ultionem
647 830 874 886 expectat
897 823 974 871 vel
996 823 1205 882 veniam,
1231 840 1438 887 quarum
1460 830 1667 885 utraque
1698 829 1774 869 est

388 901 568 949 odiosa.

454 975 632 1024 Damni
654 975 715 1022 ab
740 974 835 1022 alio
860 982 1019 1022 metus
1042 975 1258 1039 disponit
1280 974 1342 1022 ad
1374 974 1775 1038 anticipationem

388 1052 464 1100 vel
487 1051 550 1099 ad
566 1050 810 1115 parandos
835 1052 1006 1099 socios.
1062 1051 1191 1099 Nam
1214 1058 1272 1098 ut
1291 1050 1398 1114 quis
1422 1050 1537 1098 vitae
1561 1061 1611 1098 et
1633 1050 1776 1098 liber-

387 1128 501 1176 tatis
525 1142 722 1175 securus
747 1126 824 1183 sit,
849 1127 928 1174 via
949 1127 1045 1174 alia
1067 1126 1202 1178 nulla
1219 1132 1308 1173 est.

457 1203 555 1252 Qui
578 1203 786 1265 ingeniis
809 1203 1019 1266 propriis
1047 1203 1290 1262 diffidunt,
1315 1202 1487 1250 melius
1511 1202 1776 1266 disponun-

388 1278 543 1326 turin
578 1278 899 1326 seditionibus
934 1279 998 1326 ad
1019 1279 1293 1337 victoriam,
1321 1295 1466 1341 quam
1499 1278 1584 1337 illi,
1609 1279 1692 1341 qui
1726 1293 1778 1326 se

390 1355 633 1417 sapientes
655 1355 732 1402 vel
747 1362 935 1402 astutos
952 1371 1055 1402 esse
1073 1362 1263 1418 putant.
1300 1355 1428 1402 Nam
1442 1355 1493 1402 hi
1508 1354 1778 1413 consulere,

390 1430 475 1488 illi,
501 1438 776 1478 metuentes
814 1430 989 1494 decipi,
1014 1431 1160 1479 ferire
1182 1431 1371 1494 priores
1396 1439 1578 1479 amant.
1649 1430 1780 1480 Quia

392 1514 558 1553 autem
591 1506 641 1553 in
673 1506 1008 1565 seditionibus,
1033 1507 1257 1555 homines
1290 1507 1426 1569 quasi
1450 1507 1501 1554 in
1524 1506 1781 1570 procinctu

389 1582 544 1645 praelii
569 1598 759 1645 semper
783 1589 911 1641 sunt,
935 1583 1060 1630 bene
1083 1582 1213 1630 inter
1231 1598 1281 1630 se
1306 1582 1582 1630 consentire
1597 1590 1648 1630 et
1664 1581 1781 1629 viri-

390 1659 496 1716 bus,
523 1658 912 1721 quotiescunque
935 1664 1155 1721 possunt,
1179 1658 1268 1715 uti,
1288 1665 1586 1720 stratagema
1608 1657 1781 1705 melius

393 1741 479 1792 est,
517 1750 663 1796 quam
704 1733 836 1797 quod
872 1733 1015 1782 facile
1053 1751 1082 1782 a
1121 1733 1388 1782 subtilitate
1421 1733 1606 1797 ingenii
1646 1732 1782 1781 nasci

393 1817 573 1873 potest.

478 1884 642 1932 Inanis
682 1884 853 1948 gloria,
898 1900 1021 1947 quae,
1063 1885 1198 1932 nullo
1237 1885 1407 1932 innixa
1445 1884 1782 1941 fundament0‚

393 1959 630 2007 virtutum
656 1960 925 2007 alienarum
950 1960 1087 2023 quasi
1125 1976 1323 2008 suarum
1354 1961 1489 2008 fictio
1526 1976 1662 2008 mera
1694 1966 1784 2018 est,

397 2051 519 2097 quos
542 2035 777 2098 possidet,
803 2036 867 2083 ad
890 2036 1285 2094 ostentationem,
1309 2053 1407 2084 non
1433 2036 1496 2084 ad
1519 2036 1788 2100 aggressio-

397 2126 508 2158 nem
532 2119 677 2174 urget
694 2132 705 2167 ;
744 2112 872 2174 quia,
898 2128 1010 2159 cum
1029 2112 1092 2159 ad
1110 2127 1227 2160 vera
1245 2112 1464 2176 pericula
1477 2121 1682 2159 ventum
1697 2118 1786 2168 est,

397 2186 517 2234 nihil
555 2195 831 2250 expectant,
871 2195 1200 2252 praeterquam
1243 2197 1300 2236 ut
1341 2188 1530 2236 vanitas
1570 2187 1787 2251 ipsorum

398 2262 670 2324 detegatur.

465 2337 630 2385 Inanis
667 2337 840 2400 gloria,
885 2355 994 2402 quae
1031 2355 1121 2402 pro
1160 2338 1485 2387 fundamento
1524 2339 1673 2387 habet
1711 2338 1788 2386 vel

399 2412 731 2460 adulationem
755 2413 978 2472 aliorum,
1002 2414 1080 2461 vel
1104 2414 1347 2462 actionem
1371 2414 1584 2478 aliquam
1607 2430 1791 2478 praece-

402 2488 614 2547 dentem,
639 2503 924 2551 prosperam
949 2489 1146 2553 quidem
1170 2490 1255 2538 sed
1278 2491 1549 2550 fortuitam,
1568 2506 1652 2538 eos
1667 2505 1789 2553 quos

400 2564 632 2627 possidet,
658 2563 721 2611 ad
745 2564 994 2627 inceptum
1025 2566 1221 2629 quidem
1252 2566 1399 2625 acuit,
1425 2567 1475 2614 in
1509 2566 1681 2614 mediis
1704 2581 1791 2613 au-

401 2647 502 2686 tem
544 2639 775 2702 periculis
823 2639 1017 2688 deserit.
1089 2642 1262 2705 Itaque
1307 2642 1509 2705 pallent,
1529 2647 1788 2703 tremunt,

402 2714 708 2779 fugiuntque,
731 2715 862 2774 vitae,
888 2732 997 2779 quae
1015 2718 1232 2780 reparari
1246 2734 1346 2765 non
1361 2725 1539 2781 potest,
1556 2715 1792 2781 prospici-

404 2797 541 2836 entes
577 2790 755 2853 potius,
782 2806 928 2853 quam
966 2791 1158 2850 honori,
1183 2808 1329 2855 quem
1363 2793 1589 2841 resarciri
1628 2792 1793 2855 aliquo

405 2864 565 2923 modo,
591 2865 846 2913 mendacio
869 2865 1012 2924 forte,
1037 2882 1182 2929 posse
1207 2875 1422 2930 sperant.
