1968 3236
686 263 758 298 na
786 262 1061 297 CIVITATE.
1477 250 1567 293 139

174 375 313 441 gicis,
338 375 513 439 quibus
538 383 703 445 tamen
729 374 937 438 populus
961 374 1032 421 ita
1066 388 1196 420 nunc
1229 371 1290 419 de
1303 373 1414 435 Jure
1432 370 1570 434 regio

176 451 397 501 eruditus
420 462 510 509 est,
527 459 585 498 ut
609 451 659 497 in
680 450 858 513 Anglia
880 450 1041 512 pauci,
1056 457 1194 512 puto,
1221 463 1351 495 nunc
1369 446 1468 495 sint
1486 445 1569 508 qui

171 528 286 592 jura
307 525 545 590 praedicta
585 525 928 588 inseparabilia
964 539 1070 571 esse
1111 539 1213 571 non
1251 521 1451 570 videant
1471 541 1484 577 ;
1519 528 1570 567 et

177 602 372 667 publice
411 601 627 664 agnituri
668 601 784 658 sint,
809 600 953 648 simul
989 607 1138 663 atque
1160 597 1364 646 redierit
1386 613 1499 660 pax,
1521 602 1572 643 et

179 677 412 742 quamdiu
447 677 782 725 calamitatum
817 676 1174 739 praeteritarum
1221 673 1572 727 meminerint;

178 753 269 803 sed
291 769 391 801 non
411 752 611 811 diutius,
631 753 726 800 nisi
748 752 922 799 melius
940 750 1191 799 erudiatur
1213 749 1439 814 populuS.

247 828 496 879 Quoniam
528 837 694 876 autem
725 829 839 891 jura
871 827 977 875 haec
1015 842 1218 874 summae
1239 823 1474 889 potestati
1497 839 1572 872 ω-

180 905 407 954 sentialia
430 912 480 952 et
503 903 850 968 inseparabilia
883 910 1013 959 sunt,
1040 901 1275 964 sequitur,
1298 908 1354 948 ut
1376 900 1574 963 quibus·

181 996 376 1044 cunque
409 980 572 1027 verbis
611 979 824 1043 separari
860 988 911 1026 et
942 978 1049 1026 aliis
1069 976 1275 1026 concedi
1297 975 1574 1032 videantur,

181 1056 278 1105 nisi
299 1056 533 1120 potestati
557 1072 759 1103 summae
783 1054 927 1102 simul
961 1063 1012 1102 et
1046 1053 1286 1117 expressis
1308 1051 1471 1099 verbis
1497 1066 1575 1099 re-

182 1132 471 1181 nunciatum
491 1132 571 1190 sit,
596 1131 962 1179 concessionem
987 1129 1168 1177 nullam
1188 1143 1321 1182 esse;
1346 1127 1434 1175 sed
1456 1142 1575 1175 con-

184 1222 321 1256 cessa
337 1206 517 1265 omnia,
542 1222 732 1254 summa
754 1213 1014 1269 potestate,
1039 1204 1091 1252 id
1114 1211 1204 1262 est,
1227 1219 1438 1267 persona
1459 1202 1578 1251 eivi-

185 1282 302 1331 tatis
324 1290 535 1337 retenta‚
559 1281 948 1345 inseparabiliter
970 1279 1145 1327 redire.

254 1357 378 1406 Cum
402 1373 520 1421 ergo
545 1357 818 1404 authoritas
842 1356 948 1404 haec
971 1355 1146 1418 ingens
1169 1353 1477 1402 indivisibilis
1501 1353 1580 1411 sit,

186 1440 236 1482 et
259 1433 460 1481 habenti
495 1448 734 1480 summam
768 1438 1063 1495 potestatem
1085 1429 1475 1493 inseparabiliter
1497 1428 1581 1476 ad-

187 1509 392 1568 haereat,
418 1508 527 1572 quis
550 1509 685 1556 color
707 1507 916 1563 inveniri
939 1514 1102 1570 potest
1129 1504 1349 1569 opinioni
1371 1504 1581 1562 illorum,

190 1584 279 1648 qui
297 1583 470 1632 dicunt
484 1583 545 1631 de
560 1583 758 1647 regibus
776 1582 990 1631 civitatis
1008 1597 1267 1646 personam
1282 1579 1582 1644 gerentibus,

188 1659 324 1725 quod
345 1659 444 1708 etsi
466 1658 686 1724 singulis
709 1659 942 1722 majores,
967 1656 1216 1705 universis
1246 1662 1409 1704 tamen
1433 1655 1583 1703 mino-

188 1750 275 1784 res
307 1741 424 1783 aunt
442 1738 472 1783 2
541 1735 671 1783 Nam
695 1735 737 1783 si
759 1750 848 1798 per
870 1734 1128 1782 universos
1151 1731 1434 1795 intelligunt
1466 1730 1585 1778 eivi-

189 1810 308 1860 tatis
340 1825 618 1874 personam,
642 1810 802 1874 ipsum
835 1809 1119 1872 intelligunt
1155 1823 1339 1871 regem.
1411 1807 1584 1870 Itaque

190 1901 279 1934 rex
314 1885 475 1949 seipso
514 1885 676 1933 minor
711 1885 837 1939 erit;
873 1883 1006 1948 quod
1041 1891 1117 1932 est
1146 1882 1428 1931 absurdum.
1498 1881 1584 1929 Sin

192 1975 284 2024 per
327 1960 584 2008 universos
628 1959 992 2008 multitudinem
1036 1958 1321 2021 intelligunt
1356 1957 1583 2015 solutam,

193 2035 412 2099 singulos
446 2035 742 2100 intelligunt.
837 2035 1009 2098 Itaque
1044 2050 1146 2093 rex,
1185 2034 1269 2097 qui
1304 2034 1460 2096 major
1486 2033 1585 2080 sin-

191 2111 319 2176 gulis
341 2120 431 2170 oet,
451 2113 610 2175 major
633 2127 828 2175 quoque
846 2111 940 2159 erit
956 2110 1193 2158 universis
1211 2130 1224 2164 ;
1260 2108 1393 2173 quod
1407 2108 1586 2156 iterum

194 2195 271 2236 est
293 2187 577 2235 absurdum.
647 2188 706 2235 In
741 2187 939 2235 civitate
973 2194 1155 2243 autem,
1179 2185 1265 2232 ubi
1289 2199 1477 2231 summa
1498 2198 1585 2245 po-

194 2270 347 2312 testas
377 2271 453 2311 aet
475 2263 525 2311 in
550 2271 684 2311 coetu
706 2262 948 2327 populari,
977 2261 1192 2310 absurda
1213 2261 1319 2308 haec
1337 2274 1444 2307 esse
1468 2257 1586 2305 satis

195 2337 394 2394 vident;
428 2338 480 2386 in
503 2339 788 2386 monarchia
808 2354 908 2386 non
926 2337 1110 2396 vident,
1128 2351 1409 2400 quanquam
1423 2340 1586 2396 potes-

195 2420 273 2462 tas
294 2428 499 2471 summa,
522 2413 802 2477 ubieunque
825 2412 1111 2469 collocatur,
1136 2411 1306 2460 eadem
1330 2416 1419 2457 est.

267 2488 408 2537 Sicut
442 2495 608 2536 autem
631 2497 851 2552 potestas
882 2504 1074 2536 summa
1097 2487 1216 2535 civis
1254 2486 1589 2547 cujuscunque

197 2571 442 2628 potestate
454 2565 614 2627 major
627 2572 718 2622 est,
733 2564 805 2612 ita
822 2571 872 2611 et
890 2563 1051 2611 honor
1068 2562 1160 2626 ipsi
1176 2561 1368 2609 debitus
1386 2558 1588 2615 honore,

198 2638 288 2702 qui
302 2638 511 2687 debetur
523 2639 798 2703 cuicunque
812 2647 863 2687 et
879 2647 1196 2702 quotcunque
1214 2635 1414 2691 civibuS,
1432 2633 1590 2696 major

201 2721 292 2763 est.
361 2713 462 2763 Qui
485 2722 783 2778 potestatem
805 2714 955 2762 habet
988 2727 1244 2769 summam,
1269 2710 1511 2757 honorum
1538 2714 1591 2755 et

202 2789 499 2853 dignitatum
533 2790 750 2838 omnium
773 2790 884 2838 fons.
917 2796 1024 2842 est;
1060 2796 1111 2835 et
1143 2787 1270 2834 sicut
1304 2798 1469 2831 eoram
1503 2781 1591 2830 do-

201 2865 335 2913 mino
356 2864 553 2913 familiae
576 2866 702 2913 servi
731 2865 915 2928 filiique
938 2879 1105 2911 omnes
1140 2863 1268 2910 inter
1290 2874 1341 2906 se
1365 2857 1592 2921 aequales,

1588 392 1691 425 CAP.
1712 391 1851 424 xvm.

1623 446 1814 469 *q——d

1589 488 1633 516 De
1647 488 1711 524 jure
1723 487 1772 515 hn-

1587 532 1719 559 bentium
1732 534 1823 568 potes-

1588 578 1676 602 tatem
1688 583 1836 602 summam

1588 618 1619 646 in
1638 618 1755 646 civitate
1779 626 1832 654 per

1587 661 1807 690 institutionem.
