1968 3236
395 277 486 320 190
889 288 959 320 DE
988 288 1261 321 elvrrATE.

119 413 219 445 CAP.
238 415 369 450 xxw.
391 398 587 446 colonia
610 406 695 446 aut
719 398 889 446 civitas
915 405 988 446 est
1009 417 1019 446 ε
1056 407 1113 446 ut
1137 399 1333 462 quando
1357 415 1386 446 a
1410 399 1622 456 civitate,
1647 397 1780 445 unde

144 470 328 491 ἣ-Ὓ-α

105 514 150 542 De
163 517 288 546 civitatis
301 519 339 547 sa-

388 474 534 522 missa
557 482 644 532 est,
672 475 1035 538 emancipatur;
1072 475 1204 537 quod
1226 491 1338 523 cum
1351 476 1423 533 fit,
1448 475 1632 533 civitas,
1648 473 1779 521 unde

104 558 212 588 mutate
230 562 371 591 nutritiva
387 549 533 597 missa
575 558 663 608 est,
700 549 990 614 metropolis
1038 550 1242 598 coloniae
1285 550 1382 598 dici
1429 549 1582 603 solet;
1620 564 1779 611 neque

102 605 131 629 et
144 605 317 639 generativa.

385 626 591 688 amplius
610 642 639 672 a
662 625 853 672 colonia
867 625 1100 688 postulat,
1118 641 1264 689 quam
1283 642 1312 672 a
1326 625 1438 672 filiis
1458 624 1778 687 emancipatis

384 704 630 767 postulare
672 704 830 750 solent
866 712 1047 766 patres,
1070 719 1246 766 nempe
1274 704 1513 751 honorem
1536 712 1585 750 et
1610 702 1778 750 amici-

384 780 530 827 tiam:
568 787 653 827 aut
689 779 915 838 civitatis,
962 779 1094 827 unde
1135 780 1364 835 mittitur,
1395 796 1508 843 pars
1546 786 1635 837 est,
1676 778 1777 826 sive

383 855 648 918 provincia.
720 855 1032 903 Coloniarum
1051 871 1168 918 ergo
1187 857 1267 918 jus
1292 855 1537 918 dependet
1560 871 1590 902 a
1620 854 1775 902 literis

383 933 588 996 publicis
612 949 794 992 earum,
819 950 849 982 a
872 934 1048 997 quibus
1072 941 1188 981 sunt
1203 934 1432 992 conditae,
1454 934 1724 982 civitatum.

956 1125 1211 1132 ῤ-

874 1262 1089 1310 CAPUT
1127 1261 1287 1309 XXV.

918 1378 980 1410 DE
1010 1378 1243 1410 CONSILIO.

386 1455 465 1503 DE
503 1462 681 1503 natura
716 1471 879 1502 rerum
903 1471 963 1502 ex
999 1453 1233 1517 loquendi
1270 1453 1623 1502 consuetudine
1646 1453 1777 1518 judi-

384 1549 512 1591 care,
533 1549 678 1595 quam
702 1532 766 1580 sit
788 1532 952 1590 fallax,
971 1547 1214 1594 nusquam
1228 1531 1382 1593 magis
1401 1537 1604 1594 apparet
1628 1546 1775 1594 quam

384 1611 436 1658 in
452 1611 652 1658 vocibus
671 1609 927 1658 consilium
943 1616 991 1656 et
1008 1610 1304 1673 imperatum
1319 1626 1338 1662 ;
1364 1624 1572 1670 quorum
1585 1615 1775 1656 utrum-

383 1702 478 1749 que
515 1686 818 1749 significatur
858 1685 1082 1743 dicendo,
1115 1684 1206 1731 hoc
1225 1683 1332 1746 fac
1353 1701 1371 1737 ;
1408 1700 1517 1746 quae
1548 1699 1645 1731 vox
1673 1699 1771 1731 non

382 1761 529 1810 modo
552 1761 855 1824 imperantis,
881 1759 966 1807 sed
990 1759 1138 1807 etiam
1153 1758 1451 1806 consulentis
1467 1765 1517 1806 et
1529 1759 1774 1806 hortantis

381 1843 470 1884 est.
541 1837 688 1884 Pauci
707 1844 871 1884 tamen
888 1842 1017 1893 sunt,
1035 1835 1119 1898 qui
1134 1834 1327 1882 diversa
1350 1849 1455 1881 esse
1479 1834 1774 1897 imperatum

381 1919 432 1959 et
447 1913 725 1960 consultum
743 1928 842 1959 non
860 1911 975 1959 satis
990 1911 1162 1968 sciant,
1179 1910 1256 1957 vel
1275 1909 1488 1972 (quoties
1509 1910 1616 1972 quis
1636 1918 1687 1958 et
1710 1909 1775 1958 ad

381 2004 525 2051 quem
539 1988 758 2052 loquitur
773 1988 1097 2050 cognoscunt)
1116 2002 1215 2034 non
1232 1985 1346 2033 satis
1367 1985 1495 2033 inter
1509 2001 1567 2033 ea
1581 1986 1774 2049 possint

380 2063 669 2112 discernere.
713 2063 810 2111 Sed
833 2064 884 2110 in
903 2063 1220 2125 scriptoribus
1234 2077 1378 2109 voces
1397 2061 1503 2109 illas
1518 2061 1773 2125 negligen-

381 2147 458 2187 ter
479 2145 848 2202 praetereuntes,
871 2138 1014 2186 multi
1042 2144 1345 2201 praeceptum
1370 2136 1512 2195 illius,
1539 2138 1623 2200 qui
1656 2153 1774 2186 con-

380 2214 541 2263 silium
570 2215 670 2273 dat,
697 2221 745 2263 et
779 2221 1082 2278 praeceptum
1105 2213 1249 2270 illius,
1276 2212 1359 2276 qui
1383 2213 1606 2275 imperat,
1642 2212 1774 2260 idem

381 2306 485 2339 esse
525 2298 717 2355 putant.
788 2291 858 2338 Ut
897 2305 1014 2353 ergo
1055 2297 1189 2336 recte
1220 2288 1523 2351 intelligatur
1560 2288 1680 2351 quid
1709 2288 1774 2336 sit

379 2367 649 2432 imperare,
675 2365 792 2430 quid
815 2366 877 2414 sit
902 2364 1154 2413 consilium
1180 2364 1322 2423 dare,
1341 2375 1390 2411 et
1415 2363 1532 2426 quid
1556 2363 1772 2423 hortari,

379 2458 524 2490 voces
541 2442 648 2490 illas
671 2442 740 2490 sic
764 2441 959 2489 definio.

447 2518 712 2583 Imperare
736 2516 930 2574 dicitur,
956 2515 1039 2579 qui
1064 2514 1184 2562 dicit
1208 2514 1410 2578 hocfac
1434 2514 1510 2561 vel
1534 2530 1629 2561 non
1645 2514 1769 2577 sac,

380 2594 444 2642 ad
467 2594 605 2642 illum
636 2593 719 2657 qui
753 2592 994 2641 rationem
1031 2590 1150 2638 dicti
1187 2591 1238 2638 in
1273 2590 1525 2638 voluntate
1561 2589 1770 2638 dicentis

380 2670 523 2717 sitam
547 2685 651 2717 esse
683 2668 789 2717 scit.
861 2666 1094 2730 Sequitur
1130 2665 1245 2713 hinc
1283 2681 1410 2723 eum,
1436 2665 1520 2728 qui
1544 2665 1768 2729 imperat,

381 2745 455 2794 sui
474 2745 624 2809 ipsius
638 2744 755 2793 boni
773 2758 919 2791 causa
942 2741 991 2789 id
1008 2741 1184 2800 facere,
1201 2757 1311 2789 cum
1331 2741 1639 2789 voluntatem
1654 2756 1770 2805 pro-

379 2820 537 2884 priam
550 2836 640 2884 pro
658 2820 848 2868 ratione
861 2817 1031 2866 haberi
1045 2817 1275 2881 postulat.
1325 2818 1587 2880 Objectum
1604 2823 1770 2865 autem

382 2896 643 2945 voluntatis
666 2910 856 2959 semper
879 2892 1078 2957 aliquod
1100 2892 1284 2941 volenti
1306 2893 1490 2941 bonum
1513 2898 1601 2940 est.
