1968 3236
172 435 439 469 CARXXXIV.

217 489 405 511 κ-Υ-μ

177 529 222 558 De
232 530 440 567 significatione

176 582 264 610 quam
283 573 391 601 habent
410 573 439 600 in

177 616 332 653 Scripturis
346 616 440 644 Sacris

176 659 317 687 vocabula
343 659 421 696 spiri-

177 705 233 735 tus,
254 702 382 739 angelus,
400 702 441 729 in-

174 745 293 781 spititio.

461 293 555 337 286
780 303 849 335 nn
877 301 1131 335 clvrrA'rE
1160 300 1514 334 cnms'rlANA.

458 422 620 461 autem
647 413 819 468 Sacris,
843 412 1124 474 plerumque
1143 412 1365 459 nuncium
1381 428 1412 459 a
1439 413 1560 459 Dec.
1609 411 1832 460 Nuncius

458 496 618 536 autem
647 504 677 534 a
706 488 823 545 Deo,
849 494 921 534 est
955 502 1097 533 omne
1132 486 1198 544 id,
1223 503 1311 549 per
1343 487 1472 550 quod
1505 488 1635 535 Deus
1664 503 1832 551 super-

457 563 742 611 naturaliter
764 563 1070 624 praesentiam
1101 562 1200 609 sive
1231 563 1498 625 potentiam
1526 564 1629 626 ejus
1669 573 1830 611 extra-

456 638 746 686 ordinariam
770 637 1072 685 manifestam
1086 637 1219 697 facit,
1234 638 1474 701 praecipue
1494 655 1606 687 vero
1630 639 1680 686 in
1705 655 1830 686 som-

457 713 548 760 niis
574 722 623 760 et
646 713 923 760 visionibus.

528 789 600 836 De
646 788 889 836 creatione
935 789 1216 851 angelorum
1262 789 1312 837 in
1359 790 1620 852 Scripturis
1668 789 1829 838 Sacris

457 864 646 911 disertis
691 863 849 910 verbis
895 864 1016 911 nihil
1062 864 1285 912 traditur.
1369 865 1637 927 Scriptores
1681 865 1830 928 igitur

456 939 764 987 ecclesiastici
789 939 848 986 de
871 947 1045 987 natura
1069 941 1351 1003 angelorum
1375 940 1679 988 dissentiunt.
1733 940 1828 987 Ve-

454 1023 612 1063 terum
636 1022 798 1062 autem
822 1015 1020 1062 Patrum
1048 1015 1233 1078 aliquot
1263 1015 1625 1062 eminentissimi
1657 1031 1828 1078 corpo-

455 1107 561 1138 reos
581 1106 662 1137 eos
682 1106 786 1137 esse
808 1097 1123 1153 putaverunt;
1160 1091 1240 1138 alii
1259 1090 1478 1138 nonnulli
1502 1090 1825 1153 incorporeos.

454 1166 703 1213 Vocantur
725 1165 904 1228 passim
927 1165 978 1212 in
998 1165 1260 1228 Scripturis
1285 1165 1495 1228 spiritus.
1565 1165 1663 1213 Sed
1686 1165 1826 1229 spiri-

452 1249 546 1299 tus,
570 1248 674 1288 tum
708 1257 737 1287 a
770 1241 1086 1304 scriptoribus
1117 1240 1300 1288 Judaeis
1333 1248 1437 1287 tum
1460 1240 1656 1299 Graecis,
1681 1240 1827 1289 modo

453 1332 656 1379 corpora
674 1316 881 1374 subtilia,
904 1323 960 1364 ut
982 1332 1080 1374 aer,
1106 1324 1292 1374 ventus,
1319 1316 1610 1379 spiritusque
1643 1316 1826 1364 anima-

451 1391 600 1445 lium;
649 1391 794 1438 modo
828 1391 1170 1453 phantasmata
1204 1391 1553 1450 existimantur,
1595 1407 1702 1454 quae
1735 1407 1827 1439 nec

451 1466 599 1514 realia
622 1474 748 1525 sunt,
773 1482 862 1514 nec
889 1466 1070 1514 diutius
1093 1473 1379 1529 permanent
1410 1482 1555 1528 quam
1587 1467 1826 1514 somnium

453 1549 502 1589 et
523 1542 642 1590 visio
665 1542 716 1589 in
750 1558 844 1604 qua
879 1550 1130 1605 apparent.
1201 1541 1324 1589 Quae
1354 1541 1694 1604 phantasmata
1726 1542 1826 1590 sive

453 1617 793 1680 apparitiones,
820 1617 911 1665 etsi
935 1617 1218 1665 substantiae
1241 1633 1339 1664 non
1363 1617 1476 1675 sint,
1500 1616 1584 1664 sed
1606 1617 1826 1665 acciden-

452 1693 521 1740 tia
543 1709 834 1756 organorum
859 1693 1098 1741 sentiendi
1121 1714 1132 1747 ;
1170 1692 1363 1755 quando
1382 1701 1543 1740 tamen
1566 1709 1596 1740 a
1619 1693 1737 1751 Deo,
1761 1692 1825 1740 ad

452 1769 750 1816 voluntatem
791 1785 927 1816 suam
972 1768 1354 1831 significandam,
1397 1768 1826 1831 supernaturaliter

452 1844 800 1906 producuntur,
824 1860 924 1892 non
962 1844 1222 1907 improprie
1254 1844 1419 1891 nuncii
1451 1860 1480 1891 a
1515 1844 1634 1902 Deo,
1659 1843 1710 1891 id
1733 1852 1824 1902 est,

452 1918 610 1981 angeli
633 1920 952 1982 appellantur.

518 1994 578 2041 Et
613 1995 737 2042 sicut
770 2002 939 2058 gentes
972 1995 1309 2058 phantasmata
1343 1994 1684 2042 somniantium
1714 1994 1826 2041 sub-

452 2070 655 2116 stantias
679 2070 830 2117 reales
855 2086 959 2117 esse
990 2069 1400 2126 existimaverunt,
1425 2076 1473 2116 et
1502 2069 1614 2116 inde
1651 2068 1827 2117 doctri-

452 2160 563 2191 nam
579 2160 714 2192 suam
734 2145 792 2192 de
807 2146 948 2193 bonis
963 2154 1013 2193 et
1031 2145 1170 2192 malis
1186 2145 1484 2193 daemonibus
1500 2144 1824 2192 deduxerunt:

451 2219 521 2267 ita
535 2220 679 2268 etiam
692 2221 720 2269 J
724 2221 865 2281 udaei,
882 2221 984 2269 sine
999 2221 1187 2268 Veteris
1201 2220 1498 2268 Testamenti
1514 2219 1824 2278 authoritate,

452 2303 712 2344 tenuerunt
734 2295 834 2343 fere
868 2312 1050 2354 omnes,
1075 2296 1288 2359 exceptis
1322 2295 1613 2355 Sadducaeis,
1638 2294 1826 2358 appari-

450 2370 606 2418 tiones
639 2371 744 2418 illas
778 2387 881 2418 esse
916 2371 1129 2434 angelos,
1156 2387 1246 2418 nec
1270 2370 1541 2434 dependere
1571 2370 1767 2419 omnino
1795 2386 1825 2418 a

450 2446 721 2508 phantasia,
746 2446 830 2494 sed
855 2462 959 2493 esse
984 2447 1074 2494 Dei
1093 2454 1339 2494 creaturas
1356 2453 1722 2509 permanentes;
1757 2454 1823 2505 et,

450 2529 506 2566 ut
537 2520 708 2579 Graeci,
734 2520 853 2568 alios
877 2536 1043 2567 eorum
1067 2521 1220 2568 bonos
1244 2537 1363 2579 esse,
1391 2528 1438 2568 et
1469 2520 1666 2584 angelos
1700 2520 1822 2576 Dei;

449 2594 568 2642 alios
592 2595 758 2653 malos,
783 2595 938 2658 qualis
973 2603 1078 2643 erat
1103 2596 1300 2658 spiritus
1324 2596 1529 2659 Python,
1553 2603 1604 2643 et
1626 2595 1822 2659 spiritus

451 2670 658 2718 hominis
681 2679 844 2718 mente
863 2670 993 2732 capti
1007 2670 1082 2717 vel
1098 2670 1315 2730 lunatici,
1334 2679 1384 2718 et
1402 2670 1660 2734 epileptici.
1696 2670 1823 2718 Nam

449 2744 724 2807 hujusmodi
757 2745 976 2794 homines
1010 2745 1139 2808 apud
1171 2746 1366 2794 Judaeos
1399 2746 1701 2795 habebantur
1733 2761 1821 2809 pro

448 2819 771 2869 daemoniacis.

517 2895 567 2942 Si
586 2895 692 2943 loca
708 2895 1004 2944 Testamenti
1021 2895 1225 2951 Veteris,
1239 2896 1322 2943 ubi
1339 2897 1621 2957 angelorum
1639 2895 1820 2944 mentio
