<?xml version="1.0" encoding="UTF-8"?>
<!DOCTYPE html PUBLIC "-//W3C//DTD XHTML 1.0 Transitional//EN"
    "http://www.w3.org/TR/xhtml1/DTD/xhtml1-transitional.dtd">
<html xmlns="http://www.w3.org/1999/xhtml" xml:lang="en" lang="en">
 <head>
  <title>
</title>
<meta http-equiv="Content-Type" content="text/html;charset=utf-8" />
  <meta name='ocr-system' content='tesseract 3.04.00' />
  <meta name='ocr-capabilities' content='ocr_page ocr_carea ocr_par ocr_line ocrx_word'/>
</head>
<body>
  <div class='ocr_page' id='page_1' title='image "./operaphilosophic03hobbuoft_0154.png"; bbox 0 0 1968 3236; ppageno 0'>
   <div class='ocr_carea' id='block_1_1' title="bbox 382 211 1248 254">
    <p class='ocr_par' dir='ltr' id='par_1_1' title="bbox 382 211 1248 254">
     <span class='ocr_line' id='line_1_1' title="bbox 382 211 1248 254; baseline 0.002 -2"><span class='ocrx_word' id='word_1_1' title='bbox 382 211 471 254; x_wconf 87' lang='grc'><strong>142</strong></span> <span class='ocrx_word' id='word_1_2' title='bbox 880 221 950 253; x_wconf 77' lang='lat' dir='ltr'><strong>nn</strong></span> <span class='ocrx_word' id='word_1_3' title='bbox 974 220 1248 254; x_wconf 75' lang='lat' dir='ltr'><strong>elvrrATE.</strong></span> 
     </span>
    </p>
   </div>
   <div class='ocr_carea' id='block_1_2' title="bbox 111 330 1763 394">
    <p class='ocr_par' dir='ltr' id='par_1_2' title="bbox 111 330 1763 394">
     <span class='ocr_line' id='line_1_2' title="bbox 111 330 1763 394; baseline -0.001 -14"><span class='ocrx_word' id='word_1_4' title='bbox 111 351 214 384; x_wconf 79' lang='lat' dir='ltr'><strong>cAp.</strong></span> <span class='ocrx_word' id='word_1_5' title='bbox 234 353 335 386; x_wconf 69' lang='lat' dir='ltr'><strong>mx,</strong></span> <span class='ocrx_word' id='word_1_6' title='bbox 371 332 739 379; x_wconf 79' lang='lat' dir='ltr'>multitudinem</span> <span class='ocrx_word' id='word_1_7' title='bbox 755 330 1205 394; x_wconf 79' lang='lat' dir='ltr'><strong>repraesentandam</strong></span> <span class='ocrx_word' id='word_1_8' title='bbox 1217 332 1324 393; x_wconf 87' lang='lat' dir='ltr'><strong>jure</strong></span> <span class='ocrx_word' id='word_1_9' title='bbox 1344 330 1457 394; x_wconf 81' lang='lat' dir='ltr'>eligi</span> <span class='ocrx_word' id='word_1_10' title='bbox 1471 347 1569 378; x_wconf 91' lang='lat' dir='ltr'><strong>non</strong></span> <span class='ocrx_word' id='word_1_11' title='bbox 1583 338 1763 394; x_wconf 85' lang='lat' dir='ltr'><strong>potest,</strong></span> 
     </span>
    </p>
   </div>
   <div class='ocr_carea' id='block_1_3' title="bbox 85 407 315 650">
    <p class='ocr_par' dir='ltr' id='par_1_3' title="bbox 85 407 315 650">
     <span class='ocr_line' id='line_1_3' title="bbox 125 407 315 429; baseline 0 -8"><span class='ocrx_word' id='word_1_12' title='bbox 125 407 315 429; x_wconf 40' lang='lat' dir='ltr'><strong>h-—q—-d</strong></span> 
     </span>
     <span class='ocr_line' id='line_1_4' title="bbox 88 447 303 484; baseline 0.014 -10"><span class='ocrx_word' id='word_1_13' title='bbox 88 447 133 474; x_wconf 84' lang='lat' dir='ltr'><strong>De</strong></span> <span class='ocrx_word' id='word_1_14' title='bbox 149 449 303 484; x_wconf 83' lang='lat' dir='ltr'><strong>generibus</strong></span> 
     </span>
     <span class='ocr_line' id='line_1_5' title="bbox 87 490 304 529; baseline 0.009 -11"><span class='ocrx_word' id='word_1_15' title='bbox 87 490 239 519; x_wconf 81' lang='lat' dir='ltr'><strong>civitatum</strong></span> <span class='ocrx_word' id='word_1_16' title='bbox 252 501 304 529; x_wconf 84' lang='lat' dir='ltr'><strong>per</strong></span> 
     </span>
     <span class='ocr_line' id='line_1_6' title="bbox 85 534 307 570; baseline 0.009 -9"><span class='ocrx_word' id='word_1_17' title='bbox 85 534 307 570; x_wconf 80' lang='lat' dir='ltr'><strong>institutionem,</strong></span> 
     </span>
     <span class='ocr_line' id='line_1_7' title="bbox 85 577 306 607; baseline 0.014 -3"><span class='ocrx_word' id='word_1_18' title='bbox 85 580 115 604; x_wconf 88' lang='lat' dir='ltr'><strong>et</strong></span> <span class='ocrx_word' id='word_1_19' title='bbox 137 577 173 605; x_wconf 80' lang='lat' dir='ltr'><strong>de</strong></span> <span class='ocrx_word' id='word_1_20' title='bbox 194 587 306 607; x_wconf 73' lang='lat' dir='ltr'><strong>succes-</strong></span> 
     </span>
     <span class='ocr_line' id='line_1_8' title="bbox 85 620 304 650; baseline 0.014 -3"><span class='ocrx_word' id='word_1_21' title='bbox 85 620 166 648; x_wconf 82' lang='lat' dir='ltr'>sione</span> <span class='ocrx_word' id='word_1_22' title='bbox 177 622 214 649; x_wconf 79' lang='lat' dir='ltr'><strong>ad</strong></span> <span class='ocrx_word' id='word_1_23' title='bbox 227 631 304 650; x_wconf 89' lang='lat' dir='ltr'><strong>sum-</strong></span> 
     </span>
    </p>
   </div>
   <div class='ocr_carea' id='block_1_4' title="bbox 371 407 1763 621">
    <p class='ocr_par' dir='ltr' id='par_1_4' title="bbox 371 407 1763 621">
     <span class='ocr_line' id='line_1_9' title="bbox 372 407 1763 469; baseline -0.001 -14"><span class='ocrx_word' id='word_1_24' title='bbox 372 409 465 456; x_wconf 89' lang='lat' dir='ltr'><strong>nisi</strong></span> <span class='ocrx_word' id='word_1_25' title='bbox 489 409 552 455; x_wconf 92' lang='lat' dir='ltr'><strong>ad</strong></span> <span class='ocrx_word' id='word_1_26' title='bbox 575 415 709 455; x_wconf 91' lang='lat' dir='ltr'><strong>certa</strong></span> <span class='ocrx_word' id='word_1_27' title='bbox 733 416 779 454; x_wconf 92' lang='lat' dir='ltr'><strong>et</strong></span> <span class='ocrx_word' id='word_1_28' title='bbox 805 424 834 454; x_wconf 92' lang='lat' dir='ltr'><strong>a</strong></span> <span class='ocrx_word' id='word_1_29' title='bbox 858 407 1126 454; x_wconf 89' lang='lat' dir='ltr'><strong>monarcha</strong></span> <span class='ocrx_word' id='word_1_30' title='bbox 1150 407 1353 454; x_wconf 87' lang='lat' dir='ltr'><strong>definita</strong></span> <span class='ocrx_word' id='word_1_31' title='bbox 1376 407 1589 469; x_wconf 85' lang='lat' dir='ltr'><strong>negotia,</strong></span> <span class='ocrx_word' id='word_1_32' title='bbox 1605 422 1763 469; x_wconf 91' lang='lat' dir='ltr'><strong>neque</strong></span> 
     </span>
     <span class='ocr_line' id='line_1_10' title="bbox 371 483 1762 546; baseline -0.001 -15"><span class='ocrx_word' id='word_1_33' title='bbox 371 484 466 531; x_wconf 89' lang='lat' dir='ltr'><strong>hoc</strong></span> <span class='ocrx_word' id='word_1_34' title='bbox 490 484 769 531; x_wconf 78' lang='lat' dir='ltr'><strong>monarchae</strong></span> <span class='ocrx_word' id='word_1_35' title='bbox 794 483 996 545; x_wconf 67' lang='lat' dir='ltr'><strong>injussu</strong></span> <span class='ocrx_word' id='word_1_36' title='bbox 1051 483 1247 546; x_wconf 87' lang='lat' dir='ltr'>Alioqui</span> <span class='ocrx_word' id='word_1_37' title='bbox 1268 484 1397 530; x_wconf 89' lang='lat' dir='ltr'><strong>enim</strong></span> <span class='ocrx_word' id='word_1_38' title='bbox 1421 499 1659 531; x_wconf 86' lang='lat' dir='ltr'><strong>summam</strong></span> <span class='ocrx_word' id='word_1_39' title='bbox 1676 498 1762 545; x_wconf 92' lang='lat' dir='ltr'><strong>po-</strong></span> 
     </span>
     <span class='ocr_line' id='line_1_11' title="bbox 372 558 1760 621; baseline -0.002 -14"><span class='ocrx_word' id='word_1_40' title='bbox 372 567 600 607; x_wconf 81' lang='lat' dir='ltr'><strong>testatem</strong></span> <span class='ocrx_word' id='word_1_41' title='bbox 624 560 862 606; x_wconf 89' lang='lat' dir='ltr'><strong>haberent</strong></span> <span class='ocrx_word' id='word_1_42' title='bbox 885 559 995 606; x_wconf 89' lang='lat' dir='ltr'><strong>duae</strong></span> <span class='ocrx_word' id='word_1_43' title='bbox 1021 559 1164 606; x_wconf 88' lang='lat' dir='ltr'><strong>simul</strong></span> <span class='ocrx_word' id='word_1_44' title='bbox 1188 567 1274 606; x_wconf 89' lang='lat' dir='ltr'><strong>aut</strong></span> <span class='ocrx_word' id='word_1_45' title='bbox 1291 558 1455 621; x_wconf 88' lang='lat' dir='ltr'><strong>plures</strong></span> <span class='ocrx_word' id='word_1_46' title='bbox 1470 574 1693 621; x_wconf 79' lang='lat' dir='ltr'><strong>personae</strong></span> <span class='ocrx_word' id='word_1_47' title='bbox 1708 558 1760 605; x_wconf 93' lang='lat' dir='ltr'><strong>in</strong></span> 
     </span>
    </p>
   </div>
   <div class='ocr_carea' id='block_1_5' title="bbox 86 634 1759 703">
    <p class='ocr_par' dir='ltr' id='par_1_5' title="bbox 86 634 1759 703">
     <span class='ocr_line' id='line_1_12' title="bbox 86 634 1759 703; baseline -0.002 -19"><span class='ocrx_word' id='word_1_48' title='bbox 86 668 351 703; x_wconf 72' lang='lat' dir='ltr'><strong>mumpotestatem.</strong></span> <span class='ocrx_word' id='word_1_49' title='bbox 372 636 541 683; x_wconf 90' lang='lat' dir='ltr'><strong>eadem</strong></span> <span class='ocrx_word' id='word_1_50' title='bbox 574 636 786 693; x_wconf 88' lang='lat' dir='ltr'><strong>civitate,</strong></span> <span class='ocrx_word' id='word_1_51' title='bbox 811 651 919 697; x_wconf 83' lang='lat' dir='ltr'><strong>quae</strong></span> <span class='ocrx_word' id='word_1_52' title='bbox 945 635 1058 682; x_wconf 92' lang='lat' dir='ltr'><strong>inde</strong></span> <span class='ocrx_word' id='word_1_53' title='bbox 1082 636 1133 681; x_wconf 91' lang='lat' dir='ltr'><strong>in</strong></span> <span class='ocrx_word' id='word_1_54' title='bbox 1158 634 1493 682; x_wconf 89' lang='lat' dir='ltr'><strong>conditionem</strong></span> <span class='ocrx_word' id='word_1_55' title='bbox 1516 634 1631 681; x_wconf 89' lang='lat' dir='ltr'><strong>belli</strong></span> <span class='ocrx_word' id='word_1_56' title='bbox 1656 650 1759 681; x_wconf 91' lang='lat' dir='ltr'><strong>om-</strong></span> 
     </span>
    </p>
   </div>
   <div class='ocr_carea' id='block_1_6' title="bbox 354 710 1761 2894">
    <p class='ocr_par' dir='ltr' id='par_1_6' title="bbox 354 710 1761 2442">
     <span class='ocr_line' id='line_1_13' title="bbox 369 710 1761 768; baseline -0.002 -9"><span class='ocrx_word' id='word_1_57' title='bbox 369 712 505 759; x_wconf 92' lang='lat' dir='ltr'><strong>nium</strong></span> <span class='ocrx_word' id='word_1_58' title='bbox 530 718 702 759; x_wconf 89' lang='lat' dir='ltr'><strong>contra</strong></span> <span class='ocrx_word' id='word_1_59' title='bbox 741 726 910 758; x_wconf 90' lang='lat' dir='ltr'><strong>omnes</strong></span> <span class='ocrx_word' id='word_1_60' title='bbox 942 711 1276 768; x_wconf 80' lang='lat' dir='ltr'><strong>reduceretur,</strong></span> <span class='ocrx_word' id='word_1_61' title='bbox 1301 717 1474 757; x_wconf 90' lang='lat' dir='ltr'><strong>contra</strong></span> <span class='ocrx_word' id='word_1_62' title='bbox 1502 710 1650 756; x_wconf 88' lang='lat' dir='ltr'><strong>finem</strong></span> <span class='ocrx_word' id='word_1_63' title='bbox 1685 710 1761 757; x_wconf 91' lang='lat' dir='ltr'><strong>in-</strong></span> 
     </span>
     <span class='ocr_line' id='line_1_14' title="bbox 368 785 1759 848; baseline -0.002 -13"><span class='ocrx_word' id='word_1_64' title='bbox 368 787 649 835; x_wconf 89' lang='lat' dir='ltr'><strong>stitutionis.</strong></span> <span class='ocrx_word' id='word_1_65' title='bbox 721 786 859 834; x_wconf 85' lang='lat' dir='ltr'><strong>Sicut</strong></span> <span class='ocrx_word' id='word_1_66' title='bbox 881 793 1046 833; x_wconf 90' lang='lat' dir='ltr'><strong>autem</strong></span> <span class='ocrx_word' id='word_1_67' title='bbox 1070 786 1122 833; x_wconf 88' lang='lat' dir='ltr'><strong>in</strong></span> <span class='ocrx_word' id='word_1_68' title='bbox 1148 794 1282 833; x_wconf 88' lang='lat' dir='ltr'><strong>coetu</strong></span> <span class='ocrx_word' id='word_1_69' title='bbox 1316 785 1484 848; x_wconf 87' lang='lat' dir='ltr'><strong>populi</strong></span> <span class='ocrx_word' id='word_1_70' title='bbox 1520 801 1759 833; x_wconf 89' lang='lat' dir='ltr'><strong>summam</strong></span> 
     </span>
     <span class='ocr_line' id='line_1_15' title="bbox 367 860 1759 926; baseline -0.001 -15"><span class='ocrx_word' id='word_1_71' title='bbox 367 864 578 911; x_wconf 85' lang='lat' dir='ltr'><strong>habente</strong></span> <span class='ocrx_word' id='word_1_72' title='bbox 601 870 913 926; x_wconf 89' lang='lat' dir='ltr'><strong>potestatem,</strong></span> <span class='ocrx_word' id='word_1_73' title='bbox 939 862 1024 925; x_wconf 88' lang='lat' dir='ltr'><strong>qui</strong></span> <span class='ocrx_word' id='word_1_74' title='bbox 1048 862 1177 909; x_wconf 89' lang='lat' dir='ltr'><strong>cives</strong></span> <span class='ocrx_word' id='word_1_75' title='bbox 1202 861 1294 909; x_wconf 89' lang='lat' dir='ltr'><strong>sibi</strong></span> <span class='ocrx_word' id='word_1_76' title='bbox 1319 860 1538 908; x_wconf 88' lang='lat' dir='ltr'><strong>subditos</strong></span> <span class='ocrx_word' id='word_1_77' title='bbox 1560 877 1648 924; x_wconf 91' lang='lat' dir='ltr'><strong>per</strong></span> <span class='ocrx_word' id='word_1_78' title='bbox 1670 861 1759 909; x_wconf 92' lang='lat' dir='ltr'><strong>ho-</strong></span> 
     </span>
     <span class='ocr_line' id='line_1_16' title="bbox 368 936 1758 1002; baseline -0.001 -16"><span class='ocrx_word' id='word_1_79' title='bbox 368 939 523 986; x_wconf 90' lang='lat' dir='ltr'><strong>mines</strong></span> <span class='ocrx_word' id='word_1_80' title='bbox 564 939 824 1002; x_wconf 88' lang='lat' dir='ltr'><strong>deputatos</strong></span> <span class='ocrx_word' id='word_1_81' title='bbox 861 938 1124 986; x_wconf 89' lang='lat' dir='ltr'><strong>convenire</strong></span> <span class='ocrx_word' id='word_1_82' title='bbox 1160 938 1357 1001; x_wconf 86' lang='lat' dir='ltr'><strong>juberet</strong></span> <span class='ocrx_word' id='word_1_83' title='bbox 1397 936 1460 983; x_wconf 92' lang='lat' dir='ltr'><strong>ad</strong></span> <span class='ocrx_word' id='word_1_84' title='bbox 1494 937 1695 999; x_wconf 90' lang='lat' dir='ltr'><strong>negotia</strong></span> <span class='ocrx_word' id='word_1_85' title='bbox 1728 953 1758 984; x_wconf 88' lang='lat' dir='ltr'><strong>a</strong></span> 
     </span>
     <span class='ocr_line' id='line_1_17' title="bbox 368 1011 1757 1078; baseline -0.003 -16"><span class='ocrx_word' id='word_1_86' title='bbox 368 1022 499 1062; x_wconf 90' lang='lat' dir='ltr'><strong>coetu</strong></span> <span class='ocrx_word' id='word_1_87' title='bbox 522 1015 738 1072; x_wconf 87' lang='lat' dir='ltr'><strong>definita,</strong></span> <span class='ocrx_word' id='word_1_88' title='bbox 757 1022 878 1078; x_wconf 90' lang='lat' dir='ltr'><strong>puta</strong></span> <span class='ocrx_word' id='word_1_89' title='bbox 893 1014 958 1062; x_wconf 90' lang='lat' dir='ltr'><strong>ad</strong></span> <span class='ocrx_word' id='word_1_90' title='bbox 975 1013 1230 1061; x_wconf 90' lang='lat' dir='ltr'><strong>consilium</strong></span> <span class='ocrx_word' id='word_1_91' title='bbox 1245 1013 1296 1060; x_wconf 90' lang='lat' dir='ltr'><strong>in</strong></span> <span class='ocrx_word' id='word_1_92' title='bbox 1315 1013 1459 1059; x_wconf 90' lang='lat' dir='ltr'><strong>rebus</strong></span> <span class='ocrx_word' id='word_1_93' title='bbox 1478 1011 1642 1059; x_wconf 85' lang='lat' dir='ltr'><strong>arduis</strong></span> <span class='ocrx_word' id='word_1_94' title='bbox 1666 1012 1757 1059; x_wconf 92' lang='lat' dir='ltr'><strong>im-</strong></span> 
     </span>
     <span class='ocr_line' id='line_1_18' title="bbox 364 1087 1756 1154; baseline -0.001 -16"><span class='ocrx_word' id='word_1_95' title='bbox 364 1090 690 1154; x_wconf 88' lang='lat' dir='ltr'><strong>pertiendum,</strong></span> <span class='ocrx_word' id='word_1_96' title='bbox 725 1090 803 1137; x_wconf 91' lang='lat' dir='ltr'><strong>vel</strong></span> <span class='ocrx_word' id='word_1_97' title='bbox 845 1089 908 1137; x_wconf 89' lang='lat' dir='ltr'><strong>ad</strong></span> <span class='ocrx_word' id='word_1_98' title='bbox 947 1098 1246 1137; x_wconf 89' lang='lat' dir='ltr'><strong>nocumenta</strong></span> <span class='ocrx_word' id='word_1_99' title='bbox 1287 1087 1519 1146; x_wconf 86' lang='lat' dir='ltr'><strong>tollenda,</strong></span> <span class='ocrx_word' id='word_1_100' title='bbox 1556 1087 1756 1136; x_wconf 90' lang='lat' dir='ltr'><strong>insanus</strong></span> 
     </span>
     <span class='ocr_line' id='line_1_19' title="bbox 365 1165 1756 1229; baseline -0.003 -15"><span class='ocrx_word' id='word_1_101' title='bbox 365 1167 643 1224; x_wconf 83' lang='lat' dir='ltr'><strong>haberetur,</strong></span> <span class='ocrx_word' id='word_1_102' title='bbox 682 1166 766 1229; x_wconf 90' lang='lat' dir='ltr'><strong>qui</strong></span> <span class='ocrx_word' id='word_1_103' title='bbox 807 1166 1028 1213; x_wconf 87' lang='lat' dir='ltr'><strong>homines</strong></span> <span class='ocrx_word' id='word_1_104' title='bbox 1069 1165 1141 1212; x_wconf 89' lang='lat' dir='ltr'><strong>ita</strong></span> <span class='ocrx_word' id='word_1_105' title='bbox 1181 1171 1476 1212; x_wconf 89' lang='lat' dir='ltr'><strong>convocatos</strong></span> <span class='ocrx_word' id='word_1_106' title='bbox 1517 1179 1756 1211; x_wconf 88' lang='lat' dir='ltr'><strong>summam</strong></span> 
     </span>
     <span class='ocr_line' id='line_1_20' title="bbox 364 1238 1757 1306; baseline -0.003 -16"><span class='ocrx_word' id='word_1_107' title='bbox 364 1250 660 1306; x_wconf 89' lang='lat' dir='ltr'><strong>potestatem</strong></span> <span class='ocrx_word' id='word_1_108' title='bbox 683 1242 879 1300; x_wconf 89' lang='lat' dir='ltr'><strong>habere,</strong></span> <span class='ocrx_word' id='word_1_109' title='bbox 900 1248 950 1289; x_wconf 91' lang='lat' dir='ltr'><strong>et</strong></span> <span class='ocrx_word' id='word_1_110' title='bbox 973 1241 1123 1288; x_wconf 90' lang='lat' dir='ltr'><strong>totius</strong></span> <span class='ocrx_word' id='word_1_111' title='bbox 1148 1240 1357 1288; x_wconf 88' lang='lat' dir='ltr'><strong>civitatis</strong></span> <span class='ocrx_word' id='word_1_112' title='bbox 1392 1238 1757 1287; x_wconf 88' lang='lat' dir='ltr'><strong>multitudinem</strong></span> 
     </span>
     <span class='ocr_line' id='line_1_21' title="bbox 364 1314 1756 1382; baseline -0.002 -17"><span class='ocrx_word' id='word_1_113' title='bbox 364 1325 732 1382; x_wconf 82' lang='lat' dir='ltr'><strong>repraesentare,</strong></span> <span class='ocrx_word' id='word_1_114' title='bbox 749 1324 798 1364; x_wconf 92' lang='lat' dir='ltr'><strong>et</strong></span> <span class='ocrx_word' id='word_1_115' title='bbox 814 1333 1076 1380; x_wconf 85' lang='lat' dir='ltr'><strong>personam</strong></span> <span class='ocrx_word' id='word_1_116' title='bbox 1093 1316 1304 1364; x_wconf 90' lang='lat' dir='ltr'><strong>civitatis</strong></span> <span class='ocrx_word' id='word_1_117' title='bbox 1314 1330 1486 1378; x_wconf 83' lang='lat' dir='ltr'><strong>gerere</strong></span> <span class='ocrx_word' id='word_1_118' title='bbox 1493 1314 1756 1363; x_wconf 86' lang='lat' dir='ltr'><strong>arbitrare-</strong></span> 
     </span>
     <span class='ocr_line' id='line_1_22' title="bbox 364 1389 1755 1453; baseline -0.002 -12"><span class='ocrx_word' id='word_1_119' title='bbox 364 1401 478 1449; x_wconf 92' lang='lat' dir='ltr'><strong>tur;</strong></span> <span class='ocrx_word' id='word_1_120' title='bbox 515 1394 586 1440; x_wconf 88' lang='lat' dir='ltr'><strong>ita</strong></span> <span class='ocrx_word' id='word_1_121' title='bbox 621 1393 769 1440; x_wconf 88' lang='lat' dir='ltr'><strong>etiam</strong></span> <span class='ocrx_word' id='word_1_122' title='bbox 804 1392 1003 1439; x_wconf 89' lang='lat' dir='ltr'><strong>insanus</strong></span> <span class='ocrx_word' id='word_1_123' title='bbox 1026 1391 1197 1439; x_wconf 90' lang='lat' dir='ltr'><strong>haberi</strong></span> <span class='ocrx_word' id='word_1_124' title='bbox 1222 1391 1368 1438; x_wconf 90' lang='lat' dir='ltr'><strong>debet</strong></span> <span class='ocrx_word' id='word_1_125' title='bbox 1392 1390 1491 1453; x_wconf 91' lang='lat' dir='ltr'><strong>qui,</strong></span> <span class='ocrx_word' id='word_1_126' title='bbox 1516 1390 1556 1438; x_wconf 91' lang='lat' dir='ltr'><strong>si</strong></span> <span class='ocrx_word' id='word_1_127' title='bbox 1582 1389 1642 1437; x_wconf 93' lang='lat' dir='ltr'><strong>de</strong></span> <span class='ocrx_word' id='word_1_128' title='bbox 1673 1390 1755 1438; x_wconf 90' lang='lat' dir='ltr'><strong>iis-</strong></span> 
     </span>
     <span class='ocr_line' id='line_1_23' title="bbox 365 1467 1754 1532; baseline -0.002 -16"><span class='ocrx_word' id='word_1_129' title='bbox 365 1469 477 1516; x_wconf 88' lang='lat' dir='ltr'><strong>dem</strong></span> <span class='ocrx_word' id='word_1_130' title='bbox 500 1469 709 1532; x_wconf 89' lang='lat' dir='ltr'><strong>negotiis</strong></span> <span class='ocrx_word' id='word_1_131' title='bbox 732 1469 784 1516; x_wconf 92' lang='lat' dir='ltr'><strong>in</strong></span> <span class='ocrx_word' id='word_1_132' title='bbox 808 1468 1093 1515; x_wconf 83' lang='lat' dir='ltr'><strong>monarchia</strong></span> <span class='ocrx_word' id='word_1_133' title='bbox 1115 1467 1394 1515; x_wconf 75' lang='lat' dir='ltr'><strong>monarchae</strong></span> <span class='ocrx_word' id='word_1_134' title='bbox 1414 1467 1554 1528; x_wconf 87' lang='lat' dir='ltr'><strong>jussu</strong></span> <span class='ocrx_word' id='word_1_135' title='bbox 1579 1482 1754 1514; x_wconf 90' lang='lat' dir='ltr'><strong>conve-</strong></span> 
     </span>
     <span class='ocr_line' id='line_1_24' title="bbox 363 1542 1752 1607; baseline -0.003 -15"><span class='ocrx_word' id='word_1_136' title='bbox 363 1545 542 1603; x_wconf 87' lang='lat' dir='ltr'><strong>nerint,</strong></span> <span class='ocrx_word' id='word_1_137' title='bbox 567 1545 913 1592; x_wconf 88' lang='lat' dir='ltr'><strong>convenientes</strong></span> <span class='ocrx_word' id='word_1_138' title='bbox 936 1551 1134 1607; x_wconf 90' lang='lat' dir='ltr'><strong>putaret</strong></span> <span class='ocrx_word' id='word_1_139' title='bbox 1157 1558 1328 1606; x_wconf 82' lang='lat' dir='ltr'><strong>gerere</strong></span> <span class='ocrx_word' id='word_1_140' title='bbox 1351 1558 1611 1605; x_wconf 88' lang='lat' dir='ltr'><strong>personam</strong></span> <span class='ocrx_word' id='word_1_141' title='bbox 1635 1542 1752 1589; x_wconf 89' lang='lat' dir='ltr'><strong>civi-</strong></span> 
     </span>
     <span class='ocr_line' id='line_1_25' title="bbox 363 1618 1753 1683; baseline -0.003 -15"><span class='ocrx_word' id='word_1_142' title='bbox 363 1620 493 1668; x_wconf 89' lang='lat' dir='ltr'><strong>tatis.</strong></span> <span class='ocrx_word' id='word_1_143' title='bbox 563 1621 727 1683; x_wconf 87' lang='lat' dir='ltr'><strong>Atque</strong></span> <span class='ocrx_word' id='word_1_144' title='bbox 750 1620 844 1667; x_wconf 86' lang='lat' dir='ltr'><strong>hoc</strong></span> <span class='ocrx_word' id='word_1_145' title='bbox 863 1620 932 1666; x_wconf 88' lang='lat' dir='ltr'><strong>ita</strong></span> <span class='ocrx_word' id='word_1_146' title='bbox 955 1619 1271 1667; x_wconf 85' lang='lat' dir='ltr'><strong>manifestum</strong></span> <span class='ocrx_word' id='word_1_147' title='bbox 1299 1625 1388 1675; x_wconf 90' lang='lat' dir='ltr'><strong>est,</strong></span> <span class='ocrx_word' id='word_1_148' title='bbox 1412 1624 1468 1664; x_wconf 91' lang='lat' dir='ltr'><strong>ut</strong></span> <span class='ocrx_word' id='word_1_149' title='bbox 1491 1618 1669 1664; x_wconf 88' lang='lat' dir='ltr'><strong>mirum</strong></span> <span class='ocrx_word' id='word_1_150' title='bbox 1689 1618 1753 1665; x_wconf 90' lang='lat' dir='ltr'><strong>sit</strong></span> 
     </span>
     <span class='ocr_line' id='line_1_26' title="bbox 364 1694 1749 1757; baseline -0.001 -13"><span class='ocrx_word' id='word_1_151' title='bbox 364 1712 465 1744; x_wconf 89' lang='lat' dir='ltr'><strong>non</strong></span> <span class='ocrx_word' id='word_1_152' title='bbox 490 1696 879 1744; x_wconf 88' lang='lat' dir='ltr'><strong>animadversum</strong></span> <span class='ocrx_word' id='word_1_153' title='bbox 899 1711 1004 1743; x_wconf 89' lang='lat' dir='ltr'><strong>esse</strong></span> <span class='ocrx_word' id='word_1_154' title='bbox 1022 1696 1083 1743; x_wconf 91' lang='lat' dir='ltr'><strong>ab</strong></span> <span class='ocrx_word' id='word_1_155' title='bbox 1102 1695 1177 1752; x_wconf 91' lang='lat' dir='ltr'><strong>iis,</strong></span> <span class='ocrx_word' id='word_1_156' title='bbox 1197 1694 1280 1757; x_wconf 92' lang='lat' dir='ltr'><strong>qui</strong></span> <span class='ocrx_word' id='word_1_157' title='bbox 1298 1710 1464 1756; x_wconf 90' lang='lat' dir='ltr'><strong>regem</strong></span> <span class='ocrx_word' id='word_1_158' title='bbox 1479 1709 1621 1741; x_wconf 90' lang='lat' dir='ltr'><strong>suum</strong></span> <span class='ocrx_word' id='word_1_159' title='bbox 1635 1701 1749 1757; x_wconf 88' lang='lat' dir='ltr'><strong>post</strong></span> 
     </span>
     <span class='ocr_line' id='line_1_27' title="bbox 365 1769 1751 1827; baseline -0.003 -7"><span class='ocrx_word' id='word_1_160' title='bbox 365 1780 708 1820; x_wconf 87' lang='lat' dir='ltr'><strong>sexcentorum</strong></span> <span class='ocrx_word' id='word_1_161' title='bbox 747 1787 988 1819; x_wconf 88' lang='lat' dir='ltr'><strong>annorum</strong></span> <span class='ocrx_word' id='word_1_162' title='bbox 1019 1770 1393 1827; x_wconf 87' lang='lat' dir='ltr'><strong>successionem,</strong></span> <span class='ocrx_word' id='word_1_163' title='bbox 1419 1769 1522 1816; x_wconf 88' lang='lat' dir='ltr'><strong>sine</strong></span> <span class='ocrx_word' id='word_1_164' title='bbox 1557 1777 1751 1817; x_wconf 84' lang='lat' dir='ltr'><strong>contra-</strong></span> 
     </span>
     <span class='ocr_line' id='line_1_28' title="bbox 366 1847 1751 1911; baseline -0.002 -15"><span class='ocrx_word' id='word_1_165' title='bbox 366 1847 579 1896; x_wconf 90' lang='lat' dir='ltr'><strong>dictione</strong></span> <span class='ocrx_word' id='word_1_166' title='bbox 602 1847 891 1911; x_wconf 88' lang='lat' dir='ltr'><strong>legitimum,</strong></span> <span class='ocrx_word' id='word_1_167' title='bbox 917 1862 1060 1910; x_wconf 91' lang='lat' dir='ltr'><strong>quem</strong></span> <span class='ocrx_word' id='word_1_168' title='bbox 1096 1854 1146 1894; x_wconf 89' lang='lat' dir='ltr'><strong>et</strong></span> <span class='ocrx_word' id='word_1_169' title='bbox 1179 1862 1348 1909; x_wconf 86' lang='lat' dir='ltr'><strong>regem</strong></span> <span class='ocrx_word' id='word_1_170' title='bbox 1371 1853 1678 1908; x_wconf 86' lang='lat' dir='ltr'><strong>agnoverunt</strong></span> <span class='ocrx_word' id='word_1_171' title='bbox 1701 1853 1751 1893; x_wconf 90' lang='lat' dir='ltr'><strong>et</strong></span> 
     </span>
     <span class='ocr_line' id='line_1_29' title="bbox 365 1921 1750 1987; baseline -0.001 -15"><span class='ocrx_word' id='word_1_172' title='bbox 365 1925 445 1972; x_wconf 88' lang='lat' dir='ltr'><strong>cui</strong></span> <span class='ocrx_word' id='word_1_173' title='bbox 467 1925 775 1987; x_wconf 87' lang='lat' dir='ltr'><strong>majestatem</strong></span> <span class='ocrx_word' id='word_1_174' title='bbox 798 1923 1144 1980; x_wconf 86' lang='lat' dir='ltr'><strong>attribuerunt,</strong></span> <span class='ocrx_word' id='word_1_175' title='bbox 1159 1938 1258 1968; x_wconf 90' lang='lat' dir='ltr'><strong>non</strong></span> <span class='ocrx_word' id='word_1_176' title='bbox 1275 1929 1440 1969; x_wconf 87' lang='lat' dir='ltr'><strong>tamen</strong></span> <span class='ocrx_word' id='word_1_177' title='bbox 1463 1930 1519 1968; x_wconf 91' lang='lat' dir='ltr'><strong>ut</strong></span> <span class='ocrx_word' id='word_1_178' title='bbox 1536 1921 1750 1970; x_wconf 87' lang='lat' dir='ltr'><strong>civitatis</strong></span> 
     </span>
     <span class='ocr_line' id='line_1_30' title="bbox 362 1997 1751 2063; baseline -0.004 -14"><span class='ocrx_word' id='word_1_179' title='bbox 362 2016 623 2063; x_wconf 85' lang='lat' dir='ltr'><strong>personam</strong></span> <span class='ocrx_word' id='word_1_180' title='bbox 657 1999 1104 2056; x_wconf 86' lang='lat' dir='ltr'><strong>consideraverunt,</strong></span> <span class='ocrx_word' id='word_1_181' title='bbox 1129 1998 1323 2045; x_wconf 89' lang='lat' dir='ltr'><strong>sibimet</strong></span> <span class='ocrx_word' id='word_1_182' title='bbox 1356 1997 1474 2060; x_wconf 91' lang='lat' dir='ltr'><strong>ipsis</strong></span> <span class='ocrx_word' id='word_1_183' title='bbox 1507 1997 1658 2045; x_wconf 90' lang='lat' dir='ltr'><strong>totius</strong></span> <span class='ocrx_word' id='word_1_184' title='bbox 1682 1997 1751 2045; x_wconf 90' lang='lat' dir='ltr'><strong>ci-</strong></span> 
     </span>
     <span class='ocr_line' id='line_1_31' title="bbox 361 2073 1744 2139; baseline -0.002 -15"><span class='ocrx_word' id='word_1_185' title='bbox 361 2076 530 2124; x_wconf 88' lang='lat' dir='ltr'><strong>vitatis</strong></span> <span class='ocrx_word' id='word_1_186' title='bbox 565 2075 852 2139; x_wconf 87' lang='lat' dir='ltr'><strong>Anglicanae</strong></span> <span class='ocrx_word' id='word_1_187' title='bbox 898 2073 1387 2137; x_wconf 81' lang='lat' dir='ltr'><strong>repraesentationem</strong></span> <span class='ocrx_word' id='word_1_188' title='bbox 1424 2081 1744 2121; x_wconf 87' lang='lat' dir='ltr'><strong>assumentes.</strong></span> 
     </span>
     <span class='ocr_line' id='line_1_32' title="bbox 362 2148 1749 2213; baseline -0.002 -14"><span class='ocrx_word' id='word_1_189' title='bbox 362 2150 661 2199; x_wconf 86' lang='lat' dir='ltr'><strong>Moneantur</strong></span> <span class='ocrx_word' id='word_1_190' title='bbox 683 2150 798 2198; x_wconf 91' lang='lat' dir='ltr'><strong>hinc</strong></span> <span class='ocrx_word' id='word_1_191' title='bbox 823 2149 908 2213; x_wconf 93' lang='lat' dir='ltr'><strong>qui</strong></span> <span class='ocrx_word' id='word_1_192' title='bbox 932 2164 1171 2196; x_wconf 90' lang='lat' dir='ltr'><strong>summam</strong></span> <span class='ocrx_word' id='word_1_193' title='bbox 1189 2148 1376 2195; x_wconf 89' lang='lat' dir='ltr'><strong>habent</strong></span> <span class='ocrx_word' id='word_1_194' title='bbox 1390 2148 1441 2195; x_wconf 91' lang='lat' dir='ltr'><strong>in</strong></span> <span class='ocrx_word' id='word_1_195' title='bbox 1457 2163 1749 2211; x_wconf 89' lang='lat' dir='ltr'><strong>quocunque</strong></span> 
     </span>
     <span class='ocr_line' id='line_1_33' title="bbox 360 2223 1749 2290; baseline -0.002 -15"><span class='ocrx_word' id='word_1_196' title='bbox 360 2227 570 2275; x_wconf 88' lang='lat' dir='ltr'><strong>civitatis</strong></span> <span class='ocrx_word' id='word_1_197' title='bbox 593 2241 772 2290; x_wconf 83' lang='lat' dir='ltr'><strong>genere</strong></span> <span class='ocrx_word' id='word_1_198' title='bbox 805 2230 1118 2288; x_wconf 89' lang='lat' dir='ltr'><strong>potestatem,</strong></span> <span class='ocrx_word' id='word_1_199' title='bbox 1157 2223 1286 2271; x_wconf 88' lang='lat' dir='ltr'><strong>cives</strong></span> <span class='ocrx_word' id='word_1_200' title='bbox 1317 2238 1428 2270; x_wconf 90' lang='lat' dir='ltr'><strong>suos</strong></span> <span class='ocrx_word' id='word_1_201' title='bbox 1451 2223 1598 2270; x_wconf 88' lang='lat' dir='ltr'><strong>officii</strong></span> <span class='ocrx_word' id='word_1_202' title='bbox 1620 2224 1749 2272; x_wconf 86' lang='lat' dir='ltr'><strong>tanti</strong></span> 
     </span>
     <span class='ocr_line' id='line_1_34' title="bbox 354 2298 1748 2365; baseline -0.001 -15"><span class='ocrx_word' id='word_1_203' title='bbox 354 2303 469 2365; x_wconf 88' lang='lat' dir='ltr'><strong>jura</strong></span> <span class='ocrx_word' id='word_1_204' title='bbox 491 2302 712 2359; x_wconf 88' lang='lat' dir='ltr'><strong>edocere,</strong></span> <span class='ocrx_word' id='word_1_205' title='bbox 737 2300 823 2349; x_wconf 93' lang='lat' dir='ltr'><strong>sed</strong></span> <span class='ocrx_word' id='word_1_206' title='bbox 857 2299 1028 2347; x_wconf 91' lang='lat' dir='ltr'><strong>eadem</strong></span> <span class='ocrx_word' id='word_1_207' title='bbox 1063 2299 1176 2361; x_wconf 90' lang='lat' dir='ltr'><strong>jura</strong></span> <span class='ocrx_word' id='word_1_208' title='bbox 1210 2298 1302 2362; x_wconf 89' lang='lat' dir='ltr'><strong>ipsi</strong></span> <span class='ocrx_word' id='word_1_209' title='bbox 1333 2298 1468 2361; x_wconf 90' lang='lat' dir='ltr'><strong>prius</strong></span> <span class='ocrx_word' id='word_1_210' title='bbox 1501 2298 1682 2359; x_wconf 89' lang='lat' dir='ltr'><strong>doceri,</strong></span> <span class='ocrx_word' id='word_1_211' title='bbox 1707 2300 1748 2348; x_wconf 90' lang='lat' dir='ltr'><strong>si</strong></span> 
     </span>
     <span class='ocr_line' id='line_1_35' title="bbox 359 2373 1388 2442; baseline -0.007 -15"><span class='ocrx_word' id='word_1_212' title='bbox 359 2385 653 2442; x_wconf 89' lang='lat' dir='ltr'><strong>potestatem</strong></span> <span class='ocrx_word' id='word_1_213' title='bbox 677 2392 916 2424; x_wconf 89' lang='lat' dir='ltr'><strong>summam</strong></span> <span class='ocrx_word' id='word_1_214' title='bbox 938 2375 1150 2422; x_wconf 90' lang='lat' dir='ltr'><strong>retinere</strong></span> <span class='ocrx_word' id='word_1_215' title='bbox 1175 2373 1388 2437; x_wconf 86' lang='lat' dir='ltr'><strong>cupiant.</strong></span> 
     </span>
    </p>

    <p class='ocr_par' dir='ltr' id='par_1_7' title="bbox 358 2449 1748 2894">
     <span class='ocr_line' id='line_1_36' title="bbox 426 2449 1746 2512; baseline -0.003 -10"><span class='ocrx_word' id='word_1_216' title='bbox 426 2453 716 2502; x_wconf 87' lang='lat' dir='ltr'><strong>Differentia</strong></span> <span class='ocrx_word' id='word_1_217' title='bbox 738 2452 869 2500; x_wconf 89' lang='lat' dir='ltr'><strong>inter</strong></span> <span class='ocrx_word' id='word_1_218' title='bbox 892 2451 989 2498; x_wconf 87' lang='lat' dir='ltr'><strong>tria</strong></span> <span class='ocrx_word' id='word_1_219' title='bbox 1010 2450 1116 2498; x_wconf 87' lang='lat' dir='ltr'><strong>haec</strong></span> <span class='ocrx_word' id='word_1_220' title='bbox 1146 2449 1402 2497; x_wconf 87' lang='lat' dir='ltr'><strong>civitatum</strong></span> <span class='ocrx_word' id='word_1_221' title='bbox 1434 2465 1618 2512; x_wconf 90' lang='lat' dir='ltr'><strong>genera</strong></span> <span class='ocrx_word' id='word_1_222' title='bbox 1645 2466 1746 2498; x_wconf 89' lang='lat' dir='ltr'><strong>non</strong></span> 
     </span>
     <span class='ocr_line' id='line_1_37' title="bbox 359 2524 1746 2590; baseline -0.004 -11"><span class='ocrx_word' id='word_1_223' title='bbox 359 2530 583 2579; x_wconf 88' lang='lat' dir='ltr'><strong>consistit</strong></span> <span class='ocrx_word' id='word_1_224' title='bbox 605 2530 656 2577; x_wconf 89' lang='lat' dir='ltr'><strong>in</strong></span> <span class='ocrx_word' id='word_1_225' title='bbox 680 2527 960 2576; x_wconf 87' lang='lat' dir='ltr'><strong>diversitate</strong></span> <span class='ocrx_word' id='word_1_226' title='bbox 982 2525 1257 2590; x_wconf 84' lang='lat' dir='ltr'><strong>potestatiS,</strong></span> <span class='ocrx_word' id='word_1_227' title='bbox 1283 2524 1369 2572; x_wconf 89' lang='lat' dir='ltr'><strong>sed</strong></span> <span class='ocrx_word' id='word_1_228' title='bbox 1392 2525 1442 2572; x_wconf 92' lang='lat' dir='ltr'><strong>in</strong></span> <span class='ocrx_word' id='word_1_229' title='bbox 1462 2525 1746 2574; x_wconf 84' lang='lat' dir='ltr'><strong>diversitate</strong></span> 
     </span>
     <span class='ocr_line' id='line_1_38' title="bbox 359 2602 1748 2670; baseline -0.004 -15"><span class='ocrx_word' id='word_1_230' title='bbox 359 2605 647 2670; x_wconf 86' lang='lat' dir='ltr'><strong>aptitudinis</strong></span> <span class='ocrx_word' id='word_1_231' title='bbox 665 2604 844 2654; x_wconf 89' lang='lat' dir='ltr'><strong>civium</strong></span> <span class='ocrx_word' id='word_1_232' title='bbox 867 2602 930 2651; x_wconf 91' lang='lat' dir='ltr'><strong>ad</strong></span> <span class='ocrx_word' id='word_1_233' title='bbox 951 2603 1101 2650; x_wconf 90' lang='lat' dir='ltr'><strong>finem</strong></span> <span class='ocrx_word' id='word_1_234' title='bbox 1125 2617 1283 2659; x_wconf 89' lang='lat' dir='ltr'><strong>suum,</strong></span> <span class='ocrx_word' id='word_1_235' title='bbox 1303 2616 1479 2664; x_wconf 87' lang='lat' dir='ltr'><strong>nempe</strong></span> <span class='ocrx_word' id='word_1_236' title='bbox 1502 2616 1674 2663; x_wconf 86' lang='lat' dir='ltr'><strong>pacem</strong></span> <span class='ocrx_word' id='word_1_237' title='bbox 1697 2609 1748 2649; x_wconf 87' lang='lat' dir='ltr'><strong>et</strong></span> 
     </span>
     <span class='ocr_line' id='line_1_39' title="bbox 360 2676 1746 2742; baseline -0.004 -12"><span class='ocrx_word' id='word_1_238' title='bbox 360 2681 708 2730; x_wconf 90' lang='lat' dir='ltr'><strong>defensionem.</strong></span> <span class='ocrx_word' id='word_1_239' title='bbox 778 2680 836 2728; x_wconf 90' lang='lat' dir='ltr'><strong>In</strong></span> <span class='ocrx_word' id='word_1_240' title='bbox 861 2677 1227 2742; x_wconf 86' lang='lat' dir='ltr'><strong>comparatione</strong></span> <span class='ocrx_word' id='word_1_241' title='bbox 1251 2684 1414 2725; x_wconf 87' lang='lat' dir='ltr'><strong>autem</strong></span> <span class='ocrx_word' id='word_1_242' title='bbox 1446 2676 1746 2725; x_wconf 84' lang='lat' dir='ltr'><strong>monarchiae</strong></span> 
     </span>
     <span class='ocr_line' id='line_1_40' title="bbox 360 2752 1745 2819; baseline -0.005 -13"><span class='ocrx_word' id='word_1_243' title='bbox 360 2774 472 2806; x_wconf 88' lang='lat' dir='ltr'><strong>cum</strong></span> <span class='ocrx_word' id='word_1_244' title='bbox 509 2757 697 2805; x_wconf 86' lang='lat' dir='ltr'><strong>duabus</strong></span> <span class='ocrx_word' id='word_1_245' title='bbox 733 2754 948 2819; x_wconf 90' lang='lat' dir='ltr'><strong>reliquis,</strong></span> <span class='ocrx_word' id='word_1_246' title='bbox 971 2752 1244 2802; x_wconf 89' lang='lat' dir='ltr'><strong>notandum</strong></span> <span class='ocrx_word' id='word_1_247' title='bbox 1280 2761 1368 2810; x_wconf 89' lang='lat' dir='ltr'><strong>est,</strong></span> <span class='ocrx_word' id='word_1_248' title='bbox 1394 2768 1505 2800; x_wconf 88' lang='lat' dir='ltr'><strong>eum</strong></span> <span class='ocrx_word' id='word_1_249' title='bbox 1529 2752 1612 2816; x_wconf 92' lang='lat' dir='ltr'><strong>qui</strong></span> <span class='ocrx_word' id='word_1_250' title='bbox 1634 2766 1745 2816; x_wconf 83' lang='lat' dir='ltr'><strong>per-</strong></span> 
     </span>
     <span class='ocr_line' id='line_1_41' title="bbox 358 2828 1743 2894; baseline -0.004 -12"><span class='ocrx_word' id='word_1_251' title='bbox 358 2850 528 2883; x_wconf 83' lang='lat' dir='ltr'><strong>sonam</strong></span> <span class='ocrx_word' id='word_1_252' title='bbox 563 2831 773 2881; x_wconf 88' lang='lat' dir='ltr'><strong>civitatis</strong></span> <span class='ocrx_word' id='word_1_253' title='bbox 806 2830 949 2894; x_wconf 87' lang='lat' dir='ltr'><strong>gerit,</strong></span> <span class='ocrx_word' id='word_1_254' title='bbox 985 2829 1078 2888; x_wconf 90' lang='lat' dir='ltr'><strong>vel,</strong></span> <span class='ocrx_word' id='word_1_255' title='bbox 1113 2828 1155 2877; x_wconf 88' lang='lat' dir='ltr'><strong>si</strong></span> <span class='ocrx_word' id='word_1_256' title='bbox 1185 2836 1340 2877; x_wconf 89' lang='lat' dir='ltr'><strong>coetus</strong></span> <span class='ocrx_word' id='word_1_257' title='bbox 1372 2828 1454 2888; x_wconf 86' lang='lat' dir='ltr'><strong>sit,</strong></span> <span class='ocrx_word' id='word_1_258' title='bbox 1478 2828 1743 2891; x_wconf 84' lang='lat' dir='ltr'><strong>quemlibet</strong></span> 
     </span>
    </p>
   </div>
  </div>
 </body>
</html>
