1968 3236
107 383 378 416 CAP.XXXVI.

148 438 336 460 b—Y——ae

132 479 178 507 De
191 479 280 507 verbo
295 478 349 507 Dei

134 526 164 550 et
179 522 339 559 Ptophetis.

399 240 493 283 306
720 249 790 281 DE
817 247 1075 280 CIVITATE
1104 247 1460 280 cums‘rlANA.

398 377 499 407 meo
541 377 693 423 super
734 376 914 406 omnem
953 374 1165 414 caruem,
1192 365 1241 405 et
1273 358 1649 422 prophetabunt
1669 357 1783 417 filii

396 436 567 493 vestri,
593 442 642 482 et
649 435 780 497 filice
804 441 995 492 vestrae,
1021 450 1162 480 Seue-§²
1185 434 1342 482 vestri
1360 435 1548 481 somnia
1570 434 1783 480 somnia-

397 511 528 569 bunt,
553 517 602 557 et
613 512 822 572 juvenes
846 510 1003 556 vestri
1029 510 1243 556 visiones
1267 509 1499 557 videbunt
1520 528 1538 564 ;
1573 510 1656 557 ubi
1679 525 1785 557 rur-

395 603 476 634 sus
499 586 755 650 prophetia
790 586 1050 648 exponitur
1072 600 1159 648 per
1183 585 1372 632 somnia
1413 593 1462 632 et
1495 585 1708 632 visiones
1733 592 1784 632 et

394 662 641 725 spiritum.
728 662 853 708 Item
890 661 1085 724 quando
1116 661 1246 708 Deus
1277 661 1526 709 Solomoni
1562 661 1785 724 promisit

392 738 693 801 sapientiam,
731 737 972 784 somnium
1020 743 1140 793 erat,
1182 744 1239 783 ut
1286 745 1479 783 constat
1526 753 1585 784 ex
1626 736 1784 784 verbis

392 813 523 876 ipsis,
554 813 598 873 (l
630 814 748 876 Reg.
770 813 837 860 iii.
870 813 947 874 15)
974 832 984 859 :
1010 811 1272 875 evigilavit
1293 812 1536 871 Solonem,
1562 820 1611 859 ec
1637 812 1786 860 intel-

394 888 519 936 lexit
553 889 683 951 quod
717 895 848 935 esset
883 889 1133 935 somnium.
1205 888 1522 936 Manifestum
1557 904 1674 951 ergo
1711 895 1785 936 est

393 964 653 1027 prophetas
690 963 1102 1011 extraordinarios
1136 963 1329 1010 Veteris
1364 963 1666 1011 Testamenti
1699 979 1786 1010 vo-

395 1057 499 1088 cem
523 1041 615 1088 Dei
634 1057 733 1088 non
757 1040 898 1087 aliter
922 1040 1233 1098 intellexisse,
1251 1055 1395 1102 quam
1412 1056 1500 1103 per
1524 1040 1714 1087 somnia
1737 1048 1786 1087 et

394 1117 624 1175 visiones,
643 1116 695 1163 id
719 1123 807 1173 est,
825 1132 854 1162 a
871 1116 1140 1178 phantasiis
1160 1116 1623 1178 supernaturalibus.
1662 1115 1785 1164 Quae

393 1192 694 1239 vocabantur
735 1191 883 1238 etiam
921 1191 1137 1254 Spiritus
1178 1190 1292 1248 Dei,
1330 1199 1386 1238 ut
1426 1191 1573 1239 Zach.
1598 1191 1678 1239 vii.
1711 1198 1785 1250 12,

394 1268 476 1315 ubi
502 1267 620 1314 dicit
645 1267 796 1314 Deus:
822 1283 909 1314 eor
927 1283 1063 1313 suum
1078 1273 1354 1329 posuerunt
1380 1268 1430 1314 in
1456 1267 1785 1325 adamantem,

395 1360 454 1389 ne
496 1343 731 1390 audirent
770 1342 928 1406 legem
966 1349 1015 1388 et
1046 1342 1195 1389 verba
1227 1360 1337 1406 quoe
1378 1344 1513 1390 misit
1545 1343 1787 1391 Dominus

397 1419 700 1465 exercituum
727 1418 775 1464 iu
802 1417 989 1481 spiritu
1024 1434 1111 1464 suo
1140 1425 1314 1464 saneto
1334 1435 1432 1482 per
1452 1436 1641 1466 munum-
1657 1435 1786 1482 pro-

394 1493 659 1557 phetarum-
677 1493 922 1556 priorum.

467 1569 820 1631 Prophetarum
837 1575 1000 1615 autem
1020 1568 1071 1614 in
1089 1568 1254 1615 Veteri
1271 1568 1586 1616 Testamento
1605 1569 1786 1616 haben-

399 1645 522 1692 tium
546 1643 850 1691 vocationem
874 1650 1174 1705 perpetuam,
1200 1643 1280 1690 alii
1304 1644 1539 1706 supremi,
1564 1644 1646 1691 alii
1673 1645 1786 1692 sub-

398 1719 625 1767 ordinuti
659 1726 812 1765 erant.
885 1719 1233 1781 Supremorum
1264 1719 1450 1781 primus
1475 1727 1580 1767 erat
1603 1719 1785 1779 Moses,

398 1802 449 1842 et
475 1802 588 1858 post
625 1810 735 1841 eum
772 1794 943 1840 summi
974 1793 1280 1851 sacerdotes,
1306 1809 1393 1841 suo
1435 1794 1638 1857 quisque
1661 1803 1787 1843 tem-

397 1886 531 1933 pore,
580 1868 694 1916 dum
742 1867 1066 1916 sacerdotium
1114 1869 1276 1930 regale
1322 1878 1442 1917 erat.
1521 1870 1785 1934 Postquam

399 1953 561 1993 autem
592 1945 767 2007 jugum
800 1944 892 1991 Dei
917 1953 1228 1991 excusserant
1252 1945 1500 2002 Israeliten,
1527 1954 1577 1994 et
1600 1946 1786 1995 factum

399 2029 472 2069 est
495 2021 704 2068 officium
730 2020 905 2067 summi
929 2020 1194 2067 sacerdotis
1220 2020 1557 2076 ministeriale;
1595 2023 1787 2086 quoties

399 2095 724 2144 consulendus
747 2102 852 2142 erat
876 2095 1022 2153 DeUS,
1042 2094 1317 2142 sacerdotes
1337 2096 1664 2144 Israelitarum
1681 2114 1787 2146 ves-

401 2172 607 2219 timenta
626 2185 764 2218 sacra
782 2169 1062 2227 induerunt,
1072 2178 1121 2217 et
1140 2171 1488 2218 consuluerunt
1507 2172 1786 2232 Dominum,

400 2264 498 2296 non
540 2263 628 2294 suo
671 2246 888 2303 arbitrio,
914 2245 1000 2293 sed
1036 2247 1176 2308 jussu
1217 2262 1404 2309 regum,
1429 2263 1458 2295 a
1492 2249 1666 2311 quibus
1699 2249 1788 2297 ali-

401 2322 595 2386 quando
620 2322 765 2369 etiam
790 2321 1061 2369 sacerdotio
1084 2322 1417 2384 privabantur.
1483 2323 1611 2372 Nam
1648 2325 1787 2372 Saul-

400 2414 456 2446 us
484 2398 529 2458 (l
562 2397 692 2444 Sam.
716 2396 815 2444 xiii.
843 2398 893 2458 9)
932 2396 1270 2444 holocaustum
1305 2398 1466 2445 afferri
1496 2399 1644 2462 jussit
1678 2400 1785 2459 sibi,

401 2482 451 2521 et
479 2475 524 2534 (l
568 2474 696 2521 Sam.
733 2472 828 2520 xiv.
872 2472 951 2534 18)
990 2472 1230 2521 sacerdoti
1266 2473 1490 2536 imperat,
1527 2484 1583 2523 ut
1622 2492 1786 2524 arcam

401 2550 597 2597 afferret
632 2549 739 2606 sibi,
769 2556 818 2596 et
857 2548 1001 2608 (verS.
1047 2548 1125 2609 19)
1165 2565 1225 2596 ne
1261 2550 1470 2597 afferret.
1539 2551 1701 2598 Etiam
1734 2550 1785 2599 in

405 2625 575 2672 eodem
617 2625 790 2688 capite,
814 2624 955 2681 (vers.
983 2624 1087 2684 37),
1123 2624 1370 2672 consuluit
1399 2626 1558 2673 Deum
1594 2626 1785 2676 Saulus,

403 2700 539 2748 Idem
561 2701 678 2749 fecit
696 2699 871 2758 David,
890 2708 1151 2764 postquam
1176 2709 1353 2748 unctus
1377 2701 1564 2761 fuisset,
1589 2703 1681 2751 etsi
1704 2719 1788 2751 an·

403 2783 600 2839 tequam
617 2791 823 2839 regnum
842 2774 1157 2838 possedisset;
1185 2776 1406 2838 quaesivit
1426 2778 1556 2825 enim
1574 2794 1604 2826 a
1619 2777 1788 2827 Domi-

403 2867 466 2899 no
495 2854 511 2913 (
526 2858 538 2899 Ι
573 2853 701 2900 Sam.
727 2850 859 2900 xxiii.
885 2853 937 2912 2)
969 2858 1134 2899 utrum
1157 2860 1400 2914 pugnaret
1424 2868 1579 2902 necne
1617 2862 1789 2902 contra
