1968 3236
432 227 529 269 446
757 236 826 269 DE
854 234 1111 269 crvlTA'rE
1141 234 1494 268 cnms‘rrANA.

149 367 252 399 CAP.
279 367 408 400 xmn,
433 347 554 395 citer
577 346 639 394 ad
654 347 804 394 vitam
828 354 1060 394 aeternam
1086 346 1361 394 necessaria
1383 345 1624 394 contineri
1648 345 1699 393 in
1721 345 1816 394 illis

187 422 374 443 *W
433 422 572 470 simul
617 422 902 485 conjunctis.
995 421 1233 469 Homines
1268 422 1354 480 illi,
1398 437 1519 484 quos
1563 422 1611 469 S.
1644 421 1816 469 Petrus

148 462 193 490 De
202 462 246 495 iis,
254 471 320 500 quae
328 463 365 491 ad
374 473 415 491 rc-

148 505 307 542 ceptionem
317 507 414 544 inreg-
434 497 510 544 die
527 498 851 554 Pentecostes,
868 503 978 559 post
1003 497 1336 545 ascensionem
1363 496 1636 545 Servatoris
1659 497 1816 544 nostri

146 557 219 620 {¹1:¹3
230 548 397 622 rfssiffla.
430 573 665 636 proximo,
700 571 1043 635 praedicatione
1086 588 1174 619 sua
1208 573 1271 620 ad
1309 573 1457 620 fidem
1490 572 1815 620 Christianam

431 655 752 704 converterat,
779 648 978 697 Petrum
1004 655 1303 711 caeterosque
1335 648 1578 712 apostolos
1606 648 1815 696 interro-

428 731 665 786 gaverunt
680 724 808 782 (Act.
826 724 874 771 ii.
894 727 998 786 37),
1015 726 1140 788 quid
1157 726 1416 790 faciemus
1439 724 1538 772 viri
1554 724 1769 788 fratres
1785 727 1813 772 2

431 799 619 847 Quibus
648 799 890 860 (proximo
914 803 1077 860 versu)
1116 800 1366 864 respondit
1391 800 1578 858 Petrus,
1603 800 1814 864 resipis-

428 872 539 931 cite,
566 880 615 920 et
646 872 927 936 baptizetur
968 877 1302 940 unusquisque
1337 882 1550 923 vestrum
1576 874 1625 922 in
1645 891 1814 923 nomen

426 947 547 995 Jesu
581 948 789 1007 Christi,
815 949 865 996 in
896 951 1231 998 remissionem
1257 958 1583 1014 peccalorum
1603 969 1620 997 .·
1656 957 1704 998 et
1729 967 1812 997 ac-

425 1022 625 1086 cipietis
651 1023 824 1071 donum
848 1024 1073 1088 Spiritus
1088 1025 1278 1074 Sancti.
1350 1025 1596 1088 Baptizari
1619 1041 1736 1089 ergo
1760 1026 1812 1074 in

426 1114 603 1145 nomen
636 1099 755 1146 Jesu
795 1099 990 1158 Christi,
1027 1117 1124 1148 una
1161 1118 1270 1150 cum
1307 1101 1610 1164 poenitentia,
1649 1101 1813 1150 omnia

426 1175 645 1222 continet
663 1175 726 1222 ad
742 1175 945 1223 salutem
967 1178 1254 1225 necessaria.
1294 1178 1495 1234 Rursus,
1512 1193 1623 1224 cum
1643 1193 1672 1224 a
1691 1193 1812 1240 quo-

426 1250 537 1297 dam
569 1266 629 1297 ex
665 1251 956 1313 primoribus
992 1253 1378 1316 interrogaretur
1417 1253 1640 1301 Christus
1668 1254 1808 1313 (Luc.

424 1325 554 1373 xviii.
594 1326 671 1387 18)
697 1344 707 1372 t
753 1327 1012 1391 Magister
1051 1328 1184 1387 bone,
1221 1329 1346 1393 quid
1369 1328 1623 1392 faciendo
1658 1329 1810 1376 vitam

425 1408 661 1449 oeternam
692 1402 1010 1465 possidebo?
1045 1405 1300 1468 respondit
1336 1405 1406 1452 illi
1443 1405 1672 1452 Servator
1695 1420 1810 1452 nos-

424 1486 499 1525 ter
543 1477 662 1536 (ver.
689 1478 775 1538 20)
801 1498 810 1525 :
856 1479 1122 1544 Proecepta
1160 1481 1307 1539 nosti,
1348 1498 1409 1528 ne
1453 1480 1714 1539 moechare,
1749 1497 1811 1528 ne

422 1552 650 1610 occiclit0,
670 1569 730 1598 ne
745 1552 958 1615 furare,
982 1572 1043 1602 ne
1058 1555 1261 1618 falsum
1285 1555 1611 1603 testimonium
1635 1555 1808 1614 dicito,

422 1628 610 1675 honora
639 1635 844 1691 patrem
868 1636 1000 1678 tuum
1023 1638 1071 1678 et
1096 1638 1303 1678 matrem
1328 1638 1477 1679 tuam.
1549 1631 1673 1680 Quae
1697 1647 1808 1679 cum

422 1703 701 1751 observasse
735 1719 785 1751 se
819 1704 1034 1764 dixisset,
1059 1707 1238 1770 adjecit
1273 1707 1500 1755 Christus
1529 1708 1673 1767 (vers.
1695 1709 1806 1770 22):

428 1777 601 1826 Omnia
626 1796 736 1842 quoe
761 1779 913 1828 habes
938 1783 1107 1842 vende,
1133 1790 1181 1830 et
1207 1783 1452 1831 distribue
1474 1783 1806 1848 pauperibus,

422 1860 471 1900 et
496 1854 701 1902 habebis
722 1855 1004 1906 thesaurum
1025 1859 1074 1906 in
1090 1859 1239 1907 coelo:
1256 1866 1305 1906 et
1328 1875 1534 1923 sequere
1551 1875 1640 1917 me,
1650 1859 1702 1906 id
1715 1867 1807 1918 est,

422 1929 611 1977 confide
635 1930 686 1977 iu
709 1946 786 1978 me
807 1933 889 1995 qui
914 1950 1020 1981 sum
1040 1951 1142 1982 rex.
1211 1935 1383 1998 Itaque
1406 1934 1563 1997 legem
1588 1934 1806 1998 implere,

421 2012 470 2052 et
509 2007 706 2055 credere
741 2006 910 2055 Jesum
950 2026 1055 2058 esse
1091 2026 1272 2073 regem,
1298 2017 1457 2058 totum
1482 2018 1554 2057 est
1578 2010 1712 2074 quod
1734 2026 1808 2058 re-

420 2081 629 2142 quiritur
662 2086 725 2133 ad
748 2086 899 2134 vitam
940 2094 1190 2134 aeternam.
1260 2087 1518 2143 Praeterea,
1554 2086 1603 2134 S.
1629 2086 1806 2134 Paulus

419 2155 537 2204 dicit
565 2158 724 2219 (Rom.
747 2161 778 2208 i.
809 2163 861 2215 17
868 2168 909 2220 ):
936 2161 1113 2208 Justus
1138 2179 1199 2209 ex
1219 2161 1334 2224 fide
1358 2161 1476 2209 vivit
1491 2179 1510 2216 ;
1546 2177 1645 2209 non
1669 2162 1804 2220 dicit,

419 2235 763 2300 unnsquisque,
802 2236 887 2284 sed
921 2237 1108 2299 justus.
1194 2236 1334 2284 Fides
1377 2252 1494 2305 ergo
1529 2243 1579 2284 et
1613 2237 1807 2300 justitia

419 2310 732 2372 conjunctim,
750 2312 911 2361 omnia
936 2313 1186 2360 continent
1210 2312 1272 2360 ad
1291 2312 1494 2360 salutem
1512 2313 1802 2361 necessaria.

419 2383 683 2445 Postremo,
724 2389 879 2436 Marc.
910 2388 940 2435 i.
981 2394 1034 2435 15
1060 2407 1070 2435 :
1120 2388 1549 2452 appropinquavit
1596 2403 1805 2452 regnum

417 2457 518 2506 Dei
533 2479 551 2514 ;
575 2462 877 2526 resipiscite,
903 2469 952 2510 et
984 2463 1176 2510 credite
1200 2463 1476 2529 evangelia
1531 2463 1703 2526 Itaque
1727 2479 1803 2512 re-

347 2569 357 2583 .
418 2533 642 2597 sipiscere
683 2546 733 2585 et
770 2538 969 2586 credere
1009 2538 1179 2585 Jesum
1214 2554 1317 2586 esse
1350 2555 1531 2602 regem,
1557 2538 1803 2587 sufficiunt

417 2610 476 2655 ad
502 2610 722 2659 salutem.

486 2684 611 2733 Cum
643 2703 760 2750 ergo
783 2687 904 2735 fides
928 2696 978 2735 et
1001 2687 1278 2735 obedientia
1300 2697 1505 2752 utraque
1528 2689 1803 2737 necessaria

418 2759 482 2806 sit
505 2761 567 2808 ad
590 2762 810 2821 salutem,
836 2763 1057 2825 quaestio,
1083 2771 1189 2810 utra
1216 2780 1382 2811 earum
1401 2765 1651 2828 justificet,
1674 2764 1802 2812 frus-

418 2839 494 2881 tra
517 2834 808 2899 disputatur.
847 2838 958 2886 Quo
977 2845 1139 2886 autem
1159 2854 1303 2886 sensu
1322 2839 1590 2902 justificare
1610 2839 1803 2887 dicatur

418 2922 516 2956 uua
552 2919 601 2958 et
632 2911 800 2971 altera,
826 2913 1067 2975 explicare
1106 2930 1204 2961 non
1246 2914 1417 2962 inutile
1459 2915 1567 2962 erit.
1638 2913 1691 2963 Si
1712 2929 1800 2978 per
