1968 3236
482 220 554 254 ur.
580 220 840 255 clvl‘rA'rn·
869 219 1226 254 CHRISTIANA.
1453 210 1548 269 399

156 331 351 396 publice
385 348 680 396 cognoscere
715 343 764 381 et
799 334 1043 391 decidere,
1068 349 1168 381 non
1203 332 1391 380 minore
1420 331 1549 394 jure,
1581 353 1815 387 mann,

157 423 306 473 quam
329 408 487 472 quiid
510 425 599 472 per
622 410 772 472 ipsius
804 410 991 457 faciunt
1022 408 1405 462 authoritatem;
1454 406 1549 455 nisi
1600 409 1797 480 m

157 483 292 548 quod
324 499 443 532 cura
476 485 756 548 reipublicae¹
793 492 993 548 cogeret
1016 482 1348 546 gubernaculo
1371 481 1550 530 indesi-
1597 460 1803 524 effigiatim·

158 567 335 608 neuter
356 560 493 608 illum
517 561 745 619 assidere,
771 577 889 608 cura
924 576 1087 608 rerum
1123 559 1410 623 exiguarum
1439 558 1548 606 aliis

155 635 430 684 commissa.
502 636 739 683 Similiter
785 636 1017 684 Servator
1062 642 1247 692 noster,
1286 634 1370 697 qui
1416 642 1548 682 certe

154 709 408 775 baptizare
432 711 610 773 potuit,
635 711 879 758 neminem
916 711 1185 774 baptizavit
1213 710 1344 770 (Joh.
1369 709 1433 756 iv.
1459 711 1511 771 2)
1533 730 1547 764 ;

155 785 243 834 sed
264 786 473 850 apostoli
497 787 601 849 ejus
624 796 675 834 et
699 786 923 849 discipuli
947 786 1075 834 illius
1109 785 1406 834 authoritate
1428 785 1549 848 bap-

155 852 388 910 tizarunt.
459 862 536 910 Ita
559 862 708 910 etiam
734 863 784 910 S.
809 862 1012 910 Paulum
1036 862 1087 909 in
1111 861 1313 909 diversis
1348 868 1398 908 et
1428 860 1551 907 mul-

153 945 262 986 tum
292 937 477 986 dissitis
505 937 625 985 locis
659 937 961 1000 praedicandi
991 938 1256 985 necessitas
1279 952 1309 984 a
1331 935 1550 1000 baptiza-

154 1013 291 1062 tione
314 1012 562 1076 frequenti
585 1013 851 1060 exeusavit.
889 1013 1018 1060 Cura
1037 1013 1166 1060 enim
1186 1013 1358 1075 major,
1373 1026 1550 1075 nempe

154 1087 375 1137 ecclesiae
398 1088 707 1151 gubernatio,
732 1104 761 1136 a
795 1088 925 1135 curis
949 1087 1012 1134 m'
1034 1087 1219 1158 foribus
1242 1086 1550 1134 vacationem

154 1163 391 1227 postulat.
433 1164 594 1211 Causa
616 1179 735 1227 ergo
758 1163 953 1211 reddita
1030 1172 1066 1222 t,
1091 1163 1411 1226 quamobrem
1434 1162 1552 1226 bap·

155 1238 311 1287 tizare
328 1254 428 1287 non
447 1238 638 1287 soleant
655 1255 795 1302 reges
816 1239 1097 1296 Christiani,
1113 1239 1343 1286 nimirum
1364 1237 1552 1295 eadem,

154 1321 358 1379 propter
388 1331 536 1379 quam
571 1315 716 1363 hodie
745 1331 928 1379 paucos
969 1315 1223 1378 baptizant
1247 1313 1479 1377 episcopi,
1502 1321 1554 1360 et

157 1390 290 1454 Papa
311 1390 584 1454 pauciores.

223 1465 299 1514 De
315 1481 549 1513 manuum
567 1464 899 1528 impositione,
915 1473 1158 1528 qnatenus
1182 1481 1240 1512 ea
1263 1464 1475 1527 regibus,
1499 1472 1555 1512 ut

154 1540 408 1605 baptizent
434 1549 835 1604 consecrentque,
861 1540 1134 1589 necessaria
1173 1540 1254 1598 sit,
1286 1539 1355 1587 sic
1395 1540 1555 1588 consi-

156 1616 452 1666 derabimus.

223 1691 514 1741 Ceremonia
535 1691 877 1755 antiquissima
900 1691 1032 1755 apud
1053 1691 1254 1740 Judaeos
1288 1701 1410 1752 erat,
1447 1702 1555 1741 tum

155 1768 353 1833 publice
371 1777 479 1816 tum
497 1767 741 1831 privatim,
757 1768 1003 1831 impositio
1023 1784 1278 1824 manuum;
1302 1786 1392 1833 per
1407 1786 1555 1834 quam

158 1843 510 1908 designabatur
532 1843 983 1907 ostendebaturque
1006 1860 1233 1907 persona,
1257 1846 1334 1894 vel
1358 1846 1454 1894 alia
1476 1862 1555 1895 res

158 1935 479 1984 quaecunque,
495 1920 624 1967 inter
637 1920 954 1983 precandum,
977 1920 1383 1982 benedicendum,
1408 1923 1555 1970 sacri-

157 1994 422 2054 ficandum,
441 1994 868 2043 condemnandum
904 1995 982 2043 vel
1022 1996 1371 2059 alloquendum
1411 1998 1554 2045 intel-

158 2069 371 2134 ligenda.
441 2070 519 2118 Ita
545 2070 688 2130 (Gen.
707 2071 858 2118 xlviii.
883 2072 962 2133 14)
988 2070 1143 2119 Jacob
1166 2072 1419 2121 benedixit
1440 2073 1554 2120 filiis

158 2145 359 2209 Joseph,
382 2145 654 2193 extendens
673 2146 904 2194 dextram
928 2163 1066 2194 suam
1091 2154 1145 2195 ut
1170 2148 1445 2212 imponeret
1467 2165 1552 2196 ca-

150 2219 262 2284 pita·
282 2219 571 2285 Ephraimi,
594 2221 834 2284 (quamvis
851 2231 980 2271 esset
1001 2223 1202 2284 minor),
1226 2230 1276 2270 et
1293 2224 1554 2271 sinistram

159 2310 299 2342 suam
318 2295 482 2359 capiti
501 2295 779 2345 Manassis.
854 2299 1018 2362 Atque
1041 2298 1136 2346 hoc
1160 2299 1317 2346 sciens
1339 2298 1473 2357 fecit,
1496 2307 1555 2346 nt

160 2369 557 2419 benedictionem
574 2372 809 2435 majorem
826 2372 1084 2438 designare
1102 2390 1154 2421 se
1177 2374 1371 2433 minori,
1391 2382 1554 2421 astan-

161 2445 296 2493 tibus
318 2444 614 2494 ostenderet.
690 2446 769 2495 Ita
790 2448 939 2496 etiam
970 2449 1218 2497 Aaronem
1237 2450 1379 2512 jubet
1403 2450 1552 2508 DeuS,

164 2520 341 2580 (Exod.
364 2521 496 2569 xxix.
526 2522 627 2583 10),
650 2538 821 2570 manus
850 2541 971 2572 suas
996 2524 1248 2589 imponere
1278 2525 1443 2589 capiti
1467 2525 1554 2586 ju-

159 2595 302 2643 venci
316 2613 336 2650 ;
359 2603 410 2644 et
433 2611 600 2644 rursus
618 2597 763 2658 (vers.
788 2601 880 2660 15),
901 2615 1090 2647 manum
1115 2600 1367 2663 imponere
1390 2600 1555 2664 capiti

159 2670 357 2718 arietis.
391 2670 555 2719 Etiam
572 2671 738 2721 Mosoe
754 2689 869 2723 cum
885 2674 1061 2723 ducem
1080 2675 1411 2723 Israelitarum
1435 2690 1555 2723 con-

160 2746 401 2805 stitueret,
442 2747 613 2808 (Num.
637 2749 786 2797 xxvii.
811 2750 918 2813 23),
955 2751 1209 2815 imponens
1239 2766 1412 2798 manus
1434 2765 1554 2798 suas

160 2820 257 2882 illi,
275 2822 529 2871 mandatis
546 2823 818 2879 instruxim-
836 2825 1019 2889 popnlo
1042 2825 1321 2884 ostendenS,
1345 2825 1453 2889 quis
1476 2840 1553 2873 es-
