1968 3236
424 240 518 284 350
742 249 811 282 DE
839 247 1093 282 eivrrA'rE
1122 245 1475 280 CHRISTIANA.

165 380 266 413 CAP.
289 381 380 414 mn.
425 361 544 409 catis
567 361 780 408 omnium
804 360 1053 408 hominum
1077 359 1220 406 unius
1243 359 1450 406 hominis
1475 372 1621 415 morS,
1642 371 1796 419 quan-

163 435 385 504 Dffls
426 454 570 500 quam
588 437 854 500 justissimi,
880 434 1145 483 secundum
1164 434 1366 498 justitiae
1390 434 1583 482 strictas
1602 431 1794 494 regulas

162 520 358 591 gffigioffig-
426 520 587 576 posset
632 512 935 565 satisfacere;
987 510 1072 558 sed
1117 511 1231 573 quia
1267 510 1398 573 quod
1431 510 1562 556 Deus
1608 523 1793 556 summe

350 585 355 591 ’
427 589 693 636 misericors
716 588 766 634 in
788 587 999 650 pretium
1022 585 1367 648 redemptionis
1390 585 1496 647 lege
1519 584 1794 647 postulave-

423 672 512 722 rat,
548 664 666 710 illud
707 663 928 710 Christus
972 660 1212 724 praestitit.
1281 660 1339 707 In
1377 660 1484 722 lege
1529 659 1696 713 veteri,
1737 671 1795 706 ut

423 741 623 803 legimus
648 739 799 786 Levit.
819 739 931 796 xvi„
952 737 1097 800 jussit
1116 737 1261 795 Deus,
1280 752 1368 799 pro
1391 735 1603 798 peccatis
1621 735 1794 782 Israel-

422 816 479 873 is,
506 823 609 862 tum
646 814 948 862 sacerdotum
972 821 1077 861 tum
1100 812 1281 876 populi,
1306 811 1563 875 quotannis
1590 811 1697 858 fieri
1719 826 1794 858 re-

423 891 807 938 conciliationem
830 890 923 937 hoc
947 889 1107 936 modo.
1177 888 1341 935 Aaron
1363 902 1452 950 pro
1475 902 1525 933 se
1549 894 1599 933 et
1636 901 1794 934 sacer-

423 966 616 1013 dotibus
635 966 904 1013 sacrificare
925 964 1131 1012 debebat
1154 963 1378 1016 vitulum3
1404 961 1614 1024 acceptis
1631 968 1795 1009 autem

422 1059 452 1089 a
473 1042 652 1105 populo
677 1041 863 1088 duobus
886 1040 1048 1098 hircis,
1075 1039 1281 1086 alterum
1303 1039 1392 1100 pro
1415 1037 1593 1100 populo
1614 1037 1795 1084 sacrifi-

423 1133 548 1176 care,
585 1117 789 1164 alterum
819 1116 1055 1171 emittere,
1081 1114 1164 1176 qui
1196 1113 1465 1161 vocabatur
1499 1111 1666 1159 hircus
1699 1128 1796 1159 em-

423 1192 697 1240 missarz'us.
748 1193 902 1255 Super
927 1198 1074 1253 caput
1097 1190 1256 1253 hujus,
1281 1197 1543 1252 antequam
1569 1187 1796 1234 emitten-

424 1269 512 1316 dus
536 1277 676 1326 esset,
700 1267 931 1330 imposuit
954 1281 1125 1313 manus
1164 1281 1274 1312 suas
1305 1263 1529 1312 sacerdos
1565 1278 1796 1321 summus,

423 1353 473 1391 et
517 1359 604 1406 per
639 1342 988 1390 confessionem
1027 1348 1341 1403 peccatorum
1385 1338 1552 1403 populi
1596 1345 1798 1401 peccata

422 1420 503 1466 illa
538 1420 698 1467 omnia
731 1420 781 1466 in
817 1425 964 1481 caput
997 1417 1119 1464 hirci
1150 1416 1394 1479 imposuit,
1420 1422 1469 1462 et
1502 1413 1677 1461 deinde
1709 1429 1798 1477 per

422 1496 666 1543 hominem
711 1495 918 1558 aliquem
959 1500 1286 1557 opportunum
1320 1492 1509 1539 hircum
1545 1489 1800 1537 emittebat

425 1570 474 1617 in
496 1570 754 1629 desertum,
772 1579 828 1618 ut
851 1577 1052 1634 peccata
1072 1568 1240 1632 populi
1263 1568 1454 1631 fugiens
1473 1567 1796 1629 absportaret.

427 1646 562 1692 Sicut
596 1654 758 1693 autem
793 1646 1080 1693 sacrificium
1114 1643 1311 1692 alterius
1340 1642 1463 1690 hirci
1486 1641 1698 1705 pretium
1722 1657 1798 1688 re-

426 1720 715 1783 demptionis
750 1721 899 1768 Israel
933 1720 1173 1768 sufficiens
1208 1726 1328 1776 erat,
1366 1717 1480 1781 quia
1512 1717 1668 1779 majus
1699 1732 1799 1764 non

423 1796 784 1858 postulabatur;
811 1797 880 1844 ita
899 1812 1089 1860 quoque
1114 1811 1244 1842 mors
1270 1793 1450 1842 Christi
1473 1808 1562 1856 pro
1585 1792 1799 1855 peccatis

423 1871 573 1918 totius
617 1871 814 1918 humani
847 1872 1036 1934 generis
1078 1870 1186 1918 ideo
1234 1868 1483 1926 satisfecit,
1521 1868 1634 1930 quia
1677 1867 1800 1915 nihil

425 1946 629 2009 amplius
664 1963 693 1993 a
726 1946 829 1994 Deo
863 1947 1163 2010 postulatum
1186 1953 1273 1994 est.
1343 1945 1504 2006 Atque
1530 1943 1800 1991 Servatoris

424 2022 576 2068 nostri
597 2022 757 2069 Passio
782 2037 879 2069 non
903 2023 1061 2070 minus
1085 2022 1278 2070 videtur
1294 2020 1370 2068 his
1389 2018 1671 2067 ceremoniis
1689 2033 1798 2082 per-

425 2097 588 2159 spicue
624 2097 945 2159 praefigurata,
983 2114 1126 2160 quam
1159 2099 1210 2145 in
1240 2097 1485 2146 oblatione
1526 2095 1679 2143 Isaaci
1713 2102 1799 2143 aut

425 2172 594 2234 quovis
618 2171 711 2219 alio
745 2172 846 2233 ejus
869 2179 984 2235 typo
1008 2173 1058 2220 in
1081 2174 1390 2221 Testamento
1413 2171 1606 2219 Vetere.
1679 2170 1800 2218 Erat

424 2247 553 2294 enim
578 2247 795 2294 Christus
819 2263 915 2294 non
935 2248 1080 2296 modo
1099 2249 1313 2306 victima,
1332 2247 1419 2296 sed
1436 2247 1582 2295 etiam
1605 2246 1800 2294 emissa-

425 2322 538 2369 rius.
608 2321 738 2369 Dicit
762 2321 908 2369 Isaias
931 2322 1032 2381 (liii.
1059 2325 1137 2384 7):
1179 2323 1391 2371 Oblatas
1421 2328 1497 2370 est
1534 2321 1653 2386 quia
1690 2321 1800 2385 ipse

424 2396 590 2455 voluit,
615 2403 665 2444 et
699 2413 791 2444 non
815 2398 1014 2461 aperuit
1037 2414 1091 2444 os
1110 2391 1268 2446 smlm:
1303 2398 1434 2446 sicut
1457 2398 1561 2445 ovis
1583 2396 1656 2445 ad
1669 2395 1799 2444 occi-

425 2471 606 2519 sionem
630 2472 852 2530 ducetur,
878 2479 927 2519 et
950 2474 1093 2536 qnasi
1117 2490 1277 2537 agnus
1301 2490 1468 2522 coram
1492 2472 1723 2522 tondente
1744 2487 1800 2519 se

425 2547 736 2605 obmutescet,
761 2554 809 2595 et
841 2563 933 2595 non
962 2549 1158 2612 aperiet
1194 2566 1249 2596 os
1285 2566 1437 2597 snum.
1511 2549 1586 2596 En
1608 2547 1799 2595 hircum

425 2622 777 2670 sacrificatum!
848 2622 999 2681 Idem,
1022 2623 1278 2687 (propheta
1301 2625 1475 2683 dicam,
1491 2640 1554 2672 an
1572 2622 1798 2687 evangel-

425 2695 570 2760 istaP)
602 2713 726 2745 vers.
752 2703 815 2745 4:
869 2697 1164 2761 Languor-es>-
1204 2706 1399 2748 nostro-s·
1441 2700 1549 2765 ipse
1584 2697 1713 2756 tulit,
1749 2702 1800 2745 et

426 2771 622 2819 dolore-s·
645 2778 840 2820 nostros
861 2772 969 2836 ipse
985 2774 1227 2836 portavit.
1296 2775 1360 2822 Et
1382 2790 1506 2822 vers.
1523 2780 1554 2823 6
1575 2792 1586 2821 z
1623 2772 1801 2821 Posuit

427 2846 663 2894 Dominus
687 2846 736 2894 in
759 2863 814 2894 eo
839 2846 1147 2910 iniqui-tatem
1172 2850 1375 2897 omnium
1399 2856 1630 2898 nostrum.
1672 2848 1800 2897 Ecce
