1968 3236
680 179 750 212 nn
778 180 1048 214 mvn-Am.
1463 170 1551 214 193

184 286 457 337 faciendum
483 297 572 346 est.
595 306 625 338 a
646 291 774 338 bono
806 300 972 339 nostro
997 292 1258 350 derivatur,
1282 306 1472 354 nempe,
1495 299 1551 338 ut
1585 310 1687 342 cAP.
1702 309 1815 343 xxv·

184 362 462 411 thesaurum
503 365 551 412 in
592 366 725 413 coelis
765 367 1041 415 habeamus.
1135 367 1231 415 Sed
1269 367 1414 415 verba
1446 367 1550 414 haec
1602 363 1791 434 m

186 437 371 487 Christi
398 440 596 500 (Matth.
622 442 718 488 xxi.
744 444 795 499 2)
821 461 831 489 :
859 442 939 490 Ite
964 444 1012 490 in
1037 443 1188 491 vicum
1211 442 1296 507 qui
1332 442 1467 490 tobis
1489 459 1552 490 ex

183 513 395 563 adverso
419 523 510 574 est,
526 523 574 563 et
591 517 845 565 invenietis
860 518 1048 565 asinam
1068 525 1117 566 et
1127 518 1315 583 pullum
1330 534 1435 565 cnm
1453 533 1513 564 ea
1533 534 1552 572 ‚-

181 589 361 639 solvite
381 598 432 639 et
456 591 703 647 adducite,
728 609 816 656 pro
839 594 1040 657 imperio
1066 594 1308 651 dicuntur,
1336 593 1448 656 quia
1471 593 1555 641 do-

183 665 303 714 mini
335 675 462 715 sunt.
532 668 691 715 Verba
723 678 883 716 autem
909 670 1028 725 haec,
1054 669 1339 734 recipiat-ite
1362 675 1412 716 et
1436 668 1555 733 bap-

183 740 406 791 timmini
429 743 478 790 in
502 744 688 790 nomine
722 743 857 802 ‹le-511,
882 745 1272 799 consilium-est3
1308 744 1422 807 quia
1455 759 1556 791 non

184 817 450 867 adbonum
481 819 677 882 aliquod
712 820 842 882 quod
877 820 939 867 ad
975 821 1129 868 Deum
1153 820 1417 883 perveniat,
1455 819 1554 882 qui,

185 901 614 956 quantumcunque
637 902 946 942 contumaces
972 911 1153 953 sumus,
1176 910 1366 958 semper
1382 910 1556 957 regna-

186 967 288 1023 bit;
322 968 408 1016 sed
441 969 503 1017 ad
537 969 717 1017 bonum
749 979 985 1027 nostrum,
1020 971 1103 1034 qui
1138 986 1332 1034 poenam
1355 978 1555 1033 propter

186 1051 387 1108 peccata
403 1052 569 1092 nostra
590 1045 684 1092 alia
706 1045 783 1092 via
807 1046 1018 1108 effugere
1042 1062 1139 1093 non
1153 1061 1420 1109 possumus.

255 1119 541 1167 Differentia
574 1121 701 1167 inter
734 1121 1032 1168 consiliarios
1055 1121 1255 1168 idoneos
1277 1128 1326 1168 et
1348 1121 1555 1184 ineptos,

186 1210 219 1242 a
240 1194 512 1242 differentia
536 1194 777 1257 dependet
801 1196 926 1243 inter
947 1196 1150 1243 virtutes
1173 1204 1224 1243 et
1243 1195 1475 1253 defectus,
1496 1195 1557 1243 de

187 1269 363 1333 quibus
385 1279 498 1318 ante
530 1270 679 1318 locuti
709 1286 887 1327 sumus,
908 1270 1288 1318 intellectuales:
1322 1271 1392 1318 illi
1410 1271 1556 1329 enim,

188 1345 275 1408 qui
296 1361 534 1393 summam
553 1346 700 1393 habet
721 1354 1027 1408 potestatem,
1046 1362 1135 1409 pro
1158 1347 1389 1393 memoria
1413 1354 1462 1393 et
1485 1346 1547 1393 in-

189 1418 393 1467 tellectu
415 1428 543 1467 sunt.
614 1420 710 1468 Sed
729 1436 838 1467 cum
863 1420 1176 1468 similitudine
1190 1420 1283 1468 hac
1300 1420 1427 1468 inter
1439 1419 1560 1467 civi-

186 1501 338 1544 tatem
373 1504 423 1543 et
461 1495 720 1552 hominem,
757 1494 1093 1543 dissimilitudo
1135 1495 1356 1558 quaedam
1394 1495 1559 1558 magni

188 1571 421 1620 momenti
444 1571 706 1634 conjuncta
727 1579 816 1618 est.
885 1571 1173 1618 Memoriam
1196 1571 1326 1618 enim
1349 1581 1398 1618 et
1417 1571 1558 1618 intel-

186 1644 367 1694 lectum
399 1645 548 1693 habet
583 1645 730 1694 homo
764 1646 825 1693 ab
861 1646 976 1709 ipsis
1010 1646 1156 1694 rebus
1196 1662 1305 1710 quae
1329 1662 1556 1694 sensuum

187 1720 380 1784 objecta
413 1728 556 1775 sunt;
592 1737 701 1784 quae
740 1721 930 1783 objecta
963 1721 1113 1778 illum,
1149 1721 1252 1769 sine
1286 1721 1418 1768 omni
1447 1737 1558 1785 pas-

185 1795 326 1844 sione
358 1803 407 1843 et
440 1796 556 1844 boni
595 1796 671 1843 sui
709 1804 950 1859 respectu,
974 1796 1092 1859 quid
1120 1796 1362 1860 agendum
1383 1797 1447 1845 sit
1470 1797 1558 1845 do-

189 1878 321 1928 cent,
354 1886 445 1919 nec
478 1871 621 1918 aliter
654 1871 828 1919 docere
861 1881 1096 1934 possunt;
1132 1872 1218 1919 sed
1251 1873 1336 1935 qni
1372 1873 1558 1921 civitati

15 1950 18 1952 ’
69 1945 101 2012 ’ἑξ
188 1945 442 1995 eonsilium
483 1946 583 2003 dat,
604 1946 785 1994 habere
820 1955 996 2010 potest,
1036 1955 1085 1994 et
1122 1947 1383 2011 saepissime
1413 1948 1559 1996 habet

25 2075 27 2078 .
185 2035 387 2085 neopum
419 2022 684 2085 proprium,
717 2037 808 2069 nec
832 2038 1022 2085 semper
1043 2039 1155 2070 eum
1178 2039 1326 2086 scopo
1349 2023 1559 2071 civitatis

62 2114 86 2132 «ν
110 2145 112 2147 ,
191 2105 552 2161 congruentem.
623 2098 794 2161 Itaque
811 2114 900 2162 pro
923 2099 1103 2146 virtute
1117 2099 1275 2162 prima
1297 2099 1558 2147 consiliarii

189 2171 306 2224 boni
327 2172 597 2221 habendam
621 2188 811 2231 censeo,
835 2181 892 2221 ut
914 2174 1034 2221 fines
1048 2175 1151 2236 ejus
1173 2182 1223 2222 et
1243 2174 1424 2221 bonum
1447 2190 1559 2237 pro-

62 2239 63 2242 *
86 2246 105 2307 ζ’
191 2246 349 2312 prium
371 2264 471 2296 non
488 2248 586 2296 sint
601 2248 776 2296 finibus
794 2258 845 2297 et
858 2249 987 2297 bono
1006 2249 1201 2313 publico
1217 2257 1557 2312 repugnantes.

258 2322 499 2383 Secundo,
523 2323 636 2387 quia
654 2325 843 2387 quoties
866 2324 928 2373 de
960 2325 1150 2372 actione
1183 2324 1346 2387 aliqua
1369 2323 1559 2386 agenda

191 2397 500 2458 deliberatur,
538 2400 798 2448 consiliarii
832 2401 947 2448 boni
983 2401 1193 2448 officium
1239 2407 1312 2447 est
1357 2398 1559 2446 actionis

71 2517 106 2540 ·-:.
190 2475 575 2538 consequentias,
599 2475 700 2523 sive
734 2492 792 2523 ea
831 2492 938 2539 quae
971 2476 1215 2523 actionem
1237 2474 1561 2522 verisimiliter

8 2547 9 2550 ¹
120 2575 121 2578 ¹
190 2557 455 2612 sequutura
492 2558 621 2606 sunt,
645 2550 715 2598 ita
737 2550 998 2608 declarare,
1021 2559 1077 2599 ut
1099 2551 1153 2607 is,
1177 2550 1255 2597 cui
1279 2550 1423 2597 datur
1446 2564 1561 2595 con-

7 2630 10 2632 ’
67 2635 113 2670 -ῃ
192 2622 368 2682 silium,
382 2639 441 2672 ea
457 2624 671 2687 perfecte
685 2625 924 2688 intelligat
939 2646 952 2679 ;
977 2625 1230 2673 consilium
1248 2639 1387 2671 suum
1404 2623 1561 2670 forma

192 2697 423 2748 untionis
445 2698 532 2746 tali
554 2699 796 2763 explicare
810 2700 971 2756 debet,
995 2700 1149 2763 qualis
1165 2699 1356 2747 veritati
1380 2706 1429 2745 et
1453 2713 1559 2760 per-

74 2791 83 2800 *
189 2772 439 2836 apicuitati
474 2774 683 2823 maxime
720 2783 1047 2823 consentanea
1080 2775 1156 2832 sit,
1193 2774 1244 2823 id
1266 2782 1354 2831 est,
1378 2773 1562 2837 perspi-

325 2862 448 2897 vor..
468 2863 552 2897 111.
1395 2862 1429 2896 o
