1910 3236
68 353 170 392 CAP.
190 354 286 384 VIII.

85 408 274 429 *ογ-ν

47 448 92 476 De
107 449 263 476 virtutibus

46 491 293 521 intellectualibus
309 503 315 525 ;

46 535 263 573 defectibusque

46 578 192 616 oppositis.

332 210 394 252 56
850 221 920 252 DE
950 219 1191 252 ΗΟΜΙΝΕ.

329 331 400 378 rei
434 330 696 394 aliquando
721 338 810 390 est,
836 331 968 394 quod
1006 331 1304 393 experientia
1337 339 1534 380 careant
1559 332 1642 389 ita,
1661 337 1716 377 ut

330 406 552 454 videatur
571 407 661 453 sibi
693 423 876 454 novum
899 413 948 454 et
972 406 1175 469 dignum
1206 407 1356 466 dictu,
1382 408 1433 455 id
1457 407 1588 471 quod
1612 406 1718 454 aliis

331 482 548 535 vilescit;
597 483 673 529 vel
710 498 943 545 magnum
985 482 1091 538 sibi,
1134 482 1266 546 quod
1304 484 1410 531 aliis
1446 500 1540 531 non
1582 485 1715 530 item.

334 558 461 605 Nam
495 558 725 620 quicquid
756 574 955 615 novum,
982 573 1230 620 magnum,
1257 567 1306 606 et
1342 559 1479 607 dictu
1512 559 1716 622 dignum

330 640 419 688 est,
445 633 677 680 seducere
706 633 928 680 homines
968 633 1028 679 ab
1062 633 1287 681 instituta
1326 635 1564 682 sermonis
1588 634 1714 682 serie

331 724 458 770 saepe
482 709 618 756 solet.

397 784 556 831 Poetis
582 784 633 831 in
658 799 953 846 unoquoque
971 800 1149 846 genere
1168 786 1328 848 operis
1352 793 1458 834 tum
1477 785 1718 849 judicium

329 867 434 907 tum
479 859 738 922 phantasia
772 860 1065 922 requiritur3
1116 861 1328 909 eminere
1366 870 1531 910 tamen
1574 862 1720 909 debet

329 935 600 998 phantasia,
626 936 741 999 quia
771 936 966 999 placent
999 944 1229 999 poemata
1251 938 1496 1001 praecipue
1519 944 1721 1001 propter

329 1011 596 1059 novitatem
615 1032 626 1067 ;
664 1011 921 1075 displicere
942 1019 1106 1059 autem
1130 1029 1229 1060 non
1255 1013 1436 1060 debent
1458 1029 1547 1077 per
1570 1013 1721 1060 indis-

331 1087 615 1135 cretionem.

397 1163 456 1210 In
500 1163 709 1211 historia
748 1163 968 1226 legitima
1009 1164 1222 1211 eminere
1263 1164 1505 1227 judicium
1543 1164 1721 1220 debet;

331 1239 446 1301 quia
483 1239 639 1287 virtus
680 1239 898 1290 historiae
938 1240 990 1287 in
1031 1240 1278 1298 methodo,
1320 1241 1372 1287 in
1412 1241 1634 1298 veritate,
1670 1239 1723 1287 in

331 1314 570 1362 electione
604 1315 962 1362 narrandorum
998 1316 1247 1370 consistit3
1285 1332 1443 1378 neque
1473 1315 1611 1364 locus
1641 1316 1723 1363 hic

331 1397 405 1438 est
426 1391 714 1453 phantasiae,
738 1399 1067 1454 praeterquam
1091 1392 1141 1438 in
1167 1391 1386 1439 ornanda
1409 1392 1707 1439 narratione.

400 1467 457 1513 In
494 1466 854 1514 laudationibus
891 1475 941 1514 et
982 1467 1032 1515 in
1078 1467 1331 1514 invectivis
1377 1467 1724 1530 praedominari

333 1541 478 1589 debet
513 1542 799 1604 phantasia3
836 1542 951 1605 quia
972 1558 1061 1605 pro
1090 1543 1186 1589 fine
1214 1542 1399 1590 habent
1422 1559 1522 1591 non
1545 1543 1724 1591 verita-

333 1625 449 1675 tem,
476 1617 562 1664 sed
584 1617 781 1665 laudem
805 1618 881 1665 vel
904 1618 1231 1680 vituperium;
1269 1635 1378 1681 quae
1402 1619 1726 1681 perficiuntur

335 1693 780 1756 comparationibus
805 1693 1075 1740 illustribus
1093 1694 1170 1741 vel
1189 1693 1363 1740 vilibus
1387 1693 1463 1741 vel
1487 1693 1724 1742 ridiculis.

333 1767 582 1815 Judicium
615 1768 1007 1816 circumstantias
1042 1775 1234 1816 tantum
1272 1769 1506 1832 suggerit,
1549 1770 1726 1833 quibus

336 1844 464 1891 actio
489 1843 746 1891 laudabilis
768 1844 846 1891 vel
870 1844 1162 1892 illaudabilis
1187 1844 1408 1893 efficitur.

404 1919 462 1966 In
480 1919 738 1967 hortativis
758 1927 807 1967 et
826 1936 1081 1967 causarum
1100 1920 1413 1979 dictionibus,
1432 1927 1580 1984 prout
1598 1921 1727 1968 veri·

339 2004 414 2042 tas
448 1994 526 2042 vel
560 1994 804 2042 simulatio
837 1995 1046 2043 maxime
1078 1995 1278 2043 inservit
1312 1996 1383 2043 rei
1411 2011 1520 2059 quae
1543 1997 1724 2059 agitur,

338 2071 408 2118 ita
425 2069 664 2133 judicium
687 2070 764 2118 vel
787 2070 1044 2133 phantasia
1066 2071 1276 2118 maxime
1300 2071 1590 2134 postulatur.

406 2146 464 2193 In
496 2146 925 2204 demonstratione,
949 2146 1001 2193 in
1033 2146 1251 2205 consilio,
1277 2155 1327 2194 et
1362 2147 1412 2194 in
1442 2147 1577 2194 omni
1599 2149 1726 2196 veri·-

338 2221 452 2268 tatis
483 2221 858 2284 investigatione
894 2237 1076 2281 severa,
1110 2222 1264 2269 solum
1301 2222 1566 2285 requiritur
1595 2223 1726 2286 judi-

339 2297 498 2352 cium;
534 2297 627 2345 nisi
649 2297 778 2345 forte
802 2298 1063 2360 aliquando
1087 2297 1402 2345 similitudine
1426 2298 1590 2362 aliqua
1612 2307 1728 2363 apta

339 2389 461 2435 opus
494 2373 572 2430 sit,
609 2381 665 2420 ut
695 2373 745 2430 ii,
779 2373 861 2435 qui
896 2372 1101 2420 audiunt
1135 2372 1212 2420 vel
1246 2373 1430 2436 legunt,
1469 2373 1727 2422 dociliores

338 2449 476 2496 fiant.
548 2447 696 2497 Quod
719 2456 883 2495 autem
912 2448 976 2495 ad
1007 2448 1316 2511 metaphoras
1341 2449 1535 2508 attinet,
1562 2450 1729 2498 exclu-

339 2523 512 2572 dendae
536 2539 735 2587 prorsus
760 2531 887 2571 sunt.
959 2524 1219 2591 Fallaciam
1237 2524 1367 2574 enim
1385 2533 1555 2587 aperte
1578 2526 1729 2588 profi-

338 2608 521 2647 tentur.
592 2599 705 2646 Illas
747 2614 864 2662 ergo
905 2599 956 2646 in
998 2599 1201 2647 consilio
1237 2599 1314 2646 vel
1354 2599 1729 2650 ratiocinatione
1780 2610 1782 2612 ’

340 2691 509 2722 severa
532 2675 806 2733 admittere,
832 2674 1041 2723 stultitia
1063 2683 1138 2723 est
1162 2675 1433 2723 manifesta.

408 2751 465 2797 In
502 2750 723 2798 discursu
759 2766 1065 2815 quocunque,
1096 2752 1134 2799 si
1170 2751 1476 2799 discretionis
1512 2752 1730 2802 defectus

341 2826 597 2875 manifeste
621 2834 868 2890 appareat,
895 2836 1325 2890 quantumcunque
1356 2828 1549 2891 placere
1577 2829 1732 2893 possit
