<?xml version="1.0" encoding="UTF-8"?>
<!DOCTYPE html PUBLIC "-//W3C//DTD XHTML 1.0 Transitional//EN"
    "http://www.w3.org/TR/xhtml1/DTD/xhtml1-transitional.dtd">
<html xmlns="http://www.w3.org/1999/xhtml" xml:lang="en" lang="en">
 <head>
  <title>
</title>
<meta http-equiv="Content-Type" content="text/html;charset=utf-8" />
  <meta name='ocr-system' content='tesseract 3.04.00' />
  <meta name='ocr-capabilities' content='ocr_page ocr_carea ocr_par ocr_line ocrx_word'/>
</head>
<body>
  <div class='ocr_page' id='page_1' title='image "./operaphilosophic03hobbuoft_0521.png"; bbox 0 0 1968 3236; ppageno 0'>
   <div class='ocr_carea' id='block_1_1' title="bbox 521 257 1579 305">
    <p class='ocr_par' dir='ltr' id='par_1_1' title="bbox 521 257 1579 305">
     <span class='ocr_line' id='line_1_1' title="bbox 521 257 1579 305; baseline -0.005 0"><span class='ocrx_word' id='word_1_1' title='bbox 521 271 807 305; x_wconf 71' lang='lat' dir='ltr'>APPEanx</span> <span class='ocrx_word' id='word_1_2' title='bbox 834 271 906 304; x_wconf 74' lang='lat' dir='ltr'>An</span> <span class='ocrx_word' id='word_1_3' title='bbox 934 268 1273 303; x_wconf 61' lang='lat' dir='ltr'>anm‘rnas.</span> <span class='ocrx_word' id='word_1_4' title='bbox 1491 257 1579 300; x_wconf 83' lang='lat'>521</span> 
     </span>
    </p>
   </div>
   <div class='ocr_carea' id='block_1_2' title="bbox 201 376 1584 518">
    <p class='ocr_par' dir='ltr' id='par_1_2' title="bbox 201 376 1584 518">
     <span class='ocr_line' id='line_1_2' title="bbox 201 376 1584 446; baseline -0.007 -13"><span class='ocrx_word' id='word_1_5' title='bbox 201 390 280 433; x_wconf 78' lang='lat' dir='ltr'>est</span> <span class='ocrx_word' id='word_1_6' title='bbox 300 389 578 437; x_wconf 86' lang='lat' dir='ltr'>mortuum;</span> <span class='ocrx_word' id='word_1_7' title='bbox 615 387 850 446; x_wconf 74' lang='lat' dir='ltr'><em>resurget</em></span> <span class='ocrx_word' id='word_1_8' title='bbox 873 395 1055 444; x_wconf 74' lang='lat' dir='ltr'>corpus</span> <span class='ocrx_word' id='word_1_9' title='bbox 1077 376 1363 444; x_wconf 75' lang='lat' dir='ltr'><em>spirituale.</em></span> <span class='ocrx_word' id='word_1_10' title='bbox 1413 377 1584 439; x_wconf 90' lang='lat' dir='ltr'>Itaque</span> 
     </span>
     <span class='ocr_line' id='line_1_3' title="bbox 201 451 1583 518; baseline -0.006 -11"><span class='ocrx_word' id='word_1_11' title='bbox 201 466 448 511; x_wconf 86' lang='lat' dir='ltr'>mutatur;</span> <span class='ocrx_word' id='word_1_12' title='bbox 501 465 555 504; x_wconf 90' lang='lat' dir='ltr'>ut</span> <span class='ocrx_word' id='word_1_13' title='bbox 579 473 702 504; x_wconf 85' lang='lat' dir='ltr'>vers.</span> <span class='ocrx_word' id='word_1_14' title='bbox 730 462 808 513; x_wconf 90' lang='lat'>51,</span> <span class='ocrx_word' id='word_1_15' title='bbox 835 462 915 512; x_wconf 78' lang='lat'>52,</span> <span class='ocrx_word' id='word_1_16' title='bbox 956 453 1240 518; x_wconf 77' lang='lat' dir='ltr'><em>mysterium</em></span> <span class='ocrx_word' id='word_1_17' title='bbox 1282 451 1418 500; x_wconf 73' lang='lat' dir='ltr'>cobis</span> <span class='ocrx_word' id='word_1_18' title='bbox 1455 451 1583 499; x_wconf 84' lang='lat' dir='ltr'>dico.</span> 
     </span>
    </p>
   </div>
   <div class='ocr_carea' id='block_1_3' title="bbox 1640 400 1831 477">
    <p class='ocr_par' dir='ltr' id='par_1_3' title="bbox 1640 400 1831 477">
     <span class='ocr_line' id='line_1_4' title="bbox 1647 400 1803 433; baseline 0 -1"><span class='ocrx_word' id='word_1_19' title='bbox 1647 400 1752 433; x_wconf 75' lang='lat' dir='ltr'>cAP.</span> <span class='ocrx_word' id='word_1_20' title='bbox 1772 400 1803 432; x_wconf 88' lang='lat'>1.</span> 
     </span>
     <span class='ocr_line' id='line_1_5' title="bbox 1640 453 1831 477; baseline -0.005 -7"><span class='ocrx_word' id='word_1_21' title='bbox 1640 453 1831 477; x_wconf 40' lang='lat' dir='ltr'>§.q—a</span> 
     </span>
    </p>
   </div>
   <div class='ocr_carea' id='block_1_4' title="bbox 1638 495 1828 533">
    <p class='ocr_par' dir='ltr' id='par_1_4' title="bbox 1638 495 1828 533">
     <span class='ocr_line' id='line_1_6' title="bbox 1638 495 1828 533; baseline 0 -9"><span class='ocrx_word' id='word_1_22' title='bbox 1638 496 1683 524; x_wconf 76' lang='lat' dir='ltr'>De</span> <span class='ocrx_word' id='word_1_23' title='bbox 1696 495 1828 533; x_wconf 71' lang='lat' dir='ltr'>symbolo</span> 
     </span>
    </p>
   </div>
   <div class='ocr_carea' id='block_1_5' title="bbox 201 531 1755 596">
    <p class='ocr_par' dir='ltr' id='par_1_5' title="bbox 201 531 1755 596">
     <span class='ocr_line' id='line_1_7' title="bbox 201 531 1755 596; baseline -0.006 -14"><span class='ocrx_word' id='word_1_24' title='bbox 201 533 318 582; x_wconf 73' lang='lat' dir='ltr'>Non</span> <span class='ocrx_word' id='word_1_25' title='bbox 341 549 503 580; x_wconf 74' lang='lat' dir='ltr'>omnes</span> <span class='ocrx_word' id='word_1_26' title='bbox 527 532 722 596; x_wconf 81' lang='lat' dir='ltr'>quidem</span> <span class='ocrx_word' id='word_1_27' title='bbox 749 531 1027 587; x_wconf 83' lang='lat' dir='ltr'>moriemur,</span> <span class='ocrx_word' id='word_1_28' title='bbox 1052 545 1214 578; x_wconf 76' lang='lat' dir='ltr'>omnes</span> <span class='ocrx_word' id='word_1_29' title='bbox 1238 534 1398 576; x_wconf 78' lang='lat' dir='ltr'>autem</span> <span class='ocrx_word' id='word_1_30' title='bbox 1433 534 1586 575; x_wconf 82' lang='lat' dir='ltr'>muta-</span> <span class='ocrx_word' id='word_1_31' title='bbox 1636 539 1755 567; x_wconf 61' lang='lat' dir='ltr'>&#39;sicem</span> 
     </span>
    </p>
   </div>
   <div class='ocr_carea' id='block_1_6' title="bbox 202 602 1598 2931">
    <p class='ocr_par' dir='ltr' id='par_1_6' title="bbox 202 602 1586 818">
     <span class='ocr_line' id='line_1_8' title="bbox 203 602 1586 662; baseline -0.006 -5"><span class='ocrx_word' id='word_1_32' title='bbox 203 608 362 657; x_wconf 74' lang='lat' dir='ltr'>bimur</span> <span class='ocrx_word' id='word_1_33' title='bbox 394 608 444 656; x_wconf 78' lang='lat' dir='ltr'>in</span> <span class='ocrx_word' id='word_1_34' title='bbox 480 613 712 655; x_wconf 85' lang='lat' dir='ltr'>momento</span> <span class='ocrx_word' id='word_1_35' title='bbox 751 613 800 654; x_wconf 80' lang='lat' dir='ltr'>et</span> <span class='ocrx_word' id='word_1_36' title='bbox 840 607 942 653; x_wconf 83' lang='lat' dir='ltr'>ictu</span> <span class='ocrx_word' id='word_1_37' title='bbox 973 605 1119 662; x_wconf 78' lang='lat' dir='ltr'>oculi,</span> <span class='ocrx_word' id='word_1_38' title='bbox 1154 604 1203 652; x_wconf 85' lang='lat' dir='ltr'>in</span> <span class='ocrx_word' id='word_1_39' title='bbox 1237 602 1355 651; x_wconf 83' lang='lat' dir='ltr'>tuba</span> <span class='ocrx_word' id='word_1_40' title='bbox 1396 602 1586 651; x_wconf 81' lang='lat' dir='ltr'>ultima.</span> 
     </span>
     <span class='ocr_line' id='line_1_9' title="bbox 202 678 1586 746; baseline -0.006 -14"><span class='ocrx_word' id='word_1_41' title='bbox 202 683 413 732; x_wconf 79' lang='lat' dir='ltr'>Sonabit</span> <span class='ocrx_word' id='word_1_42' title='bbox 436 683 562 731; x_wconf 83' lang='lat' dir='ltr'>enim</span> <span class='ocrx_word' id='word_1_43' title='bbox 587 683 722 739; x_wconf 81' lang='lat' dir='ltr'>tuba,</span> <span class='ocrx_word' id='word_1_44' title='bbox 747 689 797 730; x_wconf 84' lang='lat' dir='ltr'>et</span> <span class='ocrx_word' id='word_1_45' title='bbox 820 687 1088 746; x_wconf 69' lang='lat' dir='ltr'>resurgent</span> <span class='ocrx_word' id='word_1_46' title='bbox 1112 679 1292 728; x_wconf 79' lang='lat' dir='ltr'>mortui</span> <span class='ocrx_word' id='word_1_47' title='bbox 1327 678 1586 742; x_wconf 82' lang='lat' dir='ltr'>incorrup-</span> 
     </span>
     <span class='ocr_line' id='line_1_10' title="bbox 203 758 905 818; baseline -0.003 -11"><span class='ocrx_word' id='word_1_48' title='bbox 203 758 388 818; x_wconf 65' lang='lat' dir='ltr'>ubiles,</span> <span class='ocrx_word' id='word_1_49' title='bbox 412 766 462 807; x_wconf 84' lang='lat' dir='ltr'>et</span> <span class='ocrx_word' id='word_1_50' title='bbox 485 775 573 806; x_wconf 77' lang='lat' dir='ltr'>nos</span> <span class='ocrx_word' id='word_1_51' title='bbox 596 758 905 806; x_wconf 82' lang='lat' dir='ltr'><em>mutabimur.</em></span> 
     </span>
    </p>

    <p class='ocr_par' dir='ltr' id='par_1_7' title="bbox 203 828 1590 1198">
     <span class='ocr_line' id='line_1_11' title="bbox 269 828 1587 884; baseline -0.005 -1"><span class='ocrx_word' id='word_1_52' title='bbox 269 835 334 883; x_wconf 83' lang='lat' dir='ltr'>A.</span> <span class='ocrx_word' id='word_1_53' title='bbox 373 835 470 884; x_wconf 88' lang='lat' dir='ltr'>Sed</span> <span class='ocrx_word' id='word_1_54' title='bbox 503 835 622 882; x_wconf 90' lang='lat' dir='ltr'>mihi</span> <span class='ocrx_word' id='word_1_55' title='bbox 646 834 874 882; x_wconf 77' lang='lat' dir='ltr'>videntur</span> <span class='ocrx_word' id='word_1_56' title='bbox 909 833 987 880; x_wconf 89' lang='lat' dir='ltr'>hic</span> <span class='ocrx_word' id='word_1_57' title='bbox 1011 831 1121 879; x_wconf 89' lang='lat' dir='ltr'>duae</span> <span class='ocrx_word' id='word_1_58' title='bbox 1145 830 1481 884; x_wconf 86' lang='lat' dir='ltr'>difficultates;</span> <span class='ocrx_word' id='word_1_59' title='bbox 1517 828 1587 876; x_wconf 90' lang='lat' dir='ltr'>al-</span> 
     </span>
     <span class='ocr_line' id='line_1_12' title="bbox 204 905 1587 974; baseline -0.007 -14"><span class='ocrx_word' id='word_1_60' title='bbox 204 920 326 970; x_wconf 87' lang='lat' dir='ltr'>tera,</span> <span class='ocrx_word' id='word_1_61' title='bbox 351 911 466 974; x_wconf 87' lang='lat' dir='ltr'>quia</span> <span class='ocrx_word' id='word_1_62' title='bbox 489 926 743 973; x_wconf 86' lang='lat' dir='ltr'>resurgere</span> <span class='ocrx_word' id='word_1_63' title='bbox 767 918 842 956; x_wconf 89' lang='lat' dir='ltr'>est</span> <span class='ocrx_word' id='word_1_64' title='bbox 858 908 1161 964; x_wconf 88' lang='lat' dir='ltr'>reviviscere,</span> <span class='ocrx_word' id='word_1_65' title='bbox 1181 905 1425 969; x_wconf 91' lang='lat' dir='ltr'>quomodo</span> <span class='ocrx_word' id='word_1_66' title='bbox 1440 905 1587 952; x_wconf 92' lang='lat' dir='ltr'>homo</span> 
     </span>
     <span class='ocr_line' id='line_1_13' title="bbox 203 979 1590 1049; baseline -0.006 -14"><span class='ocrx_word' id='word_1_67' title='bbox 203 987 463 1035; x_wconf 86' lang='lat' dir='ltr'>reviviscet</span> <span class='ocrx_word' id='word_1_68' title='bbox 496 986 546 1033; x_wconf 90' lang='lat' dir='ltr'>in</span> <span class='ocrx_word' id='word_1_69' title='bbox 571 985 845 1049; x_wconf 91' lang='lat' dir='ltr'>sepulchro,</span> <span class='ocrx_word' id='word_1_70' title='bbox 869 984 963 1031; x_wconf 88' lang='lat' dir='ltr'>nisi</span> <span class='ocrx_word' id='word_1_71' title='bbox 987 983 1152 1030; x_wconf 84' lang='lat' dir='ltr'>anima</span> <span class='ocrx_word' id='word_1_72' title='bbox 1174 983 1277 1045; x_wconf 89' lang='lat' dir='ltr'>ejus</span> <span class='ocrx_word' id='word_1_73' title='bbox 1300 980 1503 1029; x_wconf 86' lang='lat' dir='ltr'>accedat</span> <span class='ocrx_word' id='word_1_74' title='bbox 1525 979 1590 1027; x_wconf 89' lang='lat' dir='ltr'>ad</span> 
     </span>
     <span class='ocr_line' id='line_1_14' title="bbox 204 1055 1590 1126; baseline -0.005 -16"><span class='ocrx_word' id='word_1_75' title='bbox 204 1077 410 1126; x_wconf 85' lang='lat' dir='ltr'>corpus;</span> <span class='ocrx_word' id='word_1_76' title='bbox 434 1061 680 1119; x_wconf 90' lang='lat' dir='ltr'>nimirum,</span> <span class='ocrx_word' id='word_1_77' title='bbox 702 1061 762 1108; x_wconf 91' lang='lat' dir='ltr'>de</span> <span class='ocrx_word' id='word_1_78' title='bbox 782 1060 906 1108; x_wconf 88' lang='lat' dir='ltr'>coelo</span> <span class='ocrx_word' id='word_1_79' title='bbox 924 1059 1001 1107; x_wconf 90' lang='lat' dir='ltr'>vel</span> <span class='ocrx_word' id='word_1_80' title='bbox 1024 1059 1187 1121; x_wconf 88' lang='lat' dir='ltr'>aliquo</span> <span class='ocrx_word' id='word_1_81' title='bbox 1206 1058 1314 1106; x_wconf 91' lang='lat' dir='ltr'>coeli</span> <span class='ocrx_word' id='word_1_82' title='bbox 1336 1057 1486 1104; x_wconf 88' lang='lat' dir='ltr'>limbo</span> <span class='ocrx_word' id='word_1_83' title='bbox 1505 1055 1590 1103; x_wconf 90' lang='lat' dir='ltr'>de-</span> 
     </span>
     <span class='ocr_line' id='line_1_15' title="bbox 205 1119 1588 1198; baseline -0.004 -14"><span class='ocrx_word' id='word_1_84' title='bbox 205 1136 458 1195; x_wconf 87' lang='lat' dir='ltr'>scendens,</span> <span class='ocrx_word' id='word_1_85' title='bbox 482 1136 558 1183; x_wconf 85' lang='lat' dir='ltr'>vel</span> <span class='ocrx_word' id='word_1_86' title='bbox 583 1137 644 1183; x_wconf 89' lang='lat' dir='ltr'>ab</span> <span class='ocrx_word' id='word_1_87' title='bbox 669 1136 861 1183; x_wconf 87' lang='lat' dir='ltr'>inferno</span> <span class='ocrx_word' id='word_1_88' title='bbox 884 1135 961 1182; x_wconf 91' lang='lat' dir='ltr'>vel</span> <span class='ocrx_word' id='word_1_89' title='bbox 983 1119 1268 1198; x_wconf 54' lang='lat' dir='ltr'>piffgatorio</span> <span class='ocrx_word' id='word_1_90' title='bbox 1288 1131 1588 1180; x_wconf 81' lang='lat' dir='ltr'>ascendens?</span> 
     </span>
    </p>

    <p class='ocr_par' dir='ltr' id='par_1_8' title="bbox 205 1209 1592 1421">
     <span class='ocr_line' id='line_1_16' title="bbox 277 1209 1592 1273; baseline -0.005 -13"><span class='ocrx_word' id='word_1_91' title='bbox 277 1213 339 1260; x_wconf 88' lang='lat' dir='ltr'>B.</span> <span class='ocrx_word' id='word_1_92' title='bbox 376 1211 542 1261; x_wconf 77' lang='lat' dir='ltr'>Quid?</span> <span class='ocrx_word' id='word_1_93' title='bbox 614 1212 826 1269; x_wconf 89' lang='lat' dir='ltr'>Deusne,</span> <span class='ocrx_word' id='word_1_94' title='bbox 854 1210 937 1273; x_wconf 90' lang='lat' dir='ltr'>qui</span> <span class='ocrx_word' id='word_1_95' title='bbox 959 1210 1077 1257; x_wconf 88' lang='lat' dir='ltr'>fecit</span> <span class='ocrx_word' id='word_1_96' title='bbox 1101 1209 1349 1256; x_wconf 87' lang='lat' dir='ltr'>hominem</span> <span class='ocrx_word' id='word_1_97' title='bbox 1373 1223 1434 1255; x_wconf 83' lang='lat' dir='ltr'>ex</span> <span class='ocrx_word' id='word_1_98' title='bbox 1458 1210 1592 1255; x_wconf 80' lang='lat' dir='ltr'>terra</span> 
     </span>
     <span class='ocr_line' id='line_1_17' title="bbox 205 1282 1590 1349; baseline -0.004 -14"><span class='ocrx_word' id='word_1_99' title='bbox 205 1288 258 1335; x_wconf 88' lang='lat' dir='ltr'>in</span> <span class='ocrx_word' id='word_1_100' title='bbox 293 1287 489 1345; x_wconf 87' lang='lat' dir='ltr'>animal,</span> <span class='ocrx_word' id='word_1_101' title='bbox 522 1286 689 1334; x_wconf 91' lang='lat' dir='ltr'>vivens</span> <span class='ocrx_word' id='word_1_102' title='bbox 723 1302 822 1333; x_wconf 90' lang='lat' dir='ltr'>non</span> <span class='ocrx_word' id='word_1_103' title='bbox 857 1285 1040 1349; x_wconf 90' lang='lat' dir='ltr'>poterit</span> <span class='ocrx_word' id='word_1_104' title='bbox 1074 1284 1298 1342; x_wconf 90' lang='lat' dir='ltr'>eundem,</span> <span class='ocrx_word' id='word_1_105' title='bbox 1323 1282 1590 1331; x_wconf 86' lang='lat' dir='ltr'>resolutum</span> 
     </span>
     <span class='ocr_line' id='line_1_18' title="bbox 206 1359 1094 1421; baseline -0.005 -10"><span class='ocrx_word' id='word_1_106' title='bbox 206 1363 259 1411; x_wconf 93' lang='lat' dir='ltr'>in</span> <span class='ocrx_word' id='word_1_107' title='bbox 281 1374 481 1421; x_wconf 85' lang='lat' dir='ltr'>terram,</span> <span class='ocrx_word' id='word_1_108' title='bbox 504 1362 568 1410; x_wconf 86' lang='lat' dir='ltr'>ad</span> <span class='ocrx_word' id='word_1_109' title='bbox 589 1362 742 1410; x_wconf 88' lang='lat' dir='ltr'>vitam</span> <span class='ocrx_word' id='word_1_110' title='bbox 766 1361 1057 1410; x_wconf 75' lang='lat' dir='ltr'>resuscitare</span> <span class='ocrx_word' id='word_1_111' title='bbox 1077 1359 1094 1407; x_wconf 86' lang='lat'>?</span> 
     </span>
    </p>

    <p class='ocr_par' dir='ltr' id='par_1_9' title="bbox 206 1434 1597 2026">
     <span class='ocr_line' id='line_1_19' title="bbox 273 1434 1595 1502; baseline -0.003 -16"><span class='ocrx_word' id='word_1_112' title='bbox 273 1437 339 1486; x_wconf 83' lang='lat' dir='ltr'>A.</span> <span class='ocrx_word' id='word_1_113' title='bbox 373 1437 581 1486; x_wconf 89' lang='lat' dir='ltr'>Videtur</span> <span class='ocrx_word' id='word_1_114' title='bbox 604 1453 722 1502; x_wconf 86' lang='lat' dir='ltr'>ergo</span> <span class='ocrx_word' id='word_1_115' title='bbox 756 1437 903 1485; x_wconf 88' lang='lat' dir='ltr'>homo</span> <span class='ocrx_word' id='word_1_116' title='bbox 933 1445 1046 1501; x_wconf 92' lang='lat' dir='ltr'>post</span> <span class='ocrx_word' id='word_1_117' title='bbox 1079 1435 1485 1484; x_wconf 83' lang='lat' dir='ltr'>resurrectionem</span> <span class='ocrx_word' id='word_1_118' title='bbox 1509 1434 1595 1483; x_wconf 86' lang='lat' dir='ltr'>ha-</span> 
     </span>
     <span class='ocr_line' id='line_1_20' title="bbox 206 1511 1595 1574; baseline -0.003 -12"><span class='ocrx_word' id='word_1_119' title='bbox 206 1514 397 1562; x_wconf 90' lang='lat' dir='ltr'>biturus</span> <span class='ocrx_word' id='word_1_120' title='bbox 421 1513 541 1562; x_wconf 85' lang='lat' dir='ltr'>duas</span> <span class='ocrx_word' id='word_1_121' title='bbox 564 1514 751 1561; x_wconf 87' lang='lat' dir='ltr'>animas</span> <span class='ocrx_word' id='word_1_122' title='bbox 775 1513 1051 1571; x_wconf 86' lang='lat' dir='ltr'>rationales,</span> <span class='ocrx_word' id='word_1_123' title='bbox 1075 1512 1322 1570; x_wconf 90' lang='lat' dir='ltr'>nimirum,</span> <span class='ocrx_word' id='word_1_124' title='bbox 1341 1511 1473 1559; x_wconf 90' lang='lat' dir='ltr'>illam</span> <span class='ocrx_word' id='word_1_125' title='bbox 1497 1527 1595 1574; x_wconf 86' lang='lat' dir='ltr'>qua</span> 
     </span>
     <span class='ocr_line' id='line_1_21' title="bbox 206 1588 1593 1653; baseline -0.003 -15"><span class='ocrx_word' id='word_1_126' title='bbox 206 1589 437 1653; x_wconf 79' lang='lat' dir='ltr'>resurgit,</span> <span class='ocrx_word' id='word_1_127' title='bbox 457 1589 663 1638; x_wconf 86' lang='lat' dir='ltr'>alteram</span> <span class='ocrx_word' id='word_1_128' title='bbox 687 1604 798 1652; x_wconf 83' lang='lat' dir='ltr'>quae</span> <span class='ocrx_word' id='word_1_129' title='bbox 821 1588 872 1636; x_wconf 91' lang='lat' dir='ltr'>in</span> <span class='ocrx_word' id='word_1_130' title='bbox 895 1595 1053 1635; x_wconf 91' lang='lat' dir='ltr'>morte</span> <span class='ocrx_word' id='word_1_131' title='bbox 1076 1603 1107 1635; x_wconf 88' lang='lat' dir='ltr'>a</span> <span class='ocrx_word' id='word_1_132' title='bbox 1129 1603 1334 1650; x_wconf 88' lang='lat' dir='ltr'>corpore</span> <span class='ocrx_word' id='word_1_133' title='bbox 1354 1594 1593 1650; x_wconf 87' lang='lat' dir='ltr'>separata,</span> 
     </span>
     <span class='ocr_line' id='line_1_22' title="bbox 207 1661 1592 1729; baseline -0.004 -16"><span class='ocrx_word' id='word_1_134' title='bbox 207 1664 438 1729; x_wconf 81' lang='lat' dir='ltr'>migravit</span> <span class='ocrx_word' id='word_1_135' title='bbox 470 1665 522 1712; x_wconf 90' lang='lat' dir='ltr'>iu</span> <span class='ocrx_word' id='word_1_136' title='bbox 554 1664 747 1723; x_wconf 89' lang='lat' dir='ltr'>coelum,</span> <span class='ocrx_word' id='word_1_137' title='bbox 771 1663 849 1711; x_wconf 87' lang='lat' dir='ltr'>vel</span> <span class='ocrx_word' id='word_1_138' title='bbox 883 1663 1103 1721; x_wconf 88' lang='lat' dir='ltr'>limbum,</span> <span class='ocrx_word' id='word_1_139' title='bbox 1126 1662 1203 1710; x_wconf 92' lang='lat' dir='ltr'>vel</span> <span class='ocrx_word' id='word_1_140' title='bbox 1239 1661 1592 1725; x_wconf 88' lang='lat' dir='ltr'>purgatorium,</span> 
     </span>
     <span class='ocr_line' id='line_1_23' title="bbox 207 1737 1594 1789; baseline -0.003 0"><span class='ocrx_word' id='word_1_141' title='bbox 207 1740 284 1789; x_wconf 85' lang='lat' dir='ltr'>vel</span> <span class='ocrx_word' id='word_1_142' title='bbox 302 1740 563 1788; x_wconf 87' lang='lat' dir='ltr'>infernum.</span> <span class='ocrx_word' id='word_1_143' title='bbox 634 1740 818 1788; x_wconf 91' lang='lat' dir='ltr'>Dicunt</span> <span class='ocrx_word' id='word_1_144' title='bbox 841 1739 969 1787; x_wconf 91' lang='lat' dir='ltr'>enim</span> <span class='ocrx_word' id='word_1_145' title='bbox 994 1754 1163 1787; x_wconf 89' lang='lat' dir='ltr'>omnes</span> <span class='ocrx_word' id='word_1_146' title='bbox 1186 1739 1400 1786; x_wconf 88' lang='lat' dir='ltr'>animam</span> <span class='ocrx_word' id='word_1_147' title='bbox 1422 1737 1594 1785; x_wconf 88' lang='lat' dir='ltr'>huma-</span> 
     </span>
     <span class='ocr_line' id='line_1_24' title="bbox 207 1814 1594 1879; baseline -0.004 -14"><span class='ocrx_word' id='word_1_148' title='bbox 207 1831 324 1865; x_wconf 80' lang='lat' dir='ltr'>nam</span> <span class='ocrx_word' id='word_1_149' title='bbox 346 1831 596 1879; x_wconf 89' lang='lat' dir='ltr'>nunquam</span> <span class='ocrx_word' id='word_1_150' title='bbox 619 1814 820 1863; x_wconf 89' lang='lat' dir='ltr'>interire</span> <span class='ocrx_word' id='word_1_151' title='bbox 842 1822 1106 1878; x_wconf 85' lang='lat' dir='ltr'>postquam</span> <span class='ocrx_word' id='word_1_152' title='bbox 1141 1814 1293 1862; x_wconf 89' lang='lat' dir='ltr'>semel</span> <span class='ocrx_word' id='word_1_153' title='bbox 1315 1821 1481 1861; x_wconf 86' lang='lat' dir='ltr'>creata</span> <span class='ocrx_word' id='word_1_154' title='bbox 1502 1821 1594 1872; x_wconf 90' lang='lat' dir='ltr'>est,</span> 
     </span>
     <span class='ocr_line' id='line_1_25' title="bbox 209 1888 1597 1954; baseline -0.002 -15"><span class='ocrx_word' id='word_1_155' title='bbox 209 1906 273 1939; x_wconf 89' lang='lat' dir='ltr'>ne</span> <span class='ocrx_word' id='word_1_156' title='bbox 306 1891 507 1940; x_wconf 89' lang='lat' dir='ltr'>minimo</span> <span class='ocrx_word' id='word_1_157' title='bbox 544 1891 743 1954; x_wconf 87' lang='lat' dir='ltr'>quidem</span> <span class='ocrx_word' id='word_1_158' title='bbox 773 1899 1039 1950; x_wconf 89' lang='lat' dir='ltr'>momento,</span> <span class='ocrx_word' id='word_1_159' title='bbox 1063 1898 1120 1938; x_wconf 90' lang='lat' dir='ltr'>ut</span> <span class='ocrx_word' id='word_1_160' title='bbox 1142 1905 1246 1938; x_wconf 88' lang='lat' dir='ltr'>rem</span> <span class='ocrx_word' id='word_1_161' title='bbox 1268 1889 1320 1937; x_wconf 89' lang='lat' dir='ltr'>iu</span> <span class='ocrx_word' id='word_1_162' title='bbox 1343 1905 1394 1937; x_wconf 91' lang='lat' dir='ltr'>se</span> <span class='ocrx_word' id='word_1_163' title='bbox 1417 1888 1597 1937; x_wconf 88' lang='lat' dir='ltr'>subsis-</span> 
     </span>
     <span class='ocr_line' id='line_1_26' title="bbox 209 1966 816 2026; baseline 0 -12"><span class='ocrx_word' id='word_1_164' title='bbox 209 1972 413 2026; x_wconf 86' lang='lat' dir='ltr'>tentem,</span> <span class='ocrx_word' id='word_1_165' title='bbox 448 1966 667 2015; x_wconf 87' lang='lat' dir='ltr'>desinere</span> <span class='ocrx_word' id='word_1_166' title='bbox 697 1982 816 2015; x_wconf 86' lang='lat' dir='ltr'>esse.</span> 
     </span>
    </p>

    <p class='ocr_par' dir='ltr' id='par_1_10' title="bbox 213 2039 1598 2931">
     <span class='ocr_line' id='line_1_27' title="bbox 279 2039 1595 2106; baseline -0.002 -18"><span class='ocrx_word' id='word_1_167' title='bbox 279 2041 347 2089; x_wconf 90' lang='lat' dir='ltr'>B.</span> <span class='ocrx_word' id='word_1_168' title='bbox 380 2042 487 2105; x_wconf 86' lang='lat' dir='ltr'>Ego</span> <span class='ocrx_word' id='word_1_169' title='bbox 510 2057 627 2090; x_wconf 85' lang='lat' dir='ltr'>vero</span> <span class='ocrx_word' id='word_1_170' title='bbox 651 2042 773 2090; x_wconf 91' lang='lat' dir='ltr'>nihil</span> <span class='ocrx_word' id='word_1_171' title='bbox 796 2058 941 2106; x_wconf 89' lang='lat' dir='ltr'>super</span> <span class='ocrx_word' id='word_1_172' title='bbox 973 2042 1067 2089; x_wconf 91' lang='lat' dir='ltr'>hac</span> <span class='ocrx_word' id='word_1_173' title='bbox 1100 2057 1154 2089; x_wconf 89' lang='lat' dir='ltr'>re</span> <span class='ocrx_word' id='word_1_174' title='bbox 1179 2041 1268 2088; x_wconf 91' lang='lat' dir='ltr'>tibi</span> <span class='ocrx_word' id='word_1_175' title='bbox 1293 2040 1467 2098; x_wconf 88' lang='lat' dir='ltr'>dicam,</span> <span class='ocrx_word' id='word_1_176' title='bbox 1502 2039 1595 2087; x_wconf 89' lang='lat' dir='ltr'>nisi</span> 
     </span>
     <span class='ocr_line' id='line_1_28' title="bbox 213 2113 1596 2180; baseline -0.002 -16"><span class='ocrx_word' id='word_1_177' title='bbox 213 2116 347 2180; x_wconf 91' lang='lat' dir='ltr'>quod</span> <span class='ocrx_word' id='word_1_178' title='bbox 367 2116 558 2180; x_wconf 87' lang='lat' dir='ltr'>reperio</span> <span class='ocrx_word' id='word_1_179' title='bbox 581 2116 767 2164; x_wconf 91' lang='lat' dir='ltr'>dictum</span> <span class='ocrx_word' id='word_1_180' title='bbox 791 2116 986 2175; x_wconf 88' lang='lat' dir='ltr'>diserte,</span> <span class='ocrx_word' id='word_1_181' title='bbox 1012 2126 1063 2164; x_wconf 89' lang='lat' dir='ltr'>et</span> <span class='ocrx_word' id='word_1_182' title='bbox 1086 2117 1190 2165; x_wconf 89' lang='lat' dir='ltr'>sine</span> <span class='ocrx_word' id='word_1_183' title='bbox 1208 2116 1340 2164; x_wconf 90' lang='lat' dir='ltr'>omni</span> <span class='ocrx_word' id='word_1_184' title='bbox 1360 2113 1596 2177; x_wconf 88' lang='lat' dir='ltr'>ambigui-</span> 
     </span>
     <span class='ocr_line' id='line_1_29' title="bbox 213 2191 1596 2256; baseline -0.003 -16"><span class='ocrx_word' id='word_1_185' title='bbox 213 2199 316 2240; x_wconf 82' lang='lat' dir='ltr'>tate</span> <span class='ocrx_word' id='word_1_186' title='bbox 338 2191 387 2239; x_wconf 88' lang='lat' dir='ltr'>in</span> <span class='ocrx_word' id='word_1_187' title='bbox 425 2192 706 2255; x_wconf 87' lang='lat' dir='ltr'>Scripturis‚</span> <span class='ocrx_word' id='word_1_188' title='bbox 727 2193 959 2256; x_wconf 85' lang='lat' dir='ltr'>nulloque</span> <span class='ocrx_word' id='word_1_189' title='bbox 983 2192 1078 2240; x_wconf 89' lang='lat' dir='ltr'>alio</span> <span class='ocrx_word' id='word_1_190' title='bbox 1110 2199 1252 2240; x_wconf 83' lang='lat' dir='ltr'>textu</span> <span class='ocrx_word' id='word_1_191' title='bbox 1275 2198 1442 2254; x_wconf 84' lang='lat' dir='ltr'>aperte</span> <span class='ocrx_word' id='word_1_192' title='bbox 1478 2205 1596 2237; x_wconf 90' lang='lat' dir='ltr'>con-</span> 
     </span>
     <span class='ocr_line' id='line_1_30' title="bbox 213 2265 1598 2331; baseline -0.003 -16"><span class='ocrx_word' id='word_1_193' title='bbox 213 2266 503 2315; x_wconf 86' lang='lat' dir='ltr'>tradicente.</span> <span class='ocrx_word' id='word_1_194' title='bbox 570 2267 646 2315; x_wconf 89' lang='lat' dir='ltr'>Tu</span> <span class='ocrx_word' id='word_1_195' title='bbox 669 2267 865 2331; x_wconf 89' lang='lat' dir='ltr'>quidem</span> <span class='ocrx_word' id='word_1_196' title='bbox 888 2283 987 2315; x_wconf 88' lang='lat' dir='ltr'>una</span> <span class='ocrx_word' id='word_1_197' title='bbox 1022 2283 1134 2315; x_wconf 90' lang='lat' dir='ltr'>cum</span> <span class='ocrx_word' id='word_1_198' title='bbox 1158 2266 1347 2314; x_wconf 86' lang='lat' dir='ltr'>caeteris</span> <span class='ocrx_word' id='word_1_199' title='bbox 1368 2265 1470 2312; x_wconf 85' lang='lat' dir='ltr'>fere</span> <span class='ocrx_word' id='word_1_200' title='bbox 1493 2280 1598 2312; x_wconf 90' lang='lat' dir='ltr'>om-</span> 
     </span>
     <span class='ocr_line' id='line_1_31' title="bbox 215 2339 1597 2405; baseline -0.002 -16"><span class='ocrx_word' id='word_1_201' title='bbox 215 2342 376 2400; x_wconf 84' lang='lat' dir='ltr'>nibus,</span> <span class='ocrx_word' id='word_1_202' title='bbox 395 2341 528 2405; x_wconf 92' lang='lat' dir='ltr'>quod</span> <span class='ocrx_word' id='word_1_203' title='bbox 550 2342 714 2390; x_wconf 87' lang='lat' dir='ltr'>anima</span> <span class='ocrx_word' id='word_1_204' title='bbox 736 2342 949 2390; x_wconf 87' lang='lat' dir='ltr'>humana</span> <span class='ocrx_word' id='word_1_205' title='bbox 971 2342 1171 2390; x_wconf 90' lang='lat' dir='ltr'>interire</span> <span class='ocrx_word' id='word_1_206' title='bbox 1195 2356 1293 2388; x_wconf 92' lang='lat' dir='ltr'>non</span> <span class='ocrx_word' id='word_1_207' title='bbox 1316 2347 1494 2403; x_wconf 69' lang='lat' dir='ltr'>potaet,</span> <span class='ocrx_word' id='word_1_208' title='bbox 1510 2339 1597 2387; x_wconf 86' lang='lat' dir='ltr'>ha-</span> 
     </span>
     <span class='ocr_line' id='line_1_32' title="bbox 215 2415 1598 2482; baseline -0.002 -17"><span class='ocrx_word' id='word_1_209' title='bbox 215 2417 303 2465; x_wconf 83' lang='lat' dir='ltr'>bes</span> <span class='ocrx_word' id='word_1_210' title='bbox 324 2433 355 2465; x_wconf 89' lang='lat' dir='ltr'>a</span> <span class='ocrx_word' id='word_1_211' title='bbox 376 2416 695 2480; x_wconf 87' lang='lat' dir='ltr'>philosophis,</span> <span class='ocrx_word' id='word_1_212' title='bbox 720 2433 843 2480; x_wconf 91' lang='lat' dir='ltr'>quos</span> <span class='ocrx_word' id='word_1_213' title='bbox 865 2434 958 2482; x_wconf 84' lang='lat' dir='ltr'>ego</span> <span class='ocrx_word' id='word_1_214' title='bbox 981 2425 1095 2481; x_wconf 89' lang='lat' dir='ltr'>post</span> <span class='ocrx_word' id='word_1_215' title='bbox 1123 2416 1399 2479; x_wconf 85' lang='lat' dir='ltr'>Scripturas</span> <span class='ocrx_word' id='word_1_216' title='bbox 1423 2415 1598 2463; x_wconf 87' lang='lat' dir='ltr'>Sacras</span> 
     </span>
     <span class='ocr_line' id='line_1_33' title="bbox 217 2490 1597 2555; baseline -0.002 -15"><span class='ocrx_word' id='word_1_217' title='bbox 217 2491 475 2555; x_wconf 83' lang='lat' dir='ltr'>magistros</span> <span class='ocrx_word' id='word_1_218' title='bbox 514 2491 634 2538; x_wconf 90' lang='lat' dir='ltr'>mihi</span> <span class='ocrx_word' id='word_1_219' title='bbox 658 2507 757 2539; x_wconf 92' lang='lat' dir='ltr'>non</span> <span class='ocrx_word' id='word_1_220' title='bbox 781 2491 1018 2540; x_wconf 89' lang='lat' dir='ltr'>desidero.</span> <span class='ocrx_word' id='word_1_221' title='bbox 1087 2492 1436 2548; x_wconf 76' lang='lat' dir='ltr'>Veruntamen,</span> <span class='ocrx_word' id='word_1_222' title='bbox 1460 2490 1501 2538; x_wconf 90' lang='lat' dir='ltr'>si</span> <span class='ocrx_word' id='word_1_223' title='bbox 1523 2490 1597 2538; x_wconf 92' lang='lat' dir='ltr'>lo-</span> 
     </span>
     <span class='ocr_line' id='line_1_34' title="bbox 218 2564 1596 2629; baseline -0.002 -14"><span class='ocrx_word' id='word_1_224' title='bbox 218 2583 330 2615; x_wconf 90' lang='lat' dir='ltr'>cum</span> <span class='ocrx_word' id='word_1_225' title='bbox 348 2566 560 2628; x_wconf 87' lang='lat' dir='ltr'>aliquem</span> <span class='ocrx_word' id='word_1_226' title='bbox 574 2565 694 2613; x_wconf 87' lang='lat' dir='ltr'>mihi</span> <span class='ocrx_word' id='word_1_227' title='bbox 711 2566 934 2615; x_wconf 84' lang='lat' dir='ltr'>attuleris</span> <span class='ocrx_word' id='word_1_228' title='bbox 951 2583 1011 2615; x_wconf 85' lang='lat' dir='ltr'>ex</span> <span class='ocrx_word' id='word_1_229' title='bbox 1027 2565 1289 2629; x_wconf 91' lang='lat' dir='ltr'>Scripturis</span> <span class='ocrx_word' id='word_1_230' title='bbox 1305 2564 1481 2622; x_wconf 89' lang='lat' dir='ltr'>Sacris,</span> <span class='ocrx_word' id='word_1_231' title='bbox 1493 2565 1596 2624; x_wconf 88' lang='lat' dir='ltr'>ubi,</span> 
     </span>
     <span class='ocr_line' id='line_1_35' title="bbox 218 2640 1596 2704; baseline -0.001 -14"><span class='ocrx_word' id='word_1_232' title='bbox 218 2642 314 2690; x_wconf 85' lang='lat' dir='ltr'>alia</span> <span class='ocrx_word' id='word_1_233' title='bbox 341 2641 628 2689; x_wconf 86' lang='lat' dir='ltr'>attribuitur</span> <span class='ocrx_word' id='word_1_234' title='bbox 660 2641 836 2690; x_wconf 86' lang='lat' dir='ltr'>animae</span> <span class='ocrx_word' id='word_1_235' title='bbox 864 2642 1091 2690; x_wconf 87' lang='lat' dir='ltr'>humanae</span> <span class='ocrx_word' id='word_1_236' title='bbox 1114 2640 1450 2689; x_wconf 79' lang='lat' dir='ltr'>immortalitas</span> <span class='ocrx_word' id='word_1_237' title='bbox 1471 2656 1596 2704; x_wconf 84' lang='lat' dir='ltr'>prae-</span> 
     </span>
     <span class='ocr_line' id='line_1_36' title="bbox 217 2715 1598 2778; baseline 0 -14"><span class='ocrx_word' id='word_1_238' title='bbox 217 2723 296 2764; x_wconf 87' lang='lat' dir='ltr'>ter</span> <span class='ocrx_word' id='word_1_239' title='bbox 318 2715 450 2763; x_wconf 85' lang='lat' dir='ltr'>illam</span> <span class='ocrx_word' id='word_1_240' title='bbox 475 2730 583 2778; x_wconf 89' lang='lat' dir='ltr'>quae</span> <span class='ocrx_word' id='word_1_241' title='bbox 618 2715 895 2765; x_wconf 83' lang='lat' dir='ltr'>hominibus</span> <span class='ocrx_word' id='word_1_242' title='bbox 929 2717 1019 2765; x_wconf 89' lang='lat' dir='ltr'>sub</span> <span class='ocrx_word' id='word_1_243' title='bbox 1043 2715 1240 2764; x_wconf 86' lang='lat' dir='ltr'>nomine</span> <span class='ocrx_word' id='word_1_244' title='bbox 1265 2723 1460 2763; x_wconf 84' lang='lat' dir='ltr'>aeternae</span> <span class='ocrx_word' id='word_1_245' title='bbox 1483 2715 1598 2764; x_wconf 85' lang='lat' dir='ltr'>vitae</span> 
     </span>
     <span class='ocr_line' id='line_1_37' title="bbox 220 2790 1596 2855; baseline -0.001 -16"><span class='ocrx_word' id='word_1_246' title='bbox 220 2792 336 2840; x_wconf 87' lang='lat' dir='ltr'>data</span> <span class='ocrx_word' id='word_1_247' title='bbox 358 2799 449 2849; x_wconf 84' lang='lat' dir='ltr'>est,</span> <span class='ocrx_word' id='word_1_248' title='bbox 474 2807 566 2854; x_wconf 88' lang='lat' dir='ltr'>ego</span> <span class='ocrx_word' id='word_1_249' title='bbox 584 2791 732 2839; x_wconf 85' lang='lat' dir='ltr'>etiam</span> <span class='ocrx_word' id='word_1_250' title='bbox 756 2792 961 2840; x_wconf 81' lang='lat' dir='ltr'>sentiam</span> <span class='ocrx_word' id='word_1_251' title='bbox 986 2808 1096 2840; x_wconf 90' lang='lat' dir='ltr'>cum</span> <span class='ocrx_word' id='word_1_252' title='bbox 1120 2790 1434 2855; x_wconf 86' lang='lat' dir='ltr'>philosophis.</span> <span class='ocrx_word' id='word_1_253' title='bbox 1502 2790 1596 2838; x_wconf 89' lang='lat' dir='ltr'>Ve-</span> 
     </span>
     <span class='ocr_line' id='line_1_38' title="bbox 220 2865 1598 2931; baseline -0.002 -15"><span class='ocrx_word' id='word_1_254' title='bbox 220 2884 328 2916; x_wconf 89' lang='lat' dir='ltr'>rum</span> <span class='ocrx_word' id='word_1_255' title='bbox 353 2867 393 2915; x_wconf 91' lang='lat' dir='ltr'>si</span> <span class='ocrx_word' id='word_1_256' title='bbox 416 2867 638 2916; x_wconf 86' lang='lat' dir='ltr'>attuleris</span> <span class='ocrx_word' id='word_1_257' title='bbox 659 2866 767 2915; x_wconf 88' lang='lat' dir='ltr'>loca</span> <span class='ocrx_word' id='word_1_258' title='bbox 788 2866 885 2926; x_wconf 89' lang='lat' dir='ltr'>illa,</span> <span class='ocrx_word' id='word_1_259' title='bbox 909 2868 1083 2931; x_wconf 89' lang='lat' dir='ltr'>quibus</span> <span class='ocrx_word' id='word_1_260' title='bbox 1117 2865 1441 2915; x_wconf 81' lang='lat' dir='ltr'>comminatur</span> <span class='ocrx_word' id='word_1_261' title='bbox 1465 2865 1598 2914; x_wconf 84' lang='lat' dir='ltr'>Deus</span> 
     </span>
    </p>
   </div>
  </div>
 </body>
</html>
