1968 3236
413 283 506 324 534
727 290 1011 324 APPENDIX
1039 289 1111 321 AD
1139 288 1479 321 LEVIATHAN.

413 411 541 459 cent,
578 401 781 449 facimus
818 417 906 464 pro
942 401 1097 447 tribus
1131 399 1350 462 personis
1374 406 1474 446 tres
1499 401 1794 448 substantias

414 479 614 536 divinas,
638 478 688 524 id
713 484 800 534 est,
838 485 935 524 tres
959 476 1102 523 Deos.
1174 475 1495 522 Bellarminus
1536 483 1586 524 et
1626 475 1795 524 docto-

414 570 490 601 res
515 554 677 601 caeteri
701 553 802 600 fere
827 567 994 599 omnes
1017 567 1276 614 personam
1295 550 1533 599 definiunt
1556 568 1660 600 esse
1683 553 1796 600 sub-

415 629 645 677 stantiam
668 629 874 691 primam
897 627 1269 690 intelligentem,
1295 626 1345 673 id
1369 633 1457 684 est,
1474 628 1797 676 substantiam

416 704 730 761 individuam,
768 703 819 750 id
860 710 948 761 est,
979 702 1290 764 singularem,
1316 701 1402 748 sed
1426 702 1795 767 intelligentem,

416 789 471 827 ut
495 780 666 835 Deum,
693 779 954 836 Christum,
981 779 1216 841 Spiritum
1236 779 1486 837 Sanctum,
1505 779 1795 837 Gabrielem,

418 858 626 904 Petrum.
715 854 848 903 Quid
890 861 1052 901 autem
1094 861 1207 901 sunt
1243 861 1343 902 tres
1384 854 1479 902 illae
1516 856 1797 904 substantiae

417 934 600 996 primae,
627 932 785 989 Pater,
812 931 972 989 Filius,
999 937 1048 978 et
1073 931 1282 993 Spiritus
1320 933 1544 990 Sanctus,
1579 931 1674 979 nisi
1697 940 1798 979 tres

418 1008 698 1056 substantiae
718 1006 928 1056 divinae?
984 1006 1131 1054 Quod
1154 1014 1318 1055 tamen
1343 1015 1417 1056 est
1441 1016 1612 1056 contra
1632 1006 1797 1054 fidem.

419 1085 531 1132 Non
568 1083 808 1130 intellexit
836 1082 1154 1130 Bellarminus
1178 1082 1276 1130 vim
1300 1085 1487 1132 Latinae
1515 1083 1647 1131 vocis
1673 1098 1799 1147 per-

418 1176 564 1206 sonoe.
636 1159 759 1207 Quae
783 1174 878 1206 vox
903 1158 943 1206 si
968 1158 1208 1220 significet
1230 1160 1437 1222 primam
1461 1158 1799 1215 substantiam,

418 1252 578 1283 nonne
602 1244 796 1292 πρόσωπον
820 1235 1116 1298 significaret
1137 1234 1264 1282 idem
1288 1236 1456 1284 Graece
1476 1235 1492 1282 ?
1530 1233 1678 1284 Quod
1700 1249 1800 1281 non

418 1320 492 1359 est
509 1327 678 1359 verum
699 1332 710 1365 ;
746 1326 861 1357 nam
881 1310 1124 1373 significat
1146 1311 1341 1374 proprie
1363 1311 1538 1359 faciem
1571 1310 1798 1369 hominis,

417 1395 520 1434 tum
557 1386 844 1443 naturalem,
880 1393 986 1432 tum
1011 1385 1312 1433 artificialem
1349 1386 1447 1434 sive
1470 1387 1670 1442 larvam,
1693 1392 1799 1434 tum

418 1463 561 1510 etiam
597 1463 772 1510 faciem
804 1461 1252 1524 representativam,
1288 1462 1434 1526 idque
1457 1479 1556 1511 non
1579 1461 1725 1510 modo
1748 1461 1800 1509 in

417 1539 622 1597 theatro,
649 1538 734 1585 sed
758 1538 904 1585 etiam
932 1537 983 1584 in
1005 1536 1112 1584 foro
1149 1544 1199 1584 et
1233 1538 1450 1586 ecclesia.
1520 1538 1684 1586 Facies
1714 1553 1801 1586 au-

419 1622 519 1661 tem
543 1613 938 1677 representativa,
964 1612 1082 1675 quid
1105 1612 1238 1660 aliud
1262 1621 1337 1661 est
1362 1629 1506 1676 quam
1529 1614 1692 1677 imago
1722 1613 1800 1661 vel

421 1690 672 1737 character
695 1688 1029 1752 repraesentati
1049 1688 1064 1734 Ρ
1133 1688 1295 1751 Atque
1323 1705 1381 1737 eo
1402 1705 1548 1737 sensu
1570 1705 1599 1737 a
1618 1689 1800 1737 Sancto

422 1765 569 1812 Paulo
604 1765 831 1812 Servator
861 1771 1029 1812 noster
1063 1764 1210 1823 (Heb.
1236 1765 1267 1812 i.
1295 1765 1346 1825 3)
1373 1766 1645 1829 appellatur
1685 1765 1801 1814 cha-

421 1847 579 1887 racter
602 1841 886 1888 substantiae
909 1839 1016 1886 Dei.

487 1916 550 1962 A.
589 1916 721 1964 Quid
767 1923 929 1963 autem
975 1915 1026 1962 in
1070 1914 1321 1978 Scriptura
1368 1916 1517 1964 Sacra
1556 1916 1802 1980 significat

419 1993 609 2041 πρόσωπον
623 1992 640 2030 ῗ

485 2062 548 2110 Β.
588 2062 723 2110 Nihil
767 2061 979 2125 proprie,
1027 2067 1207 2123 praeter
1253 2061 1425 2111 faciem
1473 2078 1559 2110 seu
1594 2061 1799 2110 vultum.

422 2138 782 2200 Synecdochice
823 2145 987 2185 autem
1033 2136 1293 2199 aliquando
1333 2138 1531 2201 ponitur
1565 2153 1655 2201 pro
1694 2137 1802 2201 ipso

419 2213 629 2271 homine,
667 2221 722 2261 ut
758 2214 807 2262 in
836 2227 955 2261 voce
978 2220 1285 2270 προσωποληψία.
1363 2214 1461 2262 Sed
1493 2213 1543 2261 in
1581 2213 1801 2277 symbolo

420 2289 549 2345 fidei,
565 2290 748 2337 mentio
767 2290 900 2337 nulla
918 2299 991 2338 est
1015 2307 1174 2355 neque
1193 2307 1429 2354 personae,
1444 2304 1603 2353 neque
1626 2289 1803 2353 hypos-

421 2369 592 2422 taseos,
617 2380 775 2427 neque
799 2365 1061 2421 trinitatis;
1099 2366 1191 2414 etsi
1227 2365 1501 2429 hypostasis
1522 2371 1733 2427 ponatur
1748 2363 1801 2411 in

422 2438 638 2501 symbolo
675 2440 929 2487 Athanasii
968 2440 1155 2500 Graeco,
1181 2441 1313 2504 quod
1350 2439 1622 2504 symbolum
1647 2438 1800 2487 Atha-

421 2513 558 2571 nasii,
584 2514 668 2561 sed
699 2515 802 2562 sine
835 2531 955 2562 voce
984 2515 1248 2579 hypostasi,
1273 2516 1447 2579 recipit
1474 2514 1678 2563 ecclesia
1700 2530 1801 2563 non

420 2587 559 2636 aliter
600 2606 743 2651 quam
777 2606 867 2653 pro
903 2590 1017 2637 fidei
1053 2591 1253 2640 Nicenae
1292 2591 1589 2655 paraphrasi.
1672 2590 1801 2639 Nam

421 2678 576 2726 neque
600 2665 886 2727 symbolum,
910 2680 1066 2727 neque
1101 2666 1215 2713 fidei
1256 2666 1490 2714 articulus
1525 2681 1652 2713 unus
1693 2665 1800 2729 qui-

420 2754 624 2801 cunque,
650 2740 947 2788 authoritate
977 2740 1234 2789 doctorum
1269 2741 1601 2805 singularium,
1626 2756 1798 2804 neque,

420 2812 511 2860 nisi
530 2829 616 2875 per
640 2814 838 2862 modum
862 2815 1215 2878 interpretandi
1233 2817 1506 2880 Scripturas
1526 2817 1715 2877 SacraS,
1737 2816 1800 2865 ab

421 2888 624 2937 ecclesia
641 2890 883 2948 universa,
909 2891 1140 2938 constitui
1165 2892 1339 2954 potuit.
