1968 3236
154 375 258 408 CAP.
284 376 314 408 1.

135 429 326 452 ἢῇα

132 471 178 499 De
192 471 325 508 symbolo

130 513 251 542 Niceno.

385 235 479 277 512
697 242 983 276 APPENDIX
1011 242 1083 274 An
1114 241 1455 276 LEVIATHAN.

454 363 515 410 A.
553 361 692 409 Deus
732 370 809 410 est
849 362 1025 420 Pater,
1062 361 1202 408 Deus
1231 368 1307 409 est
1331 363 1651 428 omnipotens,
1676 370 1771 410 etc.

383 445 578 497 sunt,ut
595 438 863 500 loquuntur
882 436 1141 494 dialectici,
1159 439 1534 500 propositiones.
1572 438 1773 486 Habent

384 514 513 560 enim
553 529 640 560 sua
681 513 900 575 subjecta
935 520 985 559 et
1019 511 1301 575 praedicata,
1327 522 1377 561 et
1412 523 1581 577 aperte
1605 513 1656 561 in
1677 513 1773 561 illis

383 588 487 636 Deo
525 604 703 635 nomen
743 587 942 651 aliquod
979 588 1279 636 attribuitur.
1352 589 1448 637 Sed
1479 590 1531 636 in
1562 589 1768 636 affirma·

381 663 515 711 tione
538 664 645 721 hac,
670 663 811 711 Deus
835 670 926 722 est,
962 663 1094 726 quod
1130 680 1309 712 nomen
1338 665 1442 712 Deo
1478 664 1772 712 attributum

382 739 458 798 sit,
482 755 582 786 non
605 739 841 802 intelligo.
896 739 1010 786 Non
1034 739 1164 786 enim
1189 748 1309 802 puto
1337 740 1434 787 dici
1456 755 1613 803 posse,
1639 740 1772 802 quod

381 815 511 862 Deus
537 823 612 862 est
637 823 739 869 est;
777 822 826 862 et
847 815 1031 862 frustra
1054 815 1249 874 dicitur,
1275 816 1408 863 Deus
1432 823 1505 863 est
1528 816 1674 863 Deus

445 890 509 937 B.
536 890 658 937 Cum
675 890 854 938 dicitur
871 890 1011 938 Deus
1035 898 1126 949 est,
1142 907 1237 939 vox
1253 898 1330 938 est
1348 899 1421 939 est
1438 891 1640 938 verbum
1657 891 1770 938 sub-

380 965 621 1023 stantiale,
647 965 902 1014 includens
926 973 1033 1012 tum
1058 965 1283 1028 copulam
1301 974 1407 1013 tum
1431 966 1768 1029 praedicatum,

379 1048 483 1088 tum
507 1041 638 1104 apud
662 1041 857 1089 Graecos
881 1049 988 1089 tum
1011 1041 1142 1105 apud
1166 1041 1382 1090 Latinos.
1452 1042 1625 1104 Itaque
1648 1041 1770 1089 illud

379 1117 516 1163 Deus
552 1123 642 1175 est,
668 1117 911 1180 significat
934 1118 1063 1165 idem
1088 1117 1220 1180 quod
1243 1118 1374 1166 Deus
1399 1118 1580 1177 existit,
1603 1117 1656 1165 id
1678 1125 1767 1176 est,

378 1193 590 1240 resoluto
614 1194 763 1241 verbo
789 1194 1109 1252 substantivo,
1131 1194 1272 1241 Deus
1307 1201 1385 1241 est
1419 1210 1519 1252 ens,
1545 1193 1644 1241 sive
1668 1202 1767 1251 ὁῶν,

378 1268 429 1315 id
453 1275 540 1327 est,
564 1269 693 1317 reale
717 1269 918 1332 aliquid,
942 1286 1043 1318 11011
1068 1286 1256 1318 merum
1292 1270 1598 1333 phantasma,
1625 1269 1767 1332 quale

378 1351 452 1390 est
477 1344 609 1407 quod
632 1353 838 1392 vocatur
875 1354 1137 1408 spectrum,
1161 1345 1239 1393 vel
1277 1345 1443 1408 quales
1480 1345 1768 1393 colebantur

378 1436 407 1467 a
429 1420 654 1482 gentibus
679 1421 940 1478 daemones,
967 1429 1017 1469 et
1040 1422 1100 1469 ab
1125 1421 1346 1484 apostolo
1373 1421 1422 1469 S.
1449 1420 1599 1468 Paulo
1623 1420 1766 1468 nihil.
1799 1428 1801 1431 ’

442 1495 508 1542 Α.
544 1495 749 1543 Memini
769 1496 966 1559 quidem
984 1497 1045 1544 ab
1062 1497 1284 1560 apostolo
1300 1495 1431 1544 idola
1446 1496 1613 1544 vocari
1626 1496 1765 1555 nihil,

376 1586 476 1617 non
503 1579 668 1618 autem
692 1572 935 1620 daemonia
959 1573 1028 1620 sic
1052 1573 1232 1621 vocari.

441 1646 507 1694 B.
544 1648 754 1696 Putasne
779 1664 836 1696 ea
861 1649 1121 1696 simulacra
1143 1665 1306 1705 aurea,
1333 1649 1561 1706 eburnea,
1587 1647 1763 1711 lignea,

374 1737 438 1768 an
461 1738 560 1770 non
584 1723 746 1786 potius
772 1723 1029 1783 daemonia,
1060 1741 1169 1787 quae
1207 1724 1297 1771 sub
1327 1723 1421 1770 illis
1458 1723 1762 1782 colebantur,

373 1806 547 1844 vocata
571 1813 674 1846 esse
699 1799 828 1846 m'lzz'l
844 1802 872 1847 ,9
941 1799 1198 1856 Praeterea,
1234 1797 1419 1846 idolum
1453 1797 1650 1860 proprie
1691 1806 1765 1846 est

372 1871 677 1934 phantasma,
698 1874 929 1922 nimirum
954 1874 1079 1933 idea,
1108 1874 1270 1937 imago
1295 1874 1381 1931 rei,
1407 1889 1506 1920 non
1530 1889 1608 1921 res
1622 1873 1728 1937 ipsa
1749 1895 1761 1929 ;

372 1947 436 1994 ad
482 1964 600 2010 quas
646 1949 781 1997 ideas
840 1950 1101 1997 simulacra
1148 1965 1236 1997 sua
1289 1949 1535 1996 faciebant
1587 1949 1762 1997 Graeci.

373 2022 499 2070 Nam
546 2024 762 2072 Deorum
808 2041 1007 2072 suorum
1052 2024 1187 2072 ideas
1228 2024 1328 2072 sive
1373 2024 1611 2088 imagines
1649 2041 1762 2074 raro

372 2108 681 2162 sumpserunt
738 2116 768 2148 a
825 2100 1111 2148 simulacris.
1216 2099 1550 2163 Distinguitur
1612 2102 1762 2149 etiam

372 2173 502 2222 Deus
526 2191 614 2238 per
647 2191 818 2222 vocem
854 2175 987 2223 illam
1020 2191 1121 2234 ena,
1163 2191 1193 2223 a
1231 2175 1526 2223 nominibus.
1613 2175 1763 2225 Aliud

372 2250 501 2297 enim
526 2258 600 2298 est
628 2267 706 2298 res
740 2251 903 2310 homo,
929 2251 1062 2299 aliud
1085 2267 1264 2299 nomen
1286 2251 1448 2300 homo.
1519 2251 1762 2300 Praeterea

372 2325 622 2373 sciendum
646 2335 735 2386 est,
762 2326 894 2390 quod
917 2343 1013 2375 vox
1037 2334 1131 2386 est,
1157 2334 1211 2375 ut
1235 2336 1500 2391 usurpatur
1522 2343 1552 2375 a
1576 2327 1761 2377 Latinis

371 2409 421 2447 et
445 2401 626 2450 Graecis
651 2402 714 2450 ad
738 2402 964 2466 copulam
992 2403 1042 2450 in
1073 2403 1506 2466 propositionibus,
1535 2403 1759 2452 Hebraeis

371 2477 567 2525 omnino
614 2478 786 2541 ignota
827 2486 948 2526 erat.
1042 2479 1213 2541 Itaque
1258 2479 1525 2526 utebantur
1569 2494 1761 2542 semper

370 2552 518 2599 verbo
566 2554 888 2612 substantivo,
935 2561 986 2601 et
1030 2554 1136 2601 vice
1178 2554 1365 2618 copulae
1411 2555 1462 2602 in
1508 2555 1642 2602 omni
1687 2555 1759 2603 af-

370 2627 645 2675 firmatione
686 2629 750 2676 ad
788 2628 1160 2692 significandam
1208 2645 1353 2692 quam
1401 2629 1643 2678 dialectici
1676 2646 1759 2679 vo-

372 2710 486 2749 cant
530 2703 947 2766 praedicationem‚
990 2720 1170 2752 nomen
1217 2706 1403 2753 nomini
1451 2705 1757 2755 solummodo

371 2776 718 2841 adjungebant.
789 2779 976 2827 Latinis
999 2787 1165 2827 autem
1189 2788 1238 2828 et
1262 2781 1445 2830 Graecis
1469 2781 1646 2845 copula
1680 2788 1758 2830 est

370 2866 469 2899 non
495 2861 568 2901 est
591 2855 810 2914 verbum,
828 2855 914 2904 sed
937 2855 1219 2919 conjunctio
1240 2877 1251 2912 ;
1289 2863 1338 2905 et
1361 2864 1418 2905 ut
1442 2863 1492 2905 et
1515 2856 1759 2920 significat

1954 319 1968 322 ξ
1954 131 1968 297 aff—affl'·
1953 91 1956 96 “

1956 1099 1968 1251 *mdx-
1963 1080 1968 1090 .-
1959 963 1968 1068 ...ι-..-η
1963 917 1968 947 ...
1962 878 1968 908 ,ὧι

1960 1522 1968 1667 -.-»-n-
