1968 3236
426 221 519 272 376
740 231 811 264 DE
841 229 1097 264 clvrrA'rn
1125 228 1482 262 cnms'riANA.

155 368 257 400 eAp.
276 368 388 401 xm,
423 344 584 392 Etiam
620 342 957 390 universaliter
991 357 1160 388 verum
1195 348 1283 400 est,
1316 341 1469 400 illum,
1495 341 1578 404 qui
1599 341 1807 404 probare

175 423 368 497 m
426 419 608 483 aliquid
631 418 888 481 promittit,
914 417 1215 480 probationis
1247 417 1464 480 judicem
1500 417 1638 465 illum
1671 417 1806 473 facit,

174 478 378 541 affigat-5.
427 510 569 557 quem
594 493 874 556 alloquitur.

494 569 569 616 Ad
602 568 967 616 conversionem
1004 567 1327 625 ethnicorum,
1353 575 1458 614 tum
1481 567 1679 615 Judaeos
1701 573 1808 614 tum

426 645 606 707 scripta
631 659 799 690 eorum
819 642 983 689 omnia
1008 642 1445 701 contemnentium,
1467 658 1527 690 ex
1543 642 1808 706 Scripturis

427 720 585 768 Sacris
633 719 898 781 disputare,
941 718 1126 766 frustra
1167 718 1352 766 fuisset.
1421 718 1648 782 Apostoli
1688 733 1807 781 ergo

425 794 750 843 idololatriam
776 810 942 841 eorum
963 794 1236 841 rationibus
1252 810 1281 841 a
1303 801 1482 841 natura
1498 793 1703 857 sumptis
1726 810 1810 857 ag-

424 871 574 934 gressi
591 869 932 928 su11t;‹leinde,
944 869 1200 917 confutata
1214 869 1407 917 illorum
1421 869 1656 932 religione
1670 868 1809 928 falsa,

424 947 486 993 ad
508 946 654 993 fidem
681 945 861 993 Christi
885 945 1128 993 adducere
1152 945 1260 993 illos
1284 946 1448 993 conati
1472 954 1586 994 sunt
1609 961 1698 1009 per
1711 953 1809 994 tes-

424 1022 679 1070 timonium
704 1022 817 1069 vitae
842 1031 892 1069 et
916 1021 1288 1069 resurrectionis
1323 1021 1508 1069 Christi
1531 1021 1808 1084 praebitum.

426 1099 496 1145 De
518 1097 816 1145 authoritate
841 1113 957 1160 ergo
984 1097 1260 1160 Scripturas
1284 1096 1654 1160 interpretandi,
1678 1097 1812 1145 nulla

424 1175 502 1220 hic
534 1173 866 1220 controversia
894 1189 997 1220 esse
1029 1173 1207 1236 potuit,
1239 1180 1503 1236 propterea
1527 1172 1674 1235 quod,
1699 1187 1812 1219 cum

424 1249 643 1296 infideles
668 1257 843 1307 essent,
871 1249 1137 1312 Scripturae
1160 1249 1338 1296 nullius
1357 1247 1812 1311 interpretationem

426 1326 560 1388 sequi
597 1325 946 1387 obligarentur,
971 1332 1153 1388 praeter
1179 1324 1342 1387 legum
1377 1339 1575 1371 suarum
1597 1322 1811 1371 civilium

426 1401 890 1463 interpretationem,
911 1400 1018 1463 lege
1043 1399 1254 1447 civitatis
1279 1399 1661 1462 comprobatam.

492 1477 753 1524 Videamus
795 1478 897 1539 jam
936 1476 1305 1524 conversionem
1344 1475 1514 1538 ipsam,
1550 1491 1614 1522 an
1647 1475 1709 1522 ab
1755 1490 1814 1522 ea

428 1553 630 1615 obligari
669 1552 842 1615 aliquis
881 1551 1056 1615 potuit.
1127 1551 1550 1599 Convertebantur
1586 1549 1716 1597 enim
1750 1549 1814 1598 ad

426 1628 607 1675 nullam
633 1628 776 1675 aliam
799 1644 918 1686 rem,
944 1643 1090 1690 quam
1113 1626 1176 1674 ad
1206 1626 1354 1674 fidem
1389 1625 1664 1673 habendam
1700 1624 1813 1673 doc-

429 1704 568 1751 trinae
606 1720 750 1767 quam
782 1704 990 1767 apostoli
1013 1702 1411 1767 praedicaverant.
1482 1701 1701 1764 Apostoli
1726 1717 1812 1749 au-

427 1787 526 1826 tem
578 1780 698 1827 nihil
750 1779 1151 1843 praedicaverant,
1197 1778 1290 1826 nisi
1341 1777 1474 1841 quod
1517 1778 1660 1825 Jesus
1707 1783 1813 1824 erat

429 1854 665 1913 ChristuS,
691 1855 741 1902 id
773 1862 861 1913 est,
886 1871 971 1902 rex
1000 1871 1028 1902 a
1062 1870 1159 1918 quo
1193 1853 1410 1900 salvandi
1446 1859 1624 1911 essent,
1650 1860 1701 1900 et
1730 1851 1812 1915 qui

429 1945 571 1992 super
594 1947 674 1978 eos
698 1931 748 1978 in
772 1931 954 1978 mundo
979 1930 1144 1978 futuro
1169 1936 1458 1992 regnaturus
1477 1936 1627 1983 esset;
1653 1936 1703 1976 et
1725 1943 1814 1991 per

429 2021 742 2068 consequens,
764 2006 894 2069 quod
911 2022 1008 2053 non
1034 2013 1256 2053 mortuus
1281 2013 1422 2060 esset,
1448 2004 1534 2052 sed
1557 2021 1586 2052 a
1607 2003 1814 2052 mortuis

428 2081 754 2139 resuscitatus,
780 2081 1005 2144 quodque
1038 2080 1285 2128 rediturus
1319 2087 1447 2128 esset
1482 2079 1545 2127 ad
1577 2079 1813 2127 mundum

423 2155 756 2217 Judicandum,
783 2164 831 2203 et
865 2157 1038 2219 cuique
1071 2156 1337 2204 secundum
1362 2172 1510 2220 opera
1532 2157 1636 2219 ejus
1659 2155 1813 2203 tribu-

430 2239 581 2278 turus.
652 2233 808 2279 Nemo
834 2247 1001 2278 eorum
1023 2231 1289 2294 Scripturae
1309 2232 1472 2280 Sacrae
1496 2231 1813 2294 interpretem

431 2322 480 2352 se
512 2315 596 2354 aut
632 2307 779 2354 alium
809 2307 1081 2369 apostolum
1113 2308 1260 2355 talem
1293 2323 1398 2355 esse
1433 2306 1732 2371 praedicavit,
1756 2312 1813 2354 ut

430 2398 610 2439 omnes,
636 2383 718 2445 qui
747 2382 1009 2430 Christiani
1043 2399 1145 2429 esse
1172 2383 1384 2441 voluere,
1422 2381 1814 2446 interpretationi

430 2458 530 2518 ojus
565 2458 897 2520 obligarentur
932 2457 1255 2519 acquiescere.
1326 2459 1455 2507 Nam
1495 2458 1630 2522 leges
1664 2457 1814 2505 inter-

429 2533 609 2593 pretari
646 2533 841 2580 illorum
888 2540 977 2587 est,
1016 2533 1098 2595 qui
1146 2542 1259 2581 actu
1306 2541 1544 2598 regnant;
1580 2532 1631 2581 id
1677 2532 1810 2596 quod

430 2607 635 2669 apostoli
672 2623 769 2654 non
806 2607 1039 2654 fecerunt.
1111 2608 1461 2657 Precabantnr
1491 2618 1610 2657 tunc
1647 2607 1733 2666 illi,
1759 2615 1810 2656 et

431 2682 489 2727 ab
526 2682 617 2729 illis
651 2692 871 2745 pastores
913 2698 1096 2739 omneS‚
1124 2684 1358 2731 adveniat
1394 2700 1604 2748 regnum
1640 2690 1810 2737 tuum,-

430 2757 742 2820 ethnicosque
777 2775 806 2805 a
838 2774 889 2805 se
921 2773 1178 2805 conversos
1202 2759 1502 2822 principibus
1526 2758 1624 2806 suis
1648 2758 1814 2806 horta-

427 2830 604 2879 bantur
647 2833 859 2880 obedire.
934 2833 1304 2882 Testamentum
1352 2834 1548 2882 Novum
1593 2833 1812 2881 nondum
