1968 3236
392 210 485 253 392
713 218 783 251 DE
812 215 1069 251 οινῙΤΑΤΕ
1097 215 1453 249 cnms'rIANA.

122 354 223 387 CAP.
246 354 360 388 XL11.
385 329 566 394 plenos
593 328 790 393 Spiritu
808 329 994 374 Sancto
1019 333 1069 373 et
1092 327 1364 390 sapientia,
1380 343 1504 390 quos
1527 325 1643 374 huic
1666 326 1779 374 usui

142 409 330 431 *qd

141 446 186 475 De
199 450 339 484 potestate

389 405 735 470 prcefieimnus.
807 402 951 450 Unde
974 401 1286 449 manifestum
1312 410 1401 461 est,
1428 402 1519 449 etsi
1543 401 1777 450 declarati

140 490 343 519 ecclesiastiea
391 487 552 528 essent
576 480 636 527 ab
665 478 909 542 apostolis,
930 486 1085 524 coetus
1109 486 1274 525 tamen
1298 478 1406 525 illos
1425 478 1574 541 elegit
1594 499 1605 533 ;
1643 479 1776 542 quod

391 557 536 604 ctiam
568 554 868 602 manifestius
901 555 957 601 fit
988 554 1131 612 (verS.
1160 555 1224 615 5),
1249 554 1334 600 ubi
1359 554 1554 612 dicitur,
1571 554 1775 618 placuit

389 638 550 678 (etitem
576 631 655 677 hic
678 646 837 676 sermo
862 629 957 676 toti
983 629 1223 692 proesenti
1256 628 1582 687 multitudini,
1603 637 1652 677 et
1676 629 1776 677 ele-

385 713 569 770 gerunt
594 706 911 769 Stephanum,
944 704 1100 751 virum
1127 704 1332 768 plenum
1353 704 1468 765 fide
1492 721 1553 752 ac
1573 705 1776 770 Spiritu

390 784 589 840 Sancto,
615 788 664 827 et
689 780 995 844 Philippum,
1020 786 1115 828 etc.

452 857 712 904 Videamus
735 857 957 919 proximo
977 856 1101 915 loco,
1123 856 1413 904 ecclesiatici
1431 857 1562 905 unde
1580 857 1776 905 aleban-

388 942 482 980 tur.
543 934 642 980 Sub
677 933 990 980 Testamento
1016 932 1182 980 Veteri
1207 932 1470 980 sacerdotii
1495 949 1776 980 munerum-

388 1026 479 1071 que
504 1010 710 1056 aliorum
734 1010 784 1056 in
809 1009 1012 1056 ecclesia
1036 1025 1187 1072 capax
1208 1016 1314 1056 erat
1331 1009 1433 1056 sola
1456 1009 1615 1056 tribus
1639 1007 1773 1056 Levi.

387 1085 538 1131 Terra
575 1084 817 1131 Promissa
854 1084 982 1131 inter
1017 1091 1219 1131 caeteras
1243 1084 1416 1142 tribus,
1454 1083 1674 1131 Levitica
1695 1099 1776 1131 ex-

388 1160 534 1217 clusa,
573 1160 727 1207 divisa
766 1167 884 1207 erat.
970 1159 1095 1208 Quae
1133 1159 1290 1206 tribus
1327 1159 1585 1206 duodecim
1610 1166 1776 1207 tamen

388 1244 540 1294 erant,
567 1236 721 1283 divisa
760 1235 946 1283 scilicet
974 1235 1106 1282 tribu
1143 1235 1326 1298 Joseph
1364 1235 1415 1282 in
1454 1235 1576 1283 duas
1616 1234 1774 1283 tribus

387 1312 616 1375 Ephraim
642 1319 692 1359 et
712 1312 1002 1366 Manassen3
1040 1310 1163 1358 adeo
1191 1319 1242 1358 ut
1266 1310 1422 1358 tribus
1448 1310 1566 1358 Levi
1590 1310 1776 1358 nullam

387 1389 514 1436 inter
536 1389 712 1436 fratres
737 1396 919 1436 sortem
951 1389 1227 1447 habuerint,
1261 1396 1610 1452 praeterquam,
1635 1388 1775 1436 habi-

386 1466 522 1513 tandi
547 1482 706 1524 causa,
733 1465 967 1529 quasdam
1001 1466 1147 1513 urbes
1183 1482 1295 1513 cum
1320 1466 1564 1514 suburbiis
1590 1481 1774 1514 earum.

388 1541 577 1589 Sortem
602 1542 750 1604 igitur
774 1542 956 1589 Levitis
982 1541 1119 1589 dedit
1154 1541 1287 1589 Deus
1311 1541 1460 1597 illam,
1486 1557 1593 1604 quae
1620 1540 1773 1605 ipsius

388 1617 479 1664 Dei
500 1625 621 1675 erat,
638 1633 814 1680 nempe
833 1625 889 1664 ut
902 1617 1144 1665 haberent
1158 1616 1407 1664 fructuum
1429 1617 1648 1664 omnium
1665 1633 1775 1680 par-

385 1700 486 1739 tem
511 1693 764 1740 decimam.
820 1694 1022 1751 Rursus,
1049 1692 1382 1740 sacerdotibus
1408 1693 1459 1740 in
1487 1692 1773 1740 alimentum

387 1771 634 1834 assignata
658 1780 732 1819 est
756 1771 883 1819 illius
910 1771 1112 1819 decimae
1138 1771 1343 1829 decima,
1369 1787 1468 1818 una
1491 1787 1602 1818 cum
1638 1770 1774 1819 obla-

388 1847 600 1894 tionibus
626 1855 676 1894 et
700 1848 963 1895 sacrificiis.
1034 1848 1238 1895 Dixerat
1263 1847 1393 1894 enim
1418 1847 1550 1895 Deus
1585 1847 1775 1895 Aaroni

392 1922 560 1981 (Num.
580 1924 710 1970 xviii.
729 1924 814 1984 20)
841 1942 850 1970 ε
878 1923 939 1971 In
965 1930 1108 1971 terra
1133 1939 1300 1971 eorum
1315 1923 1662 1971 lzoereditatem
1680 1939 1775 1971 non

387 1996 605 2056 habebis,
639 2015 794 2061 neque
826 2005 1007 2046 sortem
1043 1999 1176 2047 inter
1208 1998 1357 2053 illos;
1401 2016 1497 2064 ego
1524 2015 1630 2047 sum
1661 2015 1775 2046 sors

388 2079 490 2131 tua,
526 2080 575 2120 et
611 2073 884 2121 hoereclitas
922 2081 1024 2133 tua,
1062 2075 1112 2122 in
1137 2075 1276 2137 filiis
1315 2074 1549 2122 Israelis.
1641 2075 1774 2123 Deus

387 2148 532 2206 enim,
574 2165 684 2196 cum
731 2150 781 2197 in
819 2150 928 2198 illos
970 2158 1198 2213 regnaret
1233 2158 1283 2199 et
1328 2152 1508 2198 tribum
1551 2151 1670 2198 Levi
1710 2151 1774 2199 ad

388 2223 656 2271 ministeria
691 2225 887 2287 publica
927 2225 1171 2289 elegisset,
1214 2226 1455 2274 concessit
1478 2226 1573 2274 illis
1605 2227 1656 2274 in
1690 2226 1775 2274 ali-

387 2307 604 2346 mentum
627 2308 918 2363 proventum
942 2301 1192 2363 publicum
1220 2318 1365 2366 quem
1389 2302 1481 2350 sibi
1504 2301 1599 2365 ipsi
1622 2318 1776 2350 reser-

389 2383 599 2433 vaverat,
640 2392 815 2439 nempe
854 2376 1066 2424 decimas
1092 2384 1141 2425 et
1165 2378 1453 2436 oblationes,
1481 2393 1602 2441 quas
1627 2377 1775 2441 signi-

389 2449 551 2497 ficavit
575 2449 797 2507 dicendo,
818 2466 912 2514 ego
931 2467 1034 2498 sum
1054 2467 1167 2498 sors
1188 2459 1274 2500 tua
1299 2459 1349 2500 et
1368 2452 1645 2501 haereditas
1669 2458 1774 2500 tua.

392 2524 570 2572 Levitis
605 2525 755 2586 igitur
789 2540 889 2571 non
924 2525 1186 2589 improprie
1211 2528 1572 2576 attribuebatur
1594 2544 1774 2576 nomen

390 2598 531 2657 cleri,
556 2599 687 2662 quod
724 2599 964 2662 significat
988 2609 1167 2647 sortem
1192 2611 1242 2648 et
1265 2602 1604 2651 haereditatem
1625 2621 1638 2650 :
1674 2618 1774 2652 non

391 2665 554 2720 tamen
573 2683 627 2721 ut
652 2682 813 2721 essent
828 2674 966 2738 regni
987 2675 1195 2723 coelestis
1222 2677 1439 2726 haeredes
1458 2695 1560 2742 prae
1584 2678 1775 2727 caeteris

392 2748 650 2803 israelitis3
687 2749 773 2796 sed
797 2748 928 2811 quod
953 2749 1014 2796 de
1050 2750 1337 2800 haereditate
1375 2754 1467 2802 Dei
1502 2755 1774 2802 alebantur.

393 2823 632 2871 Quoniam
673 2840 788 2886 ergo
830 2840 887 2871 eo
922 2832 1142 2888 tempore
1178 2842 1262 2874 rex
1301 2843 1471 2877 eorum
1495 2837 1600 2878 erat
1626 2830 1775 2889 DeuS,
