1968 3236
443 224 540 267 420
780 234 849 266 DE
878 232 1133 266 CIVITATE
1161 232 1515 266 cnmsrmNA.

179 365 281 397 cm».
299 365 411 397 xm.
446 345 657 392 dendum
676 360 792 407 ergo
812 351 900 402 est,
917 352 1002 391 aut
1016 343 1295 391 ministrum
1315 343 1581 407 quemlibet
1600 343 1830 407 exiguum

196 419 392 498 m
446 421 496 468 in
522 421 719 468 civitate
749 419 1143 482 jurisdictionem
1183 436 1319 468 suam
1350 422 1461 484 jure
1498 420 1664 468 divino
1690 434 1830 467 exer-

194 504 394 532 evclesiasfion-
448 496 658 552 cere‚vel
674 494 925 558 episcopis,
941 501 996 542 ut
1009 495 1375 557 jurisdictiones
1396 511 1506 543 suas
1522 496 1594 543 ita
1610 502 1829 552 teneant,

448 572 573 634 Papa
601 577 822 633 excepto,
843 570 1214 617 concedendum
1237 587 1337 618 non
1362 578 1450 618 est.

515 646 611 694 Sed
636 645 918 708 disputatio,
943 662 1006 693 an
1030 646 1423 708 jurisdictionem
1458 646 1607 694 talem
1642 645 1834 693 dederit

448 721 666 769 Christus
691 721 781 768 soli
805 721 963 784 Papae,
982 737 1044 768 an
1070 722 1260 769 caeteris
1292 721 1441 769 etiam
1477 720 1734 784 episcopis,
1753 736 1835 768 ex-

446 806 523 845 tra
547 797 816 844 dominium
841 797 985 860 Papae
1021 797 1291 860 temporale
1326 804 1432 845 tota
1466 796 1719 844 contentio
1755 804 1831 844 est

446 874 505 921 de
529 874 640 921 lana
664 873 890 936 caprina3
927 888 1086 935 neque
1106 872 1236 920 enim
1270 872 1366 931 ille,
1390 888 1481 920 nec
1516 872 1569 919 hi
1604 870 1832 934 jurisdic-

446 950 630 996 tionem
666 948 864 996 omnino
899 948 1049 995 ullam
1085 948 1286 995 habent.
1372 947 1659 996 Jurisdictio
1702 946 1832 994 enim

445 1024 567 1072 nihil
590 1023 723 1071 aliud
759 1031 833 1070 est
866 1031 1047 1086 praeter
1081 1030 1374 1086 potestatem
1408 1023 1693 1086 legitimam,
1722 1022 1833 1070 lites

444 1101 573 1147 inter
597 1100 752 1147 civem
776 1106 824 1146 et
849 1099 1005 1146 civem
1029 1099 1357 1161 cognoscendi
1381 1106 1431 1146 et
1455 1098 1712 1146 decidendi
1733 1118 1745 1153 ς
1782 1106 1833 1146 et

445 1175 508 1223 ad
553 1175 799 1222 neminem
844 1174 1091 1237 pertinere
1131 1181 1294 1237 potest
1334 1183 1515 1238 praeter
1554 1174 1708 1232 illum,
1747 1173 1832 1236 qui

444 1257 735 1313 potestatem
773 1251 923 1298 habet
952 1251 1073 1314 justi
1097 1257 1147 1298 et
1172 1251 1343 1314 injusti
1377 1250 1572 1313 regulas
1609 1249 1832 1313 praescri-

443 1326 607 1384 bendi,
632 1326 683 1374 id
707 1334 796 1384 est,
820 1326 954 1389 leges
979 1326 1240 1384 condendi,
1266 1333 1315 1374 et
1339 1342 1437 1386 eos,
1464 1326 1547 1389 qui
1573 1325 1833 1374 sententiae

444 1403 547 1465 ejus
571 1411 699 1450 stare
734 1402 1080 1461 recusaverint,
1105 1403 1182 1450 vel
1211 1402 1433 1465 judicum
1458 1418 1579 1465 quos
1613 1401 1694 1449 ille
1718 1417 1834 1449 con-

445 1478 671 1537 stituerit,
686 1478 848 1541 gladio
872 1479 1068 1541 publico
1088 1478 1299 1542 cogendi
1320 1499 1331 1532 ;
1370 1495 1515 1542 quam
1539 1484 1833 1541 potestatem

444 1554 593 1601 habet
627 1570 770 1602 nemo
803 1562 984 1617 praeter
1019 1555 1283 1612 civitatem,
1317 1554 1369 1601 id
1393 1561 1483 1612 est,
1507 1560 1687 1616 praeter
1721 1568 1834 1600 eum

445 1629 529 1692 qui
553 1629 762 1676 civitatis
784 1646 1044 1692 personam
1062 1629 1208 1693 gerit.

513 1705 722 1753 Quando
739 1721 855 1768 ergo
871 1706 1071 1754 adducit
1087 1705 1425 1763 Bellarminus,
1441 1705 1519 1764 (ex
1535 1704 1720 1752 Luc.vi.
1736 1709 1747 1751 Ι
1761 1704 1832 1764 3),

445 1780 751 1828 Servatorem
778 1789 1000 1828 nostrum
1025 1797 1318 1829 convocasse
1343 1780 1608 1844 discipulos
1633 1795 1762 1838 suos,
1782 1787 1834 1827 et

444 1871 502 1902 ex
526 1855 620 1902 illis
644 1855 903 1903 duodecim
928 1856 1175 1919 apostolos
1200 1856 1493 1913 nominasse,
1526 1855 1704 1918 probat
1728 1854 1832 1918 qui-

443 1930 552 1978 dem
585 1938 876 1993 potestatem
901 1932 995 1979 illis
1019 1932 1211 1980 dedisse
1237 1932 1481 1980 Christum
1513 1930 1831 1994 praedicandi,

442 2021 540 2052 non
567 2014 730 2053 autem
754 2006 863 2054 lites
887 2008 1019 2055 inter
1043 2008 1272 2056 concives
1292 2006 1668 2056 determinandi.
1739 2006 1832 2054 Po-

442 2088 669 2128 testatem
697 2082 826 2129 enim
861 2083 994 2130 illam
1029 2083 1132 2146 ipse
1169 2084 1391 2131 Christus
1425 2082 1683 2141 recusavit,
1721 2098 1832 2130 cum

445 2156 631 2204 diceret
646 2158 872 2217 (Luc.xii.
886 2162 980 2218 14):
1005 2160 1129 2215 Quis
1145 2176 1218 2207 me
1220 2159 1445 2222 judicem
1463 2164 1551 2206 aut
1566 2158 1832 2206 divisorem

444 2231 575 2279 inter
598 2249 682 2280 vos
706 2234 962 2281 constituit
981 2237 1009 2281 ,9
1067 2235 1131 2282 Et
1154 2235 1248 2282 alio
1272 2235 1381 2283 loco
1410 2235 1541 2295 (Joh.
1558 2234 1690 2282 xviii.
1718 2234 1829 2295 36):

388 2360 391 2364 ¹
441 2306 665 2370 Regnum
690 2325 841 2355 meum
865 2324 958 2355 non
993 2316 1070 2356 est
1094 2309 1238 2372 huju-5·
1263 2310 1444 2357 mundi.
1494 2309 1645 2372 Atqui
1667 2317 1832 2372 potes-

442 2388 596 2429 tatem
631 2383 958 2446 cognoscendi
996 2391 1045 2431 et
1087 2384 1342 2433 decidendi
1379 2385 1510 2433 inter
1550 2385 1680 2432 cives
1715 2399 1832 2432 con-

443 2459 718 2516 troversias,
739 2459 936 2507 omnino
960 2460 1143 2507 nullam
1166 2461 1330 2509 habet.
1367 2460 1516 2510 Quod
1541 2470 1707 2508 tamen
1730 2474 1831 2508 non

443 2531 647 2595 impedit
682 2534 800 2596 quin
825 2533 1056 2582 Servator
1081 2544 1247 2584 noster
1268 2543 1563 2600 potestatem
1588 2535 1683 2584 illis
1705 2550 1831 2599 prae-

443 2605 653 2666 dicandi,
670 2617 720 2656 et
734 2609 1032 2672 baptizandi,
1058 2611 1107 2658 in
1127 2611 1234 2659 loco
1254 2628 1545 2676 quocunque
1561 2610 1831 2660 concedere

442 2683 672 2742 potuerit,
696 2684 781 2731 ubi
805 2684 909 2731 sine
935 2687 1320 2748 transgressione
1344 2688 1507 2750 legum
1540 2686 1756 2735 civilium
1779 2685 1831 2734 id

442 2756 547 2803 fieri
570 2758 800 2820 potuerit.
860 2759 989 2806 Nam
1013 2759 1202 2823 legibus
1227 2762 1448 2810 civilibus
1473 2771 1579 2810 tum
1603 2761 1829 2825 apostoli,

443 2838 547 2877 tum
585 2832 805 2881 Christus
824 2833 942 2897 ipse,
968 2834 1293 2884 obediendum
1319 2853 1423 2885 esse
1446 2837 1626 2901 passim
1650 2836 1829 2885 docue-

444 2913 573 2953 runt.
