1910 3236
659 274 730 309 nn
760 275 1001 308 nomme,
1461 264 1525 307 89

139 384 255 434 ralis
278 384 438 433 cultus
461 385 581 433 alios
605 402 752 449 quam
785 403 906 449 quos
935 387 1036 435 dixi
1061 402 1158 434 non
1181 386 1415 450 suggerit,
1440 386 1526 433 sed
1574 407 1677 439 eff,
1694 408 1779 440 χιι,

140 460 372 524 quicquid
408 460 539 508 ultra
583 469 671 519 est,
720 462 907 525 legibus
953 462 1185 526 relinquit
1224 462 1525 526 singularum
1565 462 1770 539 m

138 535 408 584 civitatum.
1681 540 1685 541 ’

206 611 472 670 Postremo,
497 612 629 675 quod
662 613 726 661 ad
758 614 957 661 modum
992 614 1186 672 attinet,
1210 630 1307 677 quo
1329 613 1528 677 agentia

138 686 245 735 haec
275 686 534 735 invisibilia
567 688 844 736 hominibus
880 689 1147 752 praeterita,
1177 689 1359 749 futura,
1389 705 1528 752 pros-

137 777 257 826 pera
269 770 319 811 et
336 762 539 810 adversa
558 763 793 822 indicant,
809 772 985 811 natura
998 764 1120 812 nihil
1138 764 1306 812 dictat.
1355 765 1529 828 Itaque

137 837 305 887 futura
333 854 393 886 ex
420 839 680 901 praeteritis
713 840 1047 903 conjicientes,
1072 840 1227 888 simile
1252 841 1372 904 ejus,
1397 839 1531 904 qnod

137 913 367 962 effectum
402 913 611 976 aliquem
649 914 906 978 aliquoties
941 916 1220 973 antevertit,
1256 932 1347 979 pro
1381 931 1531 979 prog-

0 988 10 1083 ’ἓ
137 989 328 1038 nostico
353 989 537 1037 habent
560 990 763 1037 effectus
788 990 958 1037 similis
981 990 1255 1053 sequuturi.

0 1087 3 1094 =
206 1064 265 1112 In
305 1063 381 1111 his
418 1071 582 1111 autem
624 1073 836 1127 quatuor
877 1066 1037 1124 rebus,
1074 1073 1210 1113 metu
1252 1065 1530 1129 spirituum,

139 1139 420 1204 ignorantia
437 1156 694 1187 causarum
718 1141 1059 1199 secundarum,
1078 1141 1216 1189 cultu
1234 1157 1403 1189 eorum
1422 1157 1531 1204 quae

115 1214 331 1273 .timent,
355 1223 406 1262 et
429 1216 702 1279 sumptione
730 1215 1043 1264 fortuitorum
1074 1233 1164 1280 pro
1187 1217 1531 1280 prognosticis,

139 1290 363 1339 consistit
385 1290 634 1354 religionis
657 1307 821 1339 semen
846 1291 1084 1350 naturale,
1109 1292 1242 1355 quod
1264 1308 1353 1355 per
1374 1292 1531 1340 homi-

139 1381 260 1413 num
271 1365 569 1428 phantasiaS,
579 1365 780 1428 judicia,
788 1365 1037 1429 passiones
1052 1376 1102 1414 et
1116 1367 1319 1415 consilia
1326 1367 1531 1425 diversa,

139 1440 264 1488 adeo
287 1439 501 1488 diversas
523 1440 755 1503 produxit
788 1442 1101 1501 ceremonias,
1126 1451 1183 1490 ut
1215 1458 1324 1505 quae
1347 1442 1456 1506 lege
1480 1443 1531 1490 in

139 1531 237 1564 una
260 1515 458 1564 civitate
481 1517 876 1580 comprobantur,
900 1517 951 1564 in
975 1517 1071 1565 alia
1094 1517 1423 1565 derideantur.

207 1589 404 1638 Semina
421 1599 583 1638 autem
607 1590 712 1638 haec
735 1607 765 1638 a
788 1590 978 1639 duobus
996 1591 1250 1639 hominum
1267 1592 1533 1656 generibus

139 1666 383 1715 culturam
422 1674 570 1714 nacta
606 1675 735 1714 sunt.
807 1667 1021 1714 Primum
1052 1683 1208 1732 genus
1236 1676 1309 1716 est
1344 1684 1530 1726 eorum,

139 1741 226 1806 qui
248 1742 516 1790 secundum
546 1758 656 1789 suas
688 1742 906 1805 ipsorum
928 1742 1211 1806 phantasias
1235 1744 1531 1807 religionum

140 1817 372 1866 authores
416 1817 696 1864 extiterunt.
767 1817 990 1866 Alterum
1027 1834 1213 1877 eorum,
1254 1819 1429 1882 quibus
1469 1819 1532 1867 ab

141 1893 247 1957 ipm
266 1893 372 1941 Deo
388 1902 637 1956 praecepta
653 1902 704 1940 et
719 1894 1006 1957 praescripta
1029 1895 1202 1954 religio
1224 1895 1331 1943 fuit.
1382 1895 1533 1943 Utro-

140 1985 349 2033 rumque
383 1977 548 2017 autem
588 1969 845 2017 consilium
886 1978 992 2018 erat
1028 1970 1248 2019 initiatos
1289 1987 1402 2018 suos
1438 1971 1531 2018 sibi

142 2044 348 2093 reddere
382 2044 756 2093 obedientiores.
827 2045 1028 2094 Illorum
1061 2046 1235 2110 religio
1264 2062 1379 2110 pars
1409 2046 1532 2109 poli-

142 2119 278 2175 ticae;
312 2119 489 2168 horum
502 2120 702 2183 politica
716 2136 830 2183 pars
850 2121 1099 2185 religionis
1117 2130 1206 2181 est,
1222 2131 1272 2170 et
1285 2129 1533 2185 praeeepta

142 2195 380 2254 eontinet,
415 2195 580 2259 qualia
613 2196 707 2244 illis
742 2197 1038 2246 conveniunt
1074 2198 1159 2261 qui
1193 2198 1244 2245 in
1279 2197 1530 2245 civitatem

145 2270 239 2318 Dei
256 2270 598 2319 admittuntur.
637 2272 838 2319 Illorum
855 2273 1115 2336 religiones
1130 2290 1159 2320 a
1173 2273 1532 2337 legislatoribus

142 2346 381 2410 gentium,
414 2346 591 2395 horum
633 2347 805 2411 religio
846 2349 907 2396 ab
949 2349 1244 2407 Abrahamo,
1284 2349 1439 2406 Mose,
1483 2355 1533 2396 et

142 2422 263 2471 Jesu
285 2421 496 2481 Christo,
520 2423 603 2485 qui
635 2423 773 2486 regni
801 2423 1030 2471 caelornm
1063 2424 1196 2487 leges
1229 2439 1318 2471 nos
1350 2423 1530 2471 docue-

143 2506 278 2555 runt,
301 2497 528 2546 instituta
549 2507 639 2546 est.

213 2572 360 2622 Quod
389 2573 454 2621 ad
486 2574 734 2637 agentium
771 2574 1083 2622 invisibilium
1113 2574 1311 2622 nomina
1333 2573 1529 2631 attinet,

144 2647 268 2695 nihil
302 2655 392 2706 aet,
413 2648 456 2695 si
480 2649 626 2697 modo
658 2664 838 2696 nomen
864 2650 1059 2706 habeat,
1083 2650 1215 2713 quod
1238 2650 1299 2696 ab
1323 2647 1530 2695 ethnicis

145 2722 389 2786 aliquibus
422 2739 512 2787 pro
546 2724 640 2772 deo
674 2733 761 2772 aut
796 2724 1017 2773 daemone
1049 2725 1271 2772 habitum
1300 2739 1400 2771 non
1437 2723 1528 2777 sit;

145 2814 306 2862 neque
341 2813 418 2846 res
452 2807 536 2847 aut
570 2799 723 2858 locus,
759 2816 904 2862 quem
940 2816 1039 2847 non
1073 2800 1134 2847 ab
1166 2798 1328 2861 aliquo
1354 2797 1529 2861 spiritu

145 2873 430 2932 animatum,
475 2874 767 2932 habitatum,
815 2874 915 2922 sive
961 2882 1251 2936 occupatum
1298 2873 1530 2921 finxerint

145 2947 310 3011 aliqui.
