1910 3236
146 366 201 398 CA
208 366 232 397 P
238 387 248 397 .
267 366 297 397 11
304 366 317 397 Ι
324 388 334 398 .

144 419 335 442 *νγ-ὀ

130 462 174 489 De
189 471 361 499 consequen-

129 508 170 532 tm
182 505 242 533 sive
255 505 328 533 serie

129 549 374 586 inmginutionum.

397 222 453 266 16
913 233 982 266 DE
1010 231 1253 265 HOMINE.

390 344 602 408 quodam
626 344 756 391 circa
778 343 958 391 bellum
982 350 1205 391 nostrum
1228 344 1383 403 civile,
1409 343 1527 407 quid
1551 341 1769 406 imperti-

390 421 585 468 nentius
613 419 766 467 videri
802 425 992 482 poterat
1024 435 1169 482 quam
1199 420 1516 483 interrogare,
1542 426 1596 467 ut
1619 419 1770 467 inter-

390 504 617 559 rogatum
641 502 759 553 erat,
781 495 966 542 denarii
990 496 1199 544 Romani
1223 503 1431 559 quantus
1450 496 1586 544 valor
1609 493 1767 542 esset?

392 571 611 619 Cohaesio
635 577 798 618 tamen
828 570 910 617 illa
934 571 1050 618 satis
1074 571 1193 620 mihi
1216 572 1473 620 manifesta
1495 571 1768 619 videbatur.

390 648 518 696 Nam
541 663 570 694 a
593 646 887 708 cogitatione
911 646 1027 694 belli
1050 647 1331 695 introducta
1353 655 1425 696 est
1448 646 1683 710 cogitatio
1708 645 1769 694 de

390 739 504 786 rege
528 738 557 769 a
582 721 785 768 subditis
810 721 908 768 suis
941 721 1123 770 tradito
1146 723 1395 778 hostibus;
1431 722 1663 786 cogitatio
1686 721 1770 769 illa

391 797 735 861 cogitationem
771 797 941 859 genuit
972 797 1032 845 de
1063 798 1338 861 proditione
1360 800 1389 847 J
1393 815 1478 847 esu
1498 797 1684 846 Christi
1706 797 1770 845 ad

388 873 613 926 Judaeos;
652 871 734 919 illa
770 888 936 920 rursus
970 874 1159 936 peperit
1198 875 1544 938 cogitationem
1581 874 1642 922 de
1681 873 1769 921 tri-

388 949 526 1011 ginta
540 947 764 1005 denariiS,
779 947 1070 1010 proditionis
1084 949 1211 997 illius
1226 950 1407 1012 preti03
1432 950 1546 998 inde
1560 949 1768 1012 denique

388 1024 528 1072 facile
574 1030 778 1085 sequuta
816 1031 890 1070 est
929 1023 1166 1086 praedicta
1204 1025 1536 1088 interrogatio.
1605 1025 1769 1088 Atque

388 1100 494 1147 haec
535 1099 713 1158 omnia,
759 1107 960 1162 propter
1006 1101 1307 1148 celeritatem
1348 1100 1676 1164 cogitationis,
1716 1100 1768 1148 in

388 1181 634 1223 momento
658 1175 758 1222 fere
782 1176 1030 1239 temporis.

456 1251 679 1300 Secunda
713 1251 1014 1298 constantior
1048 1259 1139 1310 est,
1163 1259 1220 1299 ut
1254 1268 1361 1315 quae
1389 1251 1450 1299 ab
1485 1251 1648 1314 aliquo
1671 1251 1768 1298 fine

390 1327 663 1376 desiderato
699 1326 938 1391 regulata
969 1336 1058 1375 est.
1128 1328 1252 1375 Nam
1278 1327 1531 1391 impressio
1553 1326 1685 1375 facta
1706 1326 1776 1374 ab·

389 1403 447 1450 iis
471 1403 629 1461 rebus,
651 1418 769 1465 quas
795 1403 1017 1465 cupimus
1037 1403 1115 1450 vel
1137 1403 1414 1460 metuimus,
1436 1402 1600 1451 vivida
1623 1408 1698 1450 est
1720 1408 1769 1450 et

388 1494 691 1542 permanenS,
716 1478 808 1537 vel,
833 1478 874 1526 si
904 1478 1100 1541 paulum
1134 1477 1260 1526 forte
1291 1485 1462 1535 cesset,
1487 1478 1584 1526 cito
1607 1477 1766 1532 redit3

389 1554 608 1617 adeoque
634 1561 706 1601 est
729 1553 990 1617 aliquando
1013 1553 1168 1612 fortis,
1188 1562 1243 1602 ut
1262 1569 1485 1602 somnum
1501 1569 1602 1602 non
1619 1553 1767 1601 modo

388 1630 635 1693 impediat,
661 1629 746 1677 sed
770 1630 918 1677 etiam
941 1631 1213 1694 abrumpat.
1283 1630 1328 1677 A
1352 1629 1591 1677 desiderio
1611 1629 1768 1677 oritur

388 1706 618 1768 cogitatio
654 1705 802 1753 medii
837 1706 901 1753 ad
934 1722 1038 1753 rem
1078 1704 1403 1753 desideratam
1435 1704 1766 1763 obtinendam,

386 1781 526 1844 quale
565 1780 779 1828 medium
818 1781 1093 1829 videramus
1138 1787 1252 1828 ante
1293 1781 1498 1829 similem
1539 1781 1767 1828 effectum

383 1857 682 1920 produxisse.
741 1857 928 1905 Eodem
949 1857 1096 1906 modo
1115 1857 1349 1921 cogitatio
1368 1856 1518 1904 medii
1536 1855 1601 1904 ad
1617 1857 1766 1904 finem

382 1933 610 1996 producit
644 1932 990 1996 cogitationem
1023 1933 1171 1981 medii
1206 1933 1269 1980 ad
1303 1932 1426 1980 illud
1459 1932 1691 1991 medium,
1715 1938 1766 1980 et

384 2008 453 2055 sic
478 2008 719 2071 deinceps,
739 2008 895 2056 donec
918 2008 1144 2056 veniatur
1167 2008 1231 2056 ad
1252 2008 1546 2072 principium
1569 2007 1767 2070 aliquod

384 2082 436 2130 in
458 2089 698 2145 potestate
720 2090 902 2131 nostra.
963 2084 1209 2146 Quoniam
1232 2091 1398 2132 autem
1419 2083 1546 2141 finis,
1564 2090 1766 2146 propter

384 2158 771 2221 magnitudinem
795 2159 1141 2223 impressionis,
1167 2175 1296 2222 saepe
1320 2166 1370 2206 et
1392 2158 1535 2206 facile
1558 2158 1766 2206 recurrit

383 2234 562 2293 animo,
582 2235 622 2282 si
641 2235 872 2298 caeperint
893 2236 1022 2284 forte
1046 2236 1367 2299 cogitationes
1392 2233 1602 2297 evagari,
1622 2233 1764 2282 facile

383 2325 549 2358 rursus
580 2310 632 2358 in
660 2311 789 2359 viam
823 2312 1138 2359 reducuntur.
1209 2311 1356 2374 Cujus
1386 2309 1459 2357 rei
1489 2309 1764 2357 observatio

383 2385 516 2444 fecit,
551 2392 607 2433 ut
638 2393 822 2449 septem
854 2387 1146 2450 sapientium
1183 2384 1446 2434 celebrium
1479 2401 1605 2432 unus
1638 2401 1765 2448 prae-

385 2471 580 2522 ceptum
599 2460 752 2520 daret,
770 2462 901 2524 quod
918 2462 1063 2510 hodie
1081 2462 1251 2510 tritum
1265 2467 1358 2518 est,
1373 2459 1572 2524 respice
1573 2460 1732 2522 finem
1745 2479 1764 2515 ;

383 2550 470 2596 per
494 2535 640 2598 quod,
666 2536 717 2584 in
741 2537 966 2585 omnibus
989 2537 1262 2586 actionibus
1285 2535 1460 2599 saepius
1483 2543 1766 2599 respectan-

385 2609 501 2658 dum
516 2627 619 2658 esse
637 2620 804 2659 monet
823 2612 886 2660 ad
902 2614 1065 2671 finem,
1079 2620 1135 2661 ut
1152 2612 1216 2661 ad
1233 2611 1284 2660 id
1299 2610 1430 2675 quod
1444 2610 1764 2674 cogitationes

387 2700 555 2733 omnes
579 2686 630 2733 in
652 2686 731 2734 via
754 2686 817 2734 ad
838 2688 986 2735 finem
1009 2687 1325 2736 obtinendum
1349 2686 1532 2749 dirigit.

454 2760 612 2808 Series
646 2762 997 2825 cogitationum
1029 2763 1268 2829 regulata
1299 2762 1448 2811 etiam
1471 2762 1648 2826 duplex
1671 2769 1762 2811 est.

389 2834 572 2895 Altera,
598 2837 792 2899 quando
817 2838 1019 2902 alicujus
1050 2840 1250 2888 effectus
1273 2838 1499 2902 concepti
1522 2854 1690 2888 causas
1713 2845 1764 2886 et
