1968 3236
512 243 797 277 APPRNDIx
825 243 897 277 AD
926 243 1263 277 LEVMTRAN.
1481 234 1574 276 525

263 353 329 402 A.
366 353 463 402 Sed
486 370 796 403 commoveor
819 371 1056 403 consensu
1079 356 1312 413 omnium,
1337 354 1420 418 qui
1442 352 1578 400 fuere

198 437 250 479 et
272 437 403 487 sunt,
428 430 745 488 credentium,
770 431 982 478 animam
1018 430 1305 479 rationalem
1328 429 1579 477 immorta-

197 506 293 554 lem
317 521 421 553 esse
445 521 532 553 sua
554 515 743 564 natura,
770 506 912 554 simul
935 515 1082 570 atque
1105 515 1179 555 est
1203 514 1383 564 creata,
1408 520 1578 568 quam-

196 581 271 630 vis
293 581 451 644 ignari
476 581 714 630 doctrinae
738 598 905 630 sacrae.

262 655 329 704 B.
365 656 606 718 Equidem
630 657 751 714 illos,
768 657 849 719 qui
874 657 943 704 sic
967 657 1198 716 sentiunt,
1218 672 1316 704 non
1339 656 1577 719 vitupero·

198 729 327 778 Nam
363 731 445 794 qui
483 731 716 795 praeclare
749 731 898 779 sentit
929 731 988 778 de
1019 731 1181 779 anima
1202 731 1414 795 propria,
1438 739 1580 778 cavet

196 805 483 870 plerumque
507 823 569 854 ne
593 807 724 855 illam
748 823 836 871 per
858 807 972 854 vitae
997 807 1350 870 turpitudinem
1374 806 1579 854 dedeco-

197 889 291 930 ret.
362 881 606 930 Caeterum
644 898 742 930 non
778 882 1010 940 concedo,
1046 882 1180 930 illum
1216 882 1375 930 minus
1409 897 1580 929 cavere

198 956 345 1015 idem,
365 957 448 1020 qui
472 965 755 1005 constanter
777 957 935 1005 credit
957 957 1167 1005 animam
1199 973 1335 1005 suam
1361 956 1581 1020 redemp-

198 1040 300 1080 tam
338 1047 443 1080 esse
476 1048 564 1095 per
597 1033 884 1095 sanguinem
918 1032 1114 1090 Christi,
1147 1040 1197 1080 et
1231 1032 1411 1080 factam
1438 1040 1581 1080 aeter-

198 1123 329 1155 nam.
398 1107 572 1171 Neque
595 1108 647 1156 id
670 1108 1149 1164 concedendumffihi
1172 1114 1260 1166 est,
1289 1107 1581 1156 sententiam

197 1182 331 1231 illam
364 1182 513 1231 fuisse
547 1191 598 1231 et
633 1199 738 1231 esse
775 1183 992 1231 omnium
1028 1183 1078 1230 in
1113 1183 1395 1231 universum
1424 1183 1581 1230 homi-

198 1274 333 1306 num.
415 1258 491 1306 Illi
523 1258 663 1306 -enim
704 1258 787 1321 qui
832 1258 1062 1306 dixerunt
1095 1258 1146 1306 in
1192 1258 1420 1306 cordibus
1466 1257 1581 1315 suiS‚

201 1334 456 1392 “edamus,
473 1334 711 1392 bibamuS,
735 1350 841 1382 cras
865 1334 1175 1391 moriemur,”
1194 1350 1293 1382 non
1317 1334 1387 1382 ita
1409 1333 1583 1381 sentie-

199 1410 335 1469 bant,
360 1410 444 1473 qui
467 1417 632 1457 tamen
656 1410 799 1473 pauci
823 1426 922 1458 non
946 1417 1073 1458 sunt.
1126 1410 1367 1458 Praeterea
1390 1418 1584 1457 senten-

199 1485 284 1534 tiae
306 1501 476 1533 eorum
501 1485 735 1542 omnium,
760 1485 843 1548 qui
865 1486 968 1533 sine
991 1485 1189 1548 propria
1212 1484 1583 1533 ratiocinatione

202 1569 474 1625 sequuntur
507 1559 771 1608 dictamina
804 1560 1166 1624 magistrorum,
1189 1575 1291 1608 non
1324 1567 1439 1607 sunt
1470 1573 1586 1622 pro-

200 1636 308 1700 prie
342 1651 457 1684 suae.
528 1635 643 1683 Non
674 1651 792 1700 ergo
826 1636 897 1683 ita
931 1635 1112 1683 sentire
1135 1635 1231 1683 dici
1255 1634 1436 1683 debent
1457 1634 1586 1699 agri-

202 1710 340 1769 colae,
381 1711 609 1769 artifices,
656 1710 833 1774 aliique
877 1710 1099 1759 hominae
1144 1710 1227 1775 qui
1273 1710 1405 1759 circa
1436 1710 1587 1758 vitam

203 1802 512 1835 communem
536 1787 776 1850 occupati,
791 1802 1058 1850 numquam
1079 1787 1181 1835 fere
1204 1786 1266 1834 de
1287 1794 1464 1835 natura
1486 1786 1587 1834 ani-

204 1877 299 1910 mae
320 1878 437 1922 suae,
461 1862 547 1910 sed
570 1862 630 1910 de
655 1862 837 1911 divitiis
861 1870 911 1911 et
931 1862 1197 1911 honoribus
1232 1860 1587 1926 comparandiS,

204 1937 283 1985 vel
329 1936 390 1985 de
425 1938 793 1986 necessitatibus
831 1953 1031 1986 suorum
1070 1953 1331 2001 corporum
1370 1936 1587 2000 cogitare

206 2012 380 2061 solent.
450 2013 622 2077 Itaque
660 2029 926 2062 consensus
964 2013 1045 2061 ille
1077 2013 1295 2061 omnium
1335 2012 1589 2060 hominum

206 2086 438 2136 reductus
479 2098 553 2136 est
594 2088 658 2136 ad
697 2104 988 2136 consensum
1021 2088 1233 2136 solorum
1275 2086 1590 2150 philosopho-

208 2178 334 2211 rum.
402 2162 607 2220 Deinde,
634 2162 770 2211 fuere
804 2163 934 2212 inter
966 2162 1280 2226 philosophos
1317 2161 1587 2219 Sadducaei,

210 2237 296 2302 qni
320 2237 479 2286 nullos
502 2237 700 2286 omnino
735 2238 999 2287 credebant
1022 2254 1125 2286 esse
1162 2237 1359 2301 spiritus
1383 2244 1588 2293 creatos,

210 2321 263 2361 et
284 2312 489 2376 proinde
516 2313 691 2361 animae
725 2313 1052 2371 existentiam,
1075 2313 1217 2361 aliter
1240 2328 1386 2375 quam
1414 2318 1469 2359 ut
1505 2327 1590 2375 ap·

210 2387 422 2452 pellatur
442 2387 559 2445 vita,
592 2403 692 2435 non
722 2389 1069 2451 agnoscebant.
1137 2387 1297 2436 Etiam
1325 2394 1591 2434 sectatores

212 2461 489 2511 Aristotelis
523 2469 573 2510 et
607 2462 837 2522 Platonis,
870 2479 970 2512 non
1005 2462 1272 2527 perspectis
1306 2461 1591 2519 rationibus,

213 2536 300 2586 sed
330 2537 434 2585 sola
464 2537 761 2586 authoritate
796 2538 1141 2603 magistrorum
1173 2537 1223 2585 id
1246 2535 1591 2591 crediderunt;

213 2628 314 2661 non
342 2620 457 2660 sunt
483 2628 600 2675 ergo
633 2613 920 2661 numerandi
956 2622 1188 2676 tanquam
1222 2611 1452 2659 authores
1488 2611 1593 2675 opi-

214 2688 374 2736 nionis
409 2703 555 2751 quam
585 2688 892 2751 profitentur.
963 2688 1100 2736 Adeo
1123 2695 1178 2735 ut
1201 2702 1322 2750 quos
1346 2686 1467 2734 dicis
1489 2702 1592 2734 om-

215 2779 303 2811 nes
325 2763 559 2820 hominae,
581 2762 882 2811 reducuntur
903 2763 967 2811 ad
990 2764 1255 2820 Platonem,
1280 2761 1592 2810 Aristotelem

215 2838 431 2902 aliosque
467 2853 649 2902 paucos
685 2837 1004 2902 philosophiae
1027 2837 1285 2901 principes.
1357 2836 1592 2900 Denique,

1655 374 1758 407 CAP.
1777 374 1809 406 1.

1629 470 1673 499 De
1688 469 1820 508 symbolo

1630 514 1749 542 sicem.
