1968 3236
206 381 307 413 cAP.
329 382 378 414 11.

199 474 243 501 De
258 474 370 502 haeresi.

444 241 538 283 550
752 252 1035 284 APPENDIX
1062 252 1134 284 AD
1161 253 1498 287 LEVIATHAN.

441 363 607 426 populi
632 364 898 421 Israelitici,
919 365 1002 426 qui
1024 372 1242 427 tempore
1267 366 1418 413 Mosis
1443 374 1548 414 erat
1566 367 1697 415 Deus
1719 367 1822 430 ipse

441 454 528 501 per
551 446 746 501 pactum
771 440 1078 497 constitutus,
1103 439 1330 503 idemque
1367 457 1452 488 rex
1487 458 1574 504 per
1596 450 1822 491 naturam

442 515 592 561 totius
624 514 754 561 orbis
791 522 950 572 terrae,
986 515 1336 577 blasphemum,
1373 515 1479 579 lege
1514 517 1626 576 lata,
1662 519 1823 582 expel-

440 590 538 636 lere
558 590 719 652 potuit
742 605 801 637 ex
824 591 1049 638 universa
1073 599 1219 650 terra,
1242 592 1294 639 id
1317 598 1406 650 est,
1431 592 1669 642 occidere.
1726 593 1822 642 Sed

439 666 502 712 ad
526 665 841 727 quaestionem
876 673 1011 713 tuam
1043 682 1327 730 responsum
1349 668 1442 715 hoc
1466 684 1629 716 meum
1651 669 1720 717 ita
1741 685 1822 717 ac-

440 741 561 803 cipe,
578 757 678 788 non
696 749 752 788 ut
772 741 961 789 consilii
981 742 1132 790 divini
1151 744 1200 790 in
1221 743 1328 806 lege
1353 744 1608 792 condenda
1625 761 1822 794 causam

439 816 700 879 explicans,
726 817 812 864 sed
834 825 890 864 ut
915 818 1127 866 conditae
1151 819 1431 881 aequitatem
1456 819 1735 868 defendens.

504 892 568 939 A.
606 892 831 956 Intelligo
850 894 953 955 jam
978 893 1096 957 quid
1120 894 1182 942 sit
1206 894 1439 950 hoeresi8;
1463 911 1654 959 nempe,
1673 897 1820 959 quod,

437 969 610 1031 primo,
647 975 751 1015 erat
791 968 955 1031 opinio
990 976 1181 1017 tantum
1217 977 1391 1026 sectae3
1429 970 1620 1030 deinde,
1657 972 1821 1035 opinio

439 1051 583 1090 sectae
610 1042 931 1099 Christianae;
967 1045 1129 1104 tertio,
1154 1046 1318 1109 opinio
1354 1054 1500 1095 sectae
1533 1047 1822 1096 Christianae

438 1120 498 1167 ab
538 1119 742 1167 ecclesia
783 1120 1037 1169 Catholica
1083 1121 1338 1170 damnatae.
1408 1122 1594 1171 Vellem
1637 1130 1687 1170 et
1727 1124 1820 1172 hoc

438 1196 575 1254 scire,
603 1212 632 1243 a
656 1212 751 1258 qua
772 1203 1031 1258 potestate,
1058 1205 1109 1245 et
1133 1214 1228 1261 quo
1257 1198 1420 1257 modo,
1445 1199 1505 1246 ab
1531 1199 1718 1262 origine
1740 1215 1823 1247 us-

438 1288 532 1334 que
554 1271 699 1319 hodie
722 1272 884 1334 puniri
907 1273 1172 1321 consuevit.

505 1348 570 1395 B.
607 1348 736 1395 Ante
772 1348 1148 1396 Constantinum
1189 1349 1441 1411 Magnum,
1478 1348 1821 1411 imperatorem

438 1423 766 1470 Christianum
811 1424 1039 1486 primum,
1074 1440 1232 1487 neque
1271 1431 1490 1487 pastores
1524 1440 1683 1488 neque
1729 1425 1822 1488 ipsi

436 1499 643 1561 apostoli
672 1506 965 1562 potestatem
999 1500 1274 1547 habuerunt
1308 1499 1551 1547 haereticis
1575 1517 1606 1548 a
1629 1516 1680 1548 se
1705 1516 1821 1549 con-

436 1574 676 1621 demnatis
713 1591 909 1637 poenam
948 1574 1097 1622 ullam
1131 1574 1400 1638 infligendi,
1434 1591 1594 1639 neque
1627 1575 1737 1624 illos
1770 1577 1822 1624 in

436 1650 632 1698 exilium
650 1650 893 1707 mittendi,
909 1667 1068 1712 neque
1092 1651 1318 1698 libertate
1337 1652 1556 1714 corporis
1579 1651 1820 1715 privandi,

436 1742 592 1789 neque
634 1726 1072 1790 quomodocunque
1109 1726 1434 1783 molestandi3
1472 1727 1651 1790 quippe
1688 1728 1822 1791 quod

436 1801 526 1849 soli
573 1817 760 1850 summo
806 1802 1067 1865 imperanti
1112 1801 1175 1849 ad
1221 1802 1640 1851 conservationem
1686 1803 1821 1866 pacis

436 1877 755 1940 competebat.
838 1877 1273 1925 Excommunicare
1314 1885 1598 1940 potuerunt,
1640 1877 1692 1926 id
1731 1886 1820 1939 est,

436 1968 604 2000 eorum
648 1953 944 2012 societatem,
980 1952 1273 2011 convictum,
1310 1969 1624 2016 congressum
1671 1953 1820 2002 decli-

435 2045 553 2076 nare
591 2036 641 2076 et
676 2029 861 2092 fugere,
892 2037 1126 2091 tanquam
1162 2028 1469 2076 ethnicorum
1494 2029 1570 2077 vel
1602 2029 1821 2092 publica-

435 2119 640 2160 norum;
668 2120 776 2167 quae
799 2121 944 2168 poena
966 2121 1065 2152 non
1089 2111 1178 2163 est,
1197 2112 1246 2152 et
1270 2121 1601 2168 saepenumero
1630 2122 1823 2154 excom·
1860 2107 1865 2111 ’

435 2180 704 2228 municanti
728 2180 882 2243 magis
906 2197 1053 2243 quam
1072 2181 1491 2229 excommunicato
1514 2180 1823 2229 incommoda

437 2263 557 2303 erat.
628 2256 684 2303 In
715 2256 931 2304 Concilio
966 2257 1156 2304 Niceno
1179 2272 1339 2319 poena,
1365 2256 1606 2304 damnatis
1629 2257 1822 2304 haereti-

438 2330 520 2388 cis,
540 2331 590 2378 in
616 2331 816 2379 clericos
840 2338 1033 2378 tantum
1057 2331 1325 2379 constituta
1349 2339 1438 2390 est,
1459 2347 1613 2395 eaque
1638 2339 1744 2380 erat
1766 2338 1823 2380 ut

438 2406 652 2454 ecclesiis
689 2407 787 2454 suis
823 2407 1148 2470 privarentur.
1222 2407 1319 2455 Sed
1351 2414 1522 2455 contra
1558 2407 1821 2471 discipulos

438 2481 630 2528 illorum
649 2490 887 2530 statutum
911 2491 986 2530 est
1009 2483 1144 2541 nihil,
1161 2483 1274 2546 quia
1295 2483 1408 2530 laici
1430 2483 1558 2531 forte
1577 2484 1638 2531 de
1659 2490 1823 2547 pasto-

439 2571 547 2603 rum
571 2573 766 2604 suorum
790 2557 1023 2605 doctrinis
1042 2557 1263 2620 judicare
1282 2558 1479 2606 minime
1499 2558 1819 2614 tenebantur;

439 2633 515 2679 vel
550 2631 691 2691 forte,
731 2634 845 2696 quia
879 2633 1098 2696 plerique
1138 2649 1306 2681 eorum
1347 2633 1524 2682 milites
1567 2641 1707 2682 erant
1737 2634 1822 2698 qui

441 2708 529 2754 sub
564 2708 855 2771 imperatore
887 2709 992 2772 ipso
1025 2718 1318 2768 meruerant,
1345 2726 1436 2757 nec
1471 2709 1693 2758 irritandi
1717 2710 1821 2758 sine

439 2782 653 2844 periculo
677 2792 832 2831 erant.
881 2783 1041 2831 Etiam
1065 2783 1289 2832 doctores
1308 2785 1566 2833 haeresium
1588 2785 1681 2848 ipsi
1703 2785 1822 2834 cita·

441 2857 617 2906 bantur
640 2858 702 2906 ad
726 2859 1012 2916 Concilium,
1037 2875 1204 2906 eorum
1237 2859 1450 2907 rationes
1482 2860 1819 2919 audiebantur,
