1968 3236
211 395 314 429 cAP.
334 396 447 430 XLII.

244 451 429 472 —w——ae

237 492 282 521 De
295 495 435 530 potestate

237 535 437 564 ecclesiastica.

483 257 579 300 402
806 265 875 299 DE
902 266 1157 300 01v1'rA'rE
1185 267 1541 301 CHRISTIANA.

484 385 700 427 tamento
717 378 896 437 Veteri,
911 379 1018 438 etsi,
1039 378 1155 426 dum
1178 386 1392 442 potestas
1415 396 1603 429 summa
1624 380 1676 429 in
1700 395 1861 428 sacer-

485 455 599 504 dote
623 462 740 513 erat,
759 455 839 517 jus
864 454 1181 502 consecrandi
1199 455 1280 503 ille
1303 456 1431 504 solus
1455 457 1686 511 haberet;
1721 456 1864 504 aliter

485 538 647 579 tamen
668 537 788 587 erat,
808 537 1066 593 postquam
1081 531 1290 594 populus
1308 533 1397 580 sub
1415 533 1611 595 regibus
1635 546 1739 580 esse
1762 547 1861 579 coe-

484 608 679 670 pissent.
738 605 866 653 Nam
895 607 940 666 (l
962 607 1082 670 Reg.
1100 607 1222 668 viii.)
1249 608 1430 671 populo
1451 607 1717 667 benedixit,
1737 614 1860 655 tem-

484 683 618 746 plum
642 681 958 741 consecravit,
984 689 1034 729 et
1069 682 1287 745 publicas
1318 699 1488 746 preces
1525 681 1860 747 pronuntiavit

487 758 731 806 Salomon.
787 757 988 805 Constat
1007 773 1140 821 ergo,
1165 758 1390 807 habuisse
1414 758 1551 807 illum
1573 775 1675 807 non
1703 758 1862 806 solum

484 834 685 898 regendi
708 835 976 894 ecclesiam,
1001 836 1086 883 sed
1109 836 1257 884 etiam
1293 836 1568 884 functiones
1591 852 1759 884 omnes
1781 852 1860 884 ec-

485 910 777 958 clesiasticas
801 910 1059 959 exercendi
1081 918 1375 974 potestatem
1397 912 1606 975 plenam.

551 986 648 1034 Sed
679 986 810 1049 quid,
842 987 1031 1049 inquiet
1053 986 1244 1050 aliquis,
1269 986 1310 1034 si
1332 994 1545 1050 potestas
1577 1002 1766 1035 summa
1799 986 1862 1035 sit

482 1078 630 1125 penes
652 1062 897 1120 feminam,
922 1063 1132 1110 habetne
1154 1062 1205 1110 in
1238 1062 1452 1110 ecclesiis
1482 1061 1781 1126 praedicandi
1813 1070 1863 1111 et

484 1145 789 1186 sacramenta
801 1138 1171 1186 administrandi
1187 1146 1479 1202 potestatem
1501 1137 1714 1186 femina?
1750 1137 1862 1186 Scio

483 1213 675 1261 feminis
699 1213 748 1260 in
773 1213 978 1261 ecclesia
1000 1213 1300 1277 prohibitum
1325 1230 1429 1261 esse
1447 1214 1596 1277 loqui.
1667 1212 1726 1260 Id
1746 1228 1863 1261 vero

484 1305 583 1337 non
623 1289 839 1352 impedit,
882 1289 999 1353 quin
1037 1289 1234 1348 femina,
1255 1306 1364 1353 quae
1401 1306 1590 1338 summa
1619 1296 1863 1353 potestate

483 1365 690 1428 praedita
713 1373 786 1413 est
809 1365 1104 1414 constituere
1121 1366 1250 1414 viros
1272 1366 1443 1429 possit,
1467 1365 1551 1430 qui
1573 1366 1625 1414 in
1650 1365 1864 1414 ecclesiis

485 1447 535 1487 et
556 1441 689 1503 loqui
712 1448 760 1488 et
783 1447 960 1489 caetera
986 1440 1327 1489 administrare
1365 1441 1530 1489 omnia
1564 1440 1864 1488 authoritate

486 1516 711 1574 civitatis,
726 1515 777 1563 id
801 1524 875 1564 est
893 1532 994 1574 sua,
1013 1516 1219 1580 possint.
1288 1515 1575 1564 Authoritas
1593 1515 1723 1564 enim
1740 1531 1866 1563 mas-

486 1591 700 1638 culinum
722 1598 771 1639 et
793 1591 1080 1639 femininum
1101 1607 1201 1639 non
1224 1591 1414 1654 recipit.
1464 1590 1676 1639 Feminae
1698 1590 1864 1654 igitur,

487 1667 577 1714 etsi
594 1667 750 1715 officia
764 1668 926 1716 omnia
950 1683 1175 1715 exercere
1192 1683 1290 1715 non
1314 1674 1533 1730 possunt,
1549 1666 1658 1715 illos
1681 1673 1863 1725 tamen,

488 1742 570 1805 qui
611 1759 668 1790 ea
707 1751 977 1802 exerceant,
1023 1750 1228 1807 possunt
1277 1743 1592 1791 constituere.
1674 1741 1866 1805 Regina

487 1818 771 1866 Elizabetha
793 1835 920 1867 anno
942 1819 1100 1882 primo
1124 1819 1264 1882 regni
1282 1819 1372 1878 sui,
1397 1834 1507 1866 cum
1533 1824 1865 1882 suprematum

488 1893 717 1942 Ecclesiae
741 1895 1022 1957 Anglicanae
1046 1895 1137 1944 sibi
1159 1894 1467 1950 vindicasset,
1490 1894 1649 1957 legem
1672 1893 1787 1941 tulit
1808 1899 1865 1940 ut

488 1969 696 2018 ministri
733 1985 899 2017 omnes
940 1970 1268 2029 ecclesiarum,
1294 1970 1335 2018 si
1362 1969 1602 2018 beneficia
1636 1984 1725 2016 sua
1746 1967 1865 2016 reti-

487 2061 602 2092 nere
626 2044 818 2102 vellent,
843 2053 1173 2107 suprematum
1205 2047 1308 2109 ejus
1337 2044 1715 2093 ecclesiasticum
1752 2059 1865 2091 cum

483 2123 764 2184 juramento
799 2130 1134 2183 agnoscerent.
1202 2122 1501 2170 Juraverunt
1537 2135 1655 2184 ergo
1689 2118 1863 2167 multi:

488 2197 627 2245 multi
655 2195 800 2244 etiam
829 2196 1126 2259 aliquamdiu
1162 2204 1513 2245 recusaverunt
1536 2196 1599 2244 ob
1635 2195 1731 2243 hoc
1753 2201 1864 2242 tan-

486 2280 607 2330 tum,
624 2271 755 2334 quod
769 2271 1022 2319 videbatur
1039 2272 1147 2330 illis,
1163 2274 1203 2321 si
1215 2274 1478 2336 jurassent,
1496 2272 1600 2320 fore
1616 2278 1673 2319 ut
1695 2269 1867 2334 regina

486 2363 572 2411 per
596 2347 703 2394 illos
725 2346 972 2394 videretur
993 2363 1132 2410 posse
1151 2356 1454 2396 sacramenta
1476 2348 1526 2395 in
1550 2346 1757 2394 ecclesia
1778 2345 1865 2394 ad-

487 2422 780 2479 ministrare,
818 2430 868 2469 et
903 2421 1177 2470 functiones
1218 2431 1420 2471 caeteras
1457 2421 1724 2486 pastorales
1758 2420 1866 2484 ipsa

487 2512 726 2545 exercere.
797 2496 1056 2559 Postquam
1081 2505 1243 2545 autem
1268 2497 1438 2561 regina
1461 2497 1643 2560 scripto
1666 2495 1864 2559 publico

486 2573 774 2635 promiserat
797 2587 847 2619 se
880 2571 929 2619 id
959 2587 1057 2619 non
1092 2573 1332 2621 facturam
1370 2588 1490 2631 esse,
1525 2579 1631 2620 tum
1668 2571 1865 2619 demum

482 2649 782 2710 juraverunt.
842 2647 952 2696 Quo
978 2649 1203 2711 scrupulo
1227 2648 1538 2697 manifestum
1561 2653 1681 2706 erat,
1700 2646 1865 2695 minis·

487 2730 589 2770 tros
608 2723 714 2771 illos
732 2722 782 2770 in
798 2722 1028 2786 opinione
1047 2723 1126 2770 illa
1148 2740 1315 2772 omnes
1332 2724 1497 2782 fuisse,
1517 2722 1865 2771 authoritatem

489 2797 682 2860 quidem
700 2796 973 2845 functiones
990 2798 1256 2860 pastorales
1281 2798 1538 2847 exercendi
1562 2813 1674 2847 cum
1696 2812 1866 2861 supre-

488 2872 622 2911 matu
645 2864 860 2912 ecclesiae
884 2864 1196 2926 conjunctam
1220 2881 1410 2928 semper
1434 2881 1554 2925 esse,
1578 2863 1865 2913 exercitium

488 2947 650 2986 autem
667 2939 780 2987 solis
794 2939 908 2987 viris
931 2940 1204 2988 convenire.
1256 2941 1444 3003 Regina
1461 2956 1578 3004 ergo
1595 2955 1694 2989 non
1717 2938 1863 2987 modo
