1968 3236
401 230 496 273 202
897 239 967 271 DE
995 238 1269 272 clva'rE.

133 372 234 405 CAP.
251 371 382 406 xxv1,
402 351 552 399 tanda
575 352 638 399 sit
661 350 950 409 obedientia,
976 367 1035 398 ex
1067 350 1221 397 literis
1244 351 1363 413 ejuS,
1388 350 1596 398 civitatis
1620 350 1779 414 sigillo

154 425 344 448 *q-d

158 466 203 494 De
216 466 328 504 legibus

159 509 301 539 civilibus.

402 427 621 491 signatis,
639 427 715 474 vel
732 426 988 473 ministerii
1013 426 1116 488 ejus
1136 426 1275 488 signo
1293 425 1487 488 publico
1504 426 1555 473 id
1572 426 1710 473 sciet.

468 503 677 565 Legibus
716 510 766 549 et
793 501 1070 564 legislatore
1107 501 1330 564 cognitis,
1354 508 1506 549 restat
1536 501 1711 560 adhuc,
1738 501 1779 548 si

400 578 529 640 leges
571 577 874 640 obligatoriae
905 577 1085 624 futurae
1118 577 1231 635 sint,
1254 584 1311 624 ut
1340 592 1455 624 vera
1478 576 1780 640 intelligatur

401 669 567 700 earum
612 652 969 714 interpretatio,
1012 651 1062 699 in
1104 667 1200 715 qua
1245 651 1348 699 sola
1393 652 1615 700 consistit
1658 652 1779 715 legis

401 727 622 775 essentia.
692 726 922 790 Ejusdem
946 733 1107 773 autem
1130 741 1352 789 personae
1376 733 1448 774 est
1467 734 1517 774 et
1540 727 1779 790 imperare

401 811 450 850 et
477 803 714 865 imperata
750 818 838 850 sua
872 802 1201 865 interpretari,
1227 801 1327 849 sive
1362 802 1532 865 jubere
1570 810 1619 849 et
1645 803 1780 864 jussa

401 878 657 941 explicare.
728 879 974 941 Interpres
998 893 1114 940 ergo
1146 878 1308 940 legum
1331 878 1546 925 omnium
1581 878 1621 925 is
1650 877 1779 925 solus

399 961 486 1012 est,
513 954 595 1016 qui
620 969 858 1001 summam
890 953 1038 1000 habet
1070 959 1378 1016 potestatem,
1395 960 1480 1001 aut
1506 952 1590 1015 qui
1612 953 1673 1000 ab
1697 953 1780 1001 illo

399 1029 642 1092 acceperit
665 1029 1029 1076 authoritatem.

464 1105 617 1167 Leges
641 1120 807 1151 omnes
831 1104 1025 1167 scriptae
1057 1110 1106 1151 et
1132 1119 1229 1151 non
1264 1103 1458 1166 scriptae
1488 1104 1779 1166 interpreta-

396 1180 529 1227 tione
547 1179 783 1243 indigent.
853 1180 1005 1242 Leges
1018 1185 1220 1237 naturae,
1238 1195 1513 1242 quanquam
1527 1178 1781 1226 intellectu

397 1255 564 1303 faciles
610 1255 706 1302 sint
746 1254 839 1302 illis
881 1254 1091 1317 quidem,
1139 1254 1222 1317 qui
1264 1270 1431 1302 causas
1478 1261 1781 1318 cognoscunt

398 1331 605 1386 alienas;
643 1330 861 1378 difficiles
881 1337 1044 1377 tamen
1063 1337 1177 1377 sunt
1192 1329 1302 1387 illis,
1329 1345 1538 1393 quorum
1562 1329 1779 1392 ipsorum

399 1422 559 1454 causae
597 1413 984 1468 cognoscuntur3
1023 1412 1073 1452 et
1117 1404 1321 1452 fortasse
1358 1405 1523 1468 legum
1563 1404 1779 1452 omnium

399 1481 708 1540 difficillimae,
725 1488 774 1527 et
791 1481 999 1527 maxime
1018 1495 1138 1543 opus
1156 1480 1340 1527 habent
1358 1480 1777 1543 interpretatione.

399 1558 457 1604 In
480 1557 667 1620 legibus
699 1556 905 1619 scriptis,
931 1556 971 1602 si
993 1556 1163 1602 breves
1188 1555 1300 1613 sint,
1329 1555 1472 1602 unius
1495 1562 1780 1614 tamen,aut

398 1632 603 1680 duarum
647 1648 822 1679 vocum
859 1631 1150 1694 ambiguitas
1189 1630 1351 1678 facere
1389 1637 1551 1693 potest
1588 1637 1645 1678 ut
1681 1631 1779 1678 sint

397 1709 615 1756 obscurae
633 1730 644 1763 ;
682 1708 722 1755 si
744 1707 902 1768 longae
927 1707 1040 1764 sint,
1060 1706 1364 1753 obscuriores
1380 1722 1460 1753 eas
1475 1705 1638 1753 reddit
1654 1706 1778 1754 mul-

395 1792 555 1832 tarum
570 1800 744 1832 vocum
767 1782 1072 1846 ambiguitas.
1142 1782 1313 1844 Itaque
1331 1781 1410 1828 lex
1429 1782 1611 1844 scripta
1628 1781 1777 1840 nulla,

396 1860 495 1907 sive
519 1859 683 1906 multis
707 1858 808 1906 sive
830 1858 996 1921 paucis
1027 1857 1186 1904 verbis
1221 1857 1547 1913 contineatur,
1571 1857 1778 1920 intelligi

397 1942 556 1999 potest
579 1934 672 1982 nisi
696 1950 755 1981 ex
777 1934 898 1996 legis
925 1933 1075 1996 ipsius
1105 1933 1260 1980 causis
1284 1932 1536 1987 finalibus;
1573 1948 1778 1995 quarum

397 2026 651 2059 causarum
671 2009 886 2072 cognitio
906 2008 955 2055 in
969 2007 1246 2071 legislatore
1270 2008 1371 2055 solo
1388 2016 1491 2062 est;
1528 2015 1578 2055 et
1602 2007 1671 2054 illi
1687 2007 1779 2055 soli

400 2086 707 2134 difficultates
730 2086 893 2148 legum
915 2084 1128 2146 nodique
1156 2091 1241 2132 aut
1268 2083 1551 2131 extricando
1580 2090 1665 2131 aut
1702 2099 1776 2131 se-

398 2162 554 2210 cando
579 2161 804 2209 solubiles
828 2166 954 2207 sunt.

466 2238 523 2284 In
547 2237 739 2285 civitate
759 2235 1038 2293 constituta,
1054 2234 1217 2298 legum
1233 2241 1420 2282 naturae
1438 2233 1777 2297 interpretatio

398 2329 497 2360 non
530 2329 559 2360 a
594 2311 875 2360 doctoribus
910 2319 960 2357 et
984 2310 1308 2373 'scriptoribus
1339 2309 1533 2357 moralis
1565 2309 1776 2372 philoso-

397 2389 525 2452 phiae
545 2386 834 2451 dependent,
850 2385 936 2433 sed
959 2386 1019 2433 ab
1035 2385 1329 2433 authoritate
1353 2384 1577 2433 civitatis.
1649 2385 1777 2433 Doc-

399 2464 541 2512 trinae
576 2463 771 2527 quidem
799 2477 928 2510 verae
956 2477 1058 2509 esse
1085 2468 1288 2524 possunt
1307 2482 1333 2517 3.
1367 2460 1451 2508 sed
1486 2460 1774 2520 authoritas,

399 2556 496 2587 non
521 2538 714 2596 veritas,
731 2537 850 2585 facit
871 2536 1044 2600 legem.

466 2615 610 2678 Legis
633 2614 962 2677 cujuscunque
996 2611 1232 2660 naturalis
1267 2611 1608 2675 interpretatio
1637 2618 1774 2660 recta

398 2690 641 2738 sententia
664 2696 738 2738 est
761 2689 879 2752 ejus,
905 2688 987 2751 qui
1022 2703 1259 2735 summam
1294 2688 1442 2735 habet
1463 2694 1772 2751 potestatem,

397 2766 474 2813 vel
498 2768 616 2829 ejus,
642 2765 724 2829 qui
747 2763 1091 2812 authoritatem
1114 2763 1176 2810 ab
1208 2778 1266 2810 eo
1290 2762 1437 2810 habet
1468 2778 1638 2811 causas
1661 2778 1774 2826 cog-

397 2841 627 2889 noscendi
650 2862 661 2897 ;
698 2840 779 2904 qui
803 2847 921 2888 tunc
944 2839 1308 2902 interpretatur,
1333 2854 1443 2886 cum
1467 2838 1624 2902 legem
1641 2838 1772 2887 facto
