1910 3236
666 245 734 278 DE
764 244 1008 278 HOMINE.
1488 231 1545 282 71

162 356 480 405 ωεῐὶωαῐιῐητ.
552 356 751 414 Contra,
783 355 1057 413 convitiari,
1090 353 1308 412 irridere,
1333 353 1554 401 miseres-
1617 376 1719 408 CAp,
1736 376 1784 412 x,

162 448 289 491 cere,
315 433 606 480 inhonorare
628 441 718 480 est.
1572 429 1842 507 Dm&

231 508 392 557 Quem
421 508 713 570 alloquimur
732 506 1052 565 considerate,
1078 521 1226 570 quem
1257 504 1448 553 adimus
1472 503 1554 551 de·
1570 513 1840 547 121tate‚eth0u0re-

163 599 277 631 core
295 583 657 646 humiliterque,
676 583 973 630 honoramus
991 603 1002 637 3
1027 598 1141 629 nam
1159 581 1300 644 signa
1315 580 1422 628 haec
1439 587 1555 628 sunt

162 659 375 708 nolentis
406 659 678 722 displicere.
750 659 952 716 Contra,
976 665 1161 706 temere
1184 657 1381 720 alloqui,
1407 656 1556 704 etiam

163 735 475 799 impudenter
489 735 565 782 vel
580 735 791 798 turpiter
807 751 968 782 coram
985 749 1146 797 agere,
1156 733 1450 781 inhonorare
1466 739 1553 779 est.

233 810 459 869 Credere,
479 810 647 869 fidere,
667 810 954 858 honorantis
979 818 1054 857 est
1071 830 1082 864 ;
1122 809 1316 872 signum
1335 808 1467 856 enim
1482 815 1556 855 est

162 887 434 951 potentiam
459 887 786 934 attribuentis.

237 963 505 1011 Consilium
547 963 752 1024 alicujus
788 962 865 1009 vel
902 976 1176 1009 sermonem
1214 975 1556 1023 quemcunque

164 1039 457 1097 auscultare,
482 1039 769 1086 honorantis
795 1045 896 1085 est:
935 1037 1129 1100 signum
1170 1036 1300 1084 enim
1333 1045 1408 1083 est
1442 1051 1557 1098 pru-

166 1116 384 1165 dentiam
399 1116 476 1163 vel
499 1115 751 1178 ingenium
771 1114 849 1162 vel
873 1113 1203 1176 eloquentiam
1226 1111 1557 1160 attribuentis.

167 1193 365 1240 Interea
388 1191 615 1250 dormire,
640 1190 787 1248 exire,
811 1189 1089 1252 interloqui,
1111 1188 1428 1236 contrarium.

234 1269 306 1316 Ea
327 1268 489 1315 facere
508 1267 652 1315 alicui
672 1282 779 1329 quae
802 1281 892 1329 pro
912 1264 1066 1327 signis
1089 1264 1288 1311 honoris
1308 1263 1412 1326 ipse
1436 1262 1562 1310 acci-

167 1344 256 1407 pit,
281 1344 358 1391 vel
386 1359 445 1391 ea
473 1359 582 1406 quae
616 1343 696 1390 lex
728 1349 813 1389 aut
845 1340 1148 1388 consuetudo
1183 1340 1385 1388 honoris
1423 1339 1563 1402 signa

168 1420 356 1479 statuit,
381 1419 668 1467 honorantis
692 1426 799 1472 est;
837 1416 954 1480 quia
983 1416 1221 1463 honorem
1254 1415 1314 1463 ab
1347 1414 1452 1462 aliis
1491 1415 1561 1462 illi

167 1495 391 1543 habitum
418 1494 691 1541 confirmat.
1423 1484 1432 1494 ἃ

236 1570 294 1618 In
318 1569 630 1633 opinionibus
654 1568 947 1627 consentire,
962 1566 1251 1615 honorantis
1276 1574 1350 1614 est
1370 1587 1382 1622 ;
1408 1574 1465 1614 ut
1484 1567 1563 1630 ju-

169 1646 352 1694 dicium
367 1654 417 1693 et
435 1645 723 1708 sapientiam
739 1645 842 1708 ejus
857 1643 1238 1707 comprobantis.
1274 1642 1562 1702 Dissentire,

169 1721 469 1770 contrarium
494 1729 570 1769 est
591 1743 602 1776 ;
640 1728 810 1783 utpote
843 1719 1038 1778 erroriS,
1063 1718 1141 1766 vel
1165 1719 1206 1766 si
1230 1718 1463 1767 dissentio
1501 1718 1565 1766 sit

168 1799 219 1846 in
243 1798 409 1846 multis
432 1798 593 1856 rebus,
619 1797 838 1845 stultitiae
862 1794 1193 1860 exprobratio.

237 1874 441 1932 Imitari,
466 1873 753 1921 honorantis
785 1880 894 1927 est;
930 1879 986 1919 ut
1019 1887 1129 1935 quae
1166 1877 1240 1918 est
1274 1869 1563 1934 approbatio

169 1950 446 1998 vehemens.

238 2026 498 2074 Honorare
517 2041 639 2088 quos
659 2024 766 2088 quis
785 2024 1010 2082 honorat,
1029 2023 1271 2071 honorare
1289 2023 1449 2086 ipsum
1467 2028 1562 2076 est;

170 2117 347 2165 nempe
365 2100 539 2165 judicii
563 2101 667 2163 ejus
691 2098 993 2163 approbatio.

238 2178 402 2241 Opera
437 2176 640 2239 alicujus
674 2176 764 2234 uti,
800 2175 852 2223 in
893 2173 1131 2238 capiendo
1170 2172 1373 2222 consilio
1404 2172 1482 2220 vel
1512 2172 1564 2219 in

172 2253 317 2301 rebus
341 2252 522 2310 arduis,
546 2251 835 2299 honorantis
866 2257 968 2305 est;
1003 2257 1061 2298 ut
1091 2249 1346 2313 sapientiae
1368 2248 1445 2296 vel
1476 2263 1565 2310 po-

173 2329 342 2378 tentiae
366 2330 470 2391 ejus
494 2327 696 2391 agnitio.

241 2405 405 2468 Atque
429 2403 533 2450 haec
556 2402 757 2450 honoris
776 2401 931 2465 signa,
946 2409 1054 2448 tum
1076 2401 1129 2449 in
1153 2400 1432 2448 civitatibus
1457 2406 1564 2446 tum

174 2490 328 2539 extra,
353 2478 612 2527 naturalia
636 2485 766 2525 sunt.
838 2477 896 2525 In
910 2476 1189 2524 civitatibus
1212 2483 1392 2533 autem,
1415 2474 1500 2522 ubi
1524 2474 1565 2522 is

174 2556 252 2605 vel
275 2555 324 2614 ii,
341 2555 424 2618 qui
442 2554 626 2602 habent
643 2552 990 2601 authoritatem
1009 2552 1150 2615 signa
1164 2551 1364 2599 honoris
1383 2549 1566 2598 consti-

174 2631 346 2680 tuendi
369 2645 674 2694 quaecunque
689 2629 876 2688 volunt,
892 2628 975 2677 alii
990 2636 1105 2675 sunt
1121 2625 1395 2676 honorandi
1414 2625 1563 2672 modi.

245 2706 432 2754 Civitas
468 2706 626 2754 civem
661 2705 873 2753 honorat
906 2702 1232 2768 impertiendo
1268 2701 1466 2749 titulum
1488 2700 1566 2748 vel

176 2782 479 2847 provinciam
502 2782 580 2830 vel
613 2782 870 2845 negotium
902 2779 1244 2844 quodcunque,
1269 2777 1311 2825 si
1333 2775 1455 2824 illud
1476 2775 1565 2824 ho-

177 2858 310 2906 noris
332 2857 526 2920 signum
555 2873 660 2905 esse
692 2856 1016 2904 constituerit.
1088 2852 1456 2902 Mardochaeum
1479 2867 1565 2899 rex
