1910 3236
709 260 780 293 nn
808 260 1047 294 nomm.
1475 247 1565 290 123

678 534 891 582 CAPUT
926 533 1061 581 XVI.

512 651 572 683 DE
600 651 822 682 PERSONIS
848 651 908 682 ET
932 648 1248 681 AUTnoRlBUS.

194 741 454 791 PRRSONA
479 746 553 787 est
576 739 620 786 is
638 738 724 802 qui
739 754 827 785 suo
846 737 925 785 vel
940 736 1102 784 alieno
1120 735 1307 784 nomine
1321 750 1405 782 res
1422 733 1538 799 agit
1551 751 1568 782 .·
1594 748 1703 781 zen.
1721 749 1819 781 Χνι.

194 817 236 866 si
253 832 357 874 suo,
371 831 579 879 persona
587 814 825 879 propria,
845 814 946 860 sive
960 812 1193 860 naturalis
1208 819 1283 859 est
1303 833 1314 867 ;
1339 811 1379 859 si
1396 810 1571 869 alieno,
1626 802 1814 873 ζ’*ϋ

194 908 402 957 persona
420 898 494 940 est
509 891 773 954 ejus,cujus
791 889 986 937 nomine
1005 889 1121 951 agit,
1138 885 1571 952 reproesentativa.
1625 893 1637 917 ²
1649 887 1831 917 ⁸¹¹²h⁰¹ib¹²⁵·

197 969 457 1018 Personam
476 967 633 1015 Graeci
656 973 833 1013 vocant
855 974 1066 1022 πρόσωπον,
1087 964 1218 1027 quod
1239 962 1482 1026 significat
1502 961 1615 1041 fg)

196 1044 321 1093 ciem
355 1042 564 1091 hominis
598 1041 885 1089 naturalem.
957 1039 1056 1088 Sed
1089 1056 1119 1088 a
1152 1038 1337 1088 Latinis
1369 1039 1606 1101 persona*

196 1118 587 1182 frequentissime
628 1117 835 1164 sumitur
874 1131 964 1179 pro
998 1115 1122 1163 facie
1163 1114 1352 1172 fictitia,
1382 1129 1492 1177 quae
1527 1120 1578 1160 et

197 1194 344 1244 larva
362 1194 557 1251 dicitur,
576 1193 707 1256 quali
721 1193 983 1240 utebantur
1005 1191 1057 1239 in
1079 1190 1283 1239 theatris
1301 1189 1578 1237 histriones.

198 1272 244 1319 A
268 1270 460 1319 theatro
484 1278 647 1318 autem
671 1269 722 1315 in
746 1268 906 1316 forum
931 1266 1168 1315 translata
1191 1274 1281 1324 est,
1305 1265 1452 1313 etiam
1475 1264 1578 1312 sine

199 1346 365 1401 larva;
413 1344 536 1392 adeo
575 1351 631 1392 ut
669 1359 891 1407 persona,
927 1351 1032 1390 tum
1068 1342 1119 1389 in
1154 1342 1345 1389 theatro
1382 1350 1488 1388 tum
1528 1339 1580 1387 in

198 1420 321 1478 foro,
362 1419 491 1468 idem
527 1419 823 1482 significaret
862 1418 994 1482 quod
1026 1425 1163 1466 actor
1184 1438 1196 1472 ;
1239 1425 1290 1465 et
1324 1432 1581 1480 personam

197 1496 402 1559 alicujus
426 1510 598 1558 gerere
622 1503 708 1541 aut
730 1494 968 1542 sustinere
992 1493 1237 1541 diceretur
1267 1493 1363 1551 ille,
1388 1492 1471 1555 qui
1494 1508 1583 1540 no-

199 1571 330 1620 mine
361 1572 708 1634 cujuscunque,
745 1570 838 1617 etsi
874 1569 979 1617 sine
1012 1569 1162 1627 larva,
1200 1575 1363 1632 partes
1399 1575 1582 1631 ageret.

200 1648 364 1710 Atque
388 1662 446 1694 eo
481 1662 626 1694 sensu
647 1646 802 1694 utitur
824 1645 1062 1694 vocabulo
1084 1659 1303 1709 persona
1327 1644 1499 1692 Cicero
1522 1643 1586 1691 ad

205 1722 442 1779 Atticum,
460 1721 545 1769 ubi
559 1720 694 1779 dicit,
710 1736 832 1768 unus
847 1720 1064 1768 sustineo
1080 1726 1185 1767 tres
1194 1734 1462 1784 personas,
1474 1717 1584 1777 mei,

195 1794 408 1861 judicis,
443 1802 493 1844 et
528 1795 830 1844 adversarii.
901 1796 1071 1858 Itaque
1095 1794 1332 1858 deputati,
1356 1810 1587 1858 procura-

206 1881 354 1932 tores,
376 1887 624 1936 proteges,
648 1871 827 1935 aliique
845 1871 929 1934 qui
948 1870 1154 1918 aliorum
1167 1870 1366 1934 negotia
1382 1869 1585 1928 faciunt,

209 1964 378 1999 eorum
399 1963 622 2011 personae
645 1955 760 1995 sunt
782 1945 1209 2010 repraesentativae.

274 2024 437 2071 Verba
459 2031 510 2070 et
531 2022 662 2071 facta
682 2021 1138 2086 repraesentantium
1172 2021 1234 2070 ab
1268 2021 1342 2080 iis,
1369 2037 1490 2084 quos
1513 2037 1588 2070 re-

210 2106 524 2164 pmenmnt,
548 2098 809 2162 aliquando
832 2114 923 2162 pro
947 2097 1045 2146 suis
1068 2105 1431 2161 agnoscuntur3
1467 2105 1588 2146 tunc

209 2182 375 2223 autem
409 2180 763 2238 repraesentans
803 2181 955 2232 actor,
997 2180 1372 2237 repraesentatus
1411 2173 1590 2221 author

212 2250 408 2309 dicitur,
430 2258 487 2298 ut
510 2250 648 2313 cujus
671 2249 968 2298 authoritate
991 2257 1128 2298 actor
1149 2249 1265 2312 agit.
1304 2248 1403 2297 Qui
1426 2256 1591 2296 autem

212 2327 264 2376 in
288 2326 558 2391 quaestione
581 2325 642 2374 de
665 2325 807 2374 bonis
830 2332 882 2373 et
914 2325 1314 2388 possessionibus,
1351 2323 1591 2381 dominus,

212 2403 265 2451 in
287 2401 555 2465 quaestione
577 2401 639 2450 de
662 2401 823 2450 verbis
846 2409 898 2450 et
920 2401 1209 2459 actionibus,
1234 2400 1410 2449 author
1428 2398 1593 2462 appel-

211 2477 370 2526 latur:
406 2485 458 2525 et
479 2484 536 2524 ut
564 2478 645 2540 jus
668 2476 881 2525 habendi
904 2475 1187 2534 dominium,
1211 2476 1280 2524 ita
1308 2476 1388 2538 jus
1418 2474 1594 2538 agendi

215 2552 484 2602 authoritas
507 2551 702 2601 dicitur.

285 2628 338 2676 Si
371 2643 488 2691 ergo
523 2635 662 2675 actor
694 2627 969 2690 paciscatur
1001 2642 1090 2689 per
1123 2625 1471 2674 authoritatem
1503 2624 1594 2672 sibi

220 2703 400 2762 datam,
424 2702 681 2751 authorem
703 2702 887 2766 obligat
903 2709 953 2750 et
968 2702 1100 2765 pacti
1118 2699 1474 2763 consequentiis
1491 2715 1595 2748 om-

219 2779 362 2827 nibus
392 2777 603 2840 subjicit,
629 2787 862 2841 tanquam
893 2777 934 2825 si
960 2777 1009 2824 in
1043 2792 1251 2840 persona
1283 2791 1370 2823 sua
1399 2775 1598 2839 propria

221 2863 394 2918 pactus
409 2861 550 2901 esset.
609 2853 786 2902 Omnia
804 2868 936 2915 ergo,
954 2868 1061 2915 quae
1077 2851 1136 2900 de
1151 2857 1326 2899 natura
1343 2858 1597 2914 pactorum
