1968 3236
456 240 528 274 nn
556 239 811 274 civium
839 240 1194 274 camsi-mim.
1418 231 1514 275 435

133 358 220 420 20)
241 376 253 406 :
285 356 423 416 Filii,
443 357 637 405 obedite
658 357 959 421 parentibus
982 358 1163 405 vestris
1187 357 1236 405 in
1259 356 1477 405 omnibus
1495 375 1515 412 ;
1533 373 1636 405 cAP.
1661 373 1794 406 xmu.

133 440 183 482 et
198 432 361 482 locum
377 432 524 480 habet
539 442 836 495 praeceptum
855 433 1125 480 Servatoris
1142 432 1297 480 nostri
1315 432 1513 493 (Matth.
1533 427 1799 504 nem„-

131 508 265 557 xxiii.
280 515 328 567 2,
345 510 395 567 3)
420 526 431 555 :
459 507 646 554 Scriboe
661 514 709 555 et
731 507 984 554 Plenre'scei
1001 508 1176 555 sedent
1202 507 1250 555 in
1270 507 1514 555 cathedra
1532 510 1799 582 fffflfffissmoess·

132 583 331 638 Mosi8;
366 583 525 630 omnia
559 599 683 647 ergo
718 600 827 647 qnoe
859 583 1038 641 (licent,
1063 583 1321 631 observate
1345 590 1395 630 et
1415 583 1515 647 fa·
1531 597 1785 627 suntne->eustin-

132 657 246 707 cite.
316 659 402 707 Sin
426 659 557 722 quod
582 660 847 721 imperatur
870 659 965 706 tale
991 659 1068 717 sit,
1096 668 1148 707 ut
1183 659 1286 707 sine
1318 659 1516 708 damna-

132 733 265 782 tione
287 734 351 782 ad
383 743 589 782 mortem
622 742 855 781 aeternam
892 734 1088 781 obedire
1128 750 1226 782 non
1259 735 1512 798 possimus,

132 818 252 858 tunc
282 810 480 858 obedire
517 810 652 857 furor
692 819 833 857 esset.
905 809 1171 857 Consilium
1190 825 1306 873 ergo
1341 811 1513 858 Serva-

130 885 251 934 toris
274 885 426 933 nostri
450 885 612 932 locum
637 885 784 932 habet
811 885 1010 944 (Matth.
1028 902 1073 932 x.
1091 888 1173 945 28)
1193 904 1203 931 :
1243 885 1324 932 Ne
1346 886 1514 934 timete

131 976 232 1019 eos,
246 961 332 1025 qui
355 961 585 1008 occidunt
609 976 805 1024 corpu-9,
825 961 918 1007 sed
939 960 1148 1007 animam
1166 960 1396 1008 occidere
1419 976 1513 1008 non

123 1043 352 1102 possunt.
407 1036 698 1098 Quicunque
725 1051 841 1098 ergo
866 1043 970 1082 tum
988 1051 1155 1098 poenas
1180 1035 1322 1098 hujus
1345 1035 1514 1083 mundi

130 1119 333 1175 propter
374 1111 685 1159 violationem
722 1110 885 1173 legum
931 1110 1160 1174 (ti-tilium,
1201 1121 1305 1157 tum
1346 1127 1513 1174 poenas

130 1186 302 1235 mundi
341 1186 535 1234 venturi
572 1194 771 1249 propter
817 1176 1172 1233 contumaciam
1207 1201 1322 1249 erga
1357 1186 1514 1233 Deum

0 1262 9 1327 ξ
133 1261 339 1321 debitas,
372 1262 585 1324 effugere
623 1261 843 1324 cupiunt,
877 1277 997 1326 opus
1034 1261 1214 1308 habent
1250 1269 1306 1309 ut
1343 1261 1512 1309 distin-

0 1341 11 1421 'f
130 1353 281 1400 gnere
305 1353 413 1400 quae
437 1337 535 1384 sint
558 1336 842 1395 necessaria,
868 1345 917 1384 et
949 1353 1057 1399 quae
1092 1353 1191 1384 non
1226 1337 1324 1384 sint
1347 1352 1514 1384 neces-

1 1427 5 1429 ·
134 1412 263 1461 saria
285 1412 348 1460 ad
372 1413 627 1460 introitum
653 1412 702 1459 in
727 1428 932 1475 regnum
956 1412 1205 1469 coelorum,
1226 1411 1511 1460 doceantur.

200 1489 325 1538 Quae
344 1488 407 1536 ad
430 1488 636 1536 salutem
670 1498 903 1536 aeternam
938 1488 1209 1536 necessaria
1241 1496 1368 1546 sunt,
1394 1487 1512 1535 dua-

131 1564 223 1613 bus
258 1564 520 1612 virtutibus
562 1564 890 1622 continentur,
916 1563 1032 1625 fide
1065 1563 1117 1611 in
1159 1563 1422 1621 Christum,
1464 1571 1515 1610 et

132 1639 418 1688 obedientia
459 1639 648 1703 legibus
678 1639 912 1703 praestita.
982 1639 1228 1687 Posterior
1262 1639 1449 1697 harum,
1474 1638 1515 1686 si

130 1715 350 1780 perfecta
382 1723 525 1772 esset,
550 1715 654 1763 sola
684 1714 941 1762 sufficeret.
1012 1714 1254 1762 Caeterum
1285 1714 1514 1777 quoniam

133 1791 204 1839 rei
226 1807 392 1839 sumus
416 1807 583 1839 omnes
607 1790 928 1838 contumaciae
952 1790 1002 1837 in
1027 1789 1200 1848 Deum,
1225 1806 1325 1838 non
1359 1789 1515 1837 solum

134 1866 438 1930 originaliter
483 1866 544 1913 ab
587 1865 792 1924 Adamo,
837 1865 923 1913 sed
963 1865 1110 1913 etiam
1155 1874 1270 1913 actu
1315 1874 1515 1928 propter

135 1942 543 2006 transgressiones
578 1942 817 2006 proprias,
843 1958 963 2005 opus
987 1957 1118 1988 nunc
1142 1940 1390 1998 habemus,
1415 1957 1515 1988 non

135 2017 293 2066 solum
328 2026 384 2065 ut
414 2033 504 2081 pro
543 2018 730 2082 reliquo
766 2028 985 2081 tempore
1031 2016 1314 2064 obediente-5
1349 2015 1515 2072 simus,

135 2092 223 2140 sed
243 2092 391 2140 etiam
413 2101 469 2140 ut
491 2102 694 2156 peccata
719 2093 972 2157 praeterita
1007 2092 1147 2140 nobis
1181 2091 1512 2138 remittantur.

140 2166 287 2217 Quod
322 2175 484 2215 autem
520 2167 583 2215 ad
622 2169 827 2216 salutem
867 2167 984 2215 nihil
1022 2167 1154 2215 aliud
1190 2166 1515 2214 necessarium

138 2242 218 2300 sit,
236 2258 295 2290 ex
319 2258 378 2291 eo
400 2243 710 2306 perspicuum
733 2251 822 2301 est,
843 2243 975 2306 quod
996 2258 1199 2305 regnum
1219 2241 1309 2288 Dei
1333 2241 1514 2288 nemini

140 2317 357 2366 clausum
388 2317 453 2364 sit
482 2326 807 2381 praeterquam
838 2318 1002 2382 legum
1045 2316 1513 2380 transgressoribus3

138 2408 297 2456 neque
332 2391 440 2451 illis,
466 2392 506 2440 si
530 2392 831 2456 resipiscant,
856 2402 905 2441 et
929 2393 1218 2441 Christianae
1254 2390 1367 2437 fidei
1400 2391 1517 2438 arti-

139 2467 274 2516 culos
296 2467 356 2515 ad
383 2467 588 2515 salutem
611 2469 905 2517 necessarios
928 2484 1095 2516 omnes
1120 2466 1336 2515 credant.

188 2542 355 2592 ’Quod
390 2542 455 2590 ad
487 2543 814 2592 obedientiam
847 2545 1040 2603 attinet,
1081 2543 1286 2605 amplius
1322 2557 1352 2589 a
1396 2541 1516 2598 Deo,

140 2617 224 2681 qui
253 2617 551 2665 voluntatem
587 2634 678 2682 pro
714 2635 860 2682 opere
896 2619 1117 2683 accipere
1157 2616 1393 2681 promisit,
1418 2632 1517 2664 non

139 2691 429 2757 postulatur,
466 2708 613 2756 quam
658 2693 916 2742 obediendi
963 2704 1165 2742 conatus
1210 2692 1378 2739 serius.
1453 2692 1517 2740 Et

140 2777 414 2832 propterea,
429 2768 706 2817 obedientia
726 2785 1055 2833 saepenumero
1079 2769 1168 2816 sub
1192 2767 1386 2815 nomine
1404 2766 1519 2814 cha-

141 2843 317 2891 ritatis
337 2850 387 2890 et
405 2841 688 2891 dilectionis
705 2844 1100 2893 commendatur:
1126 2842 1368 2906 significat
1389 2841 1519 2889 enim

1235 2931 1365 2965 1‘1‘2
