1968 3236
738 208 806 240 m:
834 206 1107 242 civium.
1526 190 1616 243 197

309 319 485 382 Legem
511 319 661 381 igitur
675 319 863 367 civilem
880 321 947 367 sic
963 319 1140 367 definio
1158 337 1168 366 :
1207 318 1314 366 Leae
1334 314 1497 365 civilis
1511 316 1610 363 uni·
1637 333 1737 366 ων.
1754 332 1886 365 xxvi.

243 394 416 458 cuique
432 395 526 442 civi
549 402 624 441 est
647 395 827 458 regala
847 412 943 459 qua
963 396 1157 453 civitas,
1173 393 1318 442 verbo
1333 392 1411 441 vel
1423 392 1615 456 scripto
1675 387 1858 461 m

241 468 321 516 vel
341 469 443 516 alio
467 486 748 533 quocunque
771 470 1036 517 voluntati-s·
1060 470 1204 534 Signo
1224 468 1412 527 idoneo,
1431 467 1504 515 ad
1518 466 1619 515 dis·
1674 469 1814 499 cifflibm·

244 543 523 592 tinctionem
549 545 660 591 boui
683 552 732 592 et
758 545 875 592 mali
898 546 970 592 uti
996 546 1222 609 imperat.

311 620 365 667 In
408 636 503 682 qua
540 620 820 667 definitione
860 620 1073 682 ambigui
1118 619 1237 667 nihil
1278 627 1367 666 est.
1437 618 1619 680 Legum

244 703 424 752 autem,
449 695 543 742 alia
572 695 756 743 civibus
795 695 1026 742 statuitur
1059 694 1321 745 universis:
1357 693 1452 741 alia
1475 691 1623 740 certis

242 770 503 833 provinciis
521 791 532 824 ;
567 770 660 816 alia
675 777 808 817 certo
823 770 1072 817 hominum
1088 769 1254 832 generi
1274 789 1285 823 ;
1322 769 1416 816 alia
1434 768 1620 815 homini

244 845 535 909 quandoque
577 846 822 908 singulari.
894 846 1082 894 Quibus
1115 853 1279 893 autem
1301 845 1379 893 lex
1402 845 1619 908 ponitur,

243 919 337 967 illis
355 921 468 968 solis
492 921 568 967 lex
593 929 681 968 est.
752 921 922 984 Neque
946 922 1178 984 injustum
1202 921 1321 968 facit
1346 921 1617 984 quisquam,

245 996 374 1058 quod
411 1012 509 1043 non
543 997 606 1043 sit
647 1004 817 1043 contra
853 997 1008 1060 legem
1050 998 1242 1044 sibimet
1270 997 1362 1060 ipsi
1395 997 1625 1060 positam.

246 1071 391 1119 Quod
415 1078 576 1118 autem
600 1072 749 1134 signis
765 1072 950 1119 idoneis
975 1072 1211 1119 declarari
1228 1088 1286 1119 ex
1313 1072 1433 1135 legis
1451 1079 1629 1119 natura

245 1145 418 1194 debeat
455 1147 547 1202 lex,
589 1147 894 1195 manifestum
933 1164 992 1195 ex
1028 1163 1086 1195 eo
1123 1156 1211 1206 est,
1239 1147 1372 1211 quod
1396 1147 1628 1210 injustum

246 1222 367 1270 nihil
393 1229 466 1269 est
490 1222 621 1285 quod
659 1238 756 1270 non
794 1223 856 1270 sit
892 1223 1208 1285 transgressio
1245 1223 1450 1285 alicujus
1491 1222 1626 1286 legis.

247 1297 493 1360 Quicquid
538 1313 654 1360 ergo
700 1313 730 1344 a
776 1298 1056 1345 definitione
1101 1297 1193 1345 hac
1238 1298 1407 1345 inferri
1448 1306 1626 1361 potest,

244 1374 410 1436 negari
452 1389 550 1420 non
575 1373 717 1420 debet
742 1373 857 1436 quin
883 1373 945 1420 sit
985 1389 1168 1420 verum.
1239 1373 1402 1420 Infero
1444 1381 1623 1430 autem,

245 1448 419 1511 primo,
445 1448 769 1510 legislatorem
794 1449 842 1495 in
868 1449 1000 1496 omni
1031 1449 1227 1496 civitate
1251 1465 1362 1496 eum
1382 1444 1500 1504 esse,
1526 1449 1626 1496 sive

246 1522 393 1570 homo
417 1523 517 1570 sive
533 1531 686 1571 coetus
705 1524 783 1581 sit,
804 1524 886 1586 qui
906 1540 1141 1572 summam
1156 1525 1304 1572 habet
1318 1532 1624 1588 potestatem.

245 1598 467 1646 Civitatis
492 1599 619 1646 enim
644 1599 791 1646 solius
817 1607 890 1646 est
912 1600 1227 1663 praeseribere
1252 1601 1439 1647 civibus
1478 1600 1625 1663 leges.

246 1673 336 1721 Illa
371 1682 533 1721 autem
564 1690 722 1737 neque
745 1675 1058 1737 praescribere
1080 1691 1238 1738 neque
1263 1675 1424 1723 dicere
1448 1683 1532 1723 aut
1554 1675 1627 1723 fa-

244 1764 354 1797 eere
370 1750 625 1812 quicquam
642 1757 819 1813 potest,
842 1750 935 1797 nisi
950 1766 1036 1813 per
1049 1766 1305 1814 personam
1322 1752 1440 1815 ejus,
1461 1751 1512 1799 id
1536 1759 1625 1808 est,

243 1840 332 1888 per
353 1825 487 1872 illum
512 1825 594 1888 qui
619 1840 857 1872 summam
881 1825 1029 1874 habet
1060 1833 1366 1888 potestatem.
1439 1827 1485 1873 Is
1509 1842 1625 1889 ergo

243 1899 490 1963 legislator
503 1901 632 1947 solus
652 1908 737 1948 est.
764 1901 839 1948 Ob
856 1901 1059 1948 eandem
1075 1902 1313 1949 rationem
1332 1902 1462 1949 solus
1479 1901 1624 1948 etiam

243 1974 401 2038 legem
425 1976 659 2038 abrogare
682 1983 844 2038 potest
866 1996 877 2029 ;
924 1976 1038 2039 quia
1060 1976 1137 2024 lex
1159 1977 1383 2040 abrogari
1416 1993 1515 2025 non
1538 1993 1624 2040 po-

246 2058 341 2098 test
363 2050 457 2098 nisi
473 2066 561 2113 per
582 2050 725 2098 aliam
748 2050 921 2113 legem.

313 2126 553 2183 Secundo,
562 2126 602 2174 is
618 2126 700 2189 qui
716 2126 866 2173 habet
879 2142 1115 2174 summam
1129 2134 1420 2190 potestatem
1437 2126 1623 2190 legibus

246 2200 464 2249 civilibus
499 2217 598 2248 non
639 2200 907 2263 subjicitur.
973 2201 1095 2249 Cum
1132 2202 1260 2249 enim
1295 2202 1496 2249 arbitrio
1537 2217 1623 2249 suo

245 2276 376 2340 leges
392 2286 442 2324 et
458 2277 576 2324 facit
599 2285 647 2325 et
670 2277 888 2340 abrogat,
912 2283 1091 2340 potest,
1111 2277 1300 2340 quoties
1322 2277 1477 2325 visum
1515 2276 1622 2334 erit,

247 2352 545 2415 subjectione
580 2352 663 2399 illa
701 2360 751 2399 et
787 2352 1009 2400 molestia
1049 2368 1100 2400 se
1144 2353 1349 2400 liberare
1376 2372 1387 2399 ι
1436 2352 1623 2415 legibus

248 2443 364 2491 ergo
404 2436 518 2476 ante
564 2428 750 2475 solutus
795 2437 915 2475 erat.
985 2428 1145 2475 Liberi
1195 2429 1323 2476 enim
1370 2435 1498 2484 sunt,
1540 2427 1622 2489 qui

249 2503 441 2567 quando
463 2503 636 2551 volunt
660 2519 778 2561 esse,
798 2511 1028 2567 possunt;
1063 2519 1155 2551 nec
1184 2511 1345 2566 potest
1368 2502 1622 2566 quisquam

249 2578 340 2626 sibi
362 2578 454 2642 ipsi
488 2578 720 2642 obligari;
756 2579 870 2642 quia
893 2579 975 2642 qui
1010 2578 1242 2642 obligare,
1266 2578 1394 2626 idem
1417 2578 1622 2624 liberare

247 2661 424 2716 potest.

312 2727 494 2786 Tertio,
531 2728 725 2792 quando
765 2728 1063 2776 consuetudo
1102 2728 1249 2791 longa
1277 2728 1376 2774 vim
1406 2725 1619 2774 obtinuit

247 2800 382 2866 legiS,
408 2818 503 2851 non
527 2819 556 2850 a
576 2802 878 2866 longitudine
909 2803 1140 2866 temporis
1171 2803 1268 2850 vim
1297 2802 1417 2865 legis
1453 2801 1618 2859 habet,
