1968 3236
524 258 595 293 οε
622 257 880 292 CIVITATB
908 254 1264 290 cums‘ruNA.
1462 272 1467 277 -
1494 242 1591 286 295

201 373 381 430 citant,
412 371 505 419 huc
538 376 790 428 venerunt,
815 386 939 434 quos
974 366 1200 431 succepit
1235 365 1412 424 Jason,
1447 370 1498 412 et
1538 364 1592 411 1ιί
1609 384 1712 416 ομ»,
1727 383 1877 416 xxxv,

201 464 366 497 onnes
412 453 590 495 contra
638 446 845 493 decreta
896 444 1115 492 Caesaris
1141 442 1373 503 faciunt,
1420 456 1589 504 regem
1611 439 1878 515 „emm

203 522 356 572 alium
381 522 598 570 dicentis
621 538 731 568 esse
755 520 941 567 lesum.
1012 519 1239 582 Regnum
1269 532 1388 580 ergo
1424 515 1517 563 Dei
1540 515 1591 562 in
1609 513 1879 572 iussc'ripturhsv

205 598 486 662 Scripturis,
506 596 721 660 propria,
747 612 846 643 non
879 593 1213 657 metaphorica
1236 590 1591 655 significatione
1607 574 1674 636 22⁸1
1683 564 1878 645 3⁸3¹&

205 673 401 724 dicitur.
471 673 624 735 quue
659 679 949 734 agnoscunt,
985 669 1261 732 quicunque
1295 667 1347 714 in
1371 665 1592 714 oratione
1607 655 1879 724 0⁸2quss

207 748 466 799 Dominica
501 748 702 795 dicunt:
739 753 870 793 tuum
906 751 982 792 est
1012 759 1237 808 regnum,
1256 741 1507 807 potentia,
1543 747 1594 788 et

201 823 396 889 gloria.
448 823 585 871 Idem
610 823 930 870 confirmatur
954 837 983 869 a
1006 818 1359 884 praedicatione
1381 818 1597 881 Aposto-

205 899 382 958 lorum,
408 899 789 963 appropinquat
815 913 1022 960 regnum
1038 894 1272 943 coelorum
1291 912 1309 948 ;
1335 900 1385 941 et
1407 893 1469 940 ab
1493 908 1599 940 om-

205 975 349 1024 nibus
390 973 678 1023 Christianis
723 972 1055 1036 precantibus,
1107 969 1346 1017 adveniat
1390 984 1598 1032 regnum

208 1057 360 1099 tuum.

275 1125 413 1174 Idem
447 1123 791 1173 confirmantia
824 1123 934 1170 loca
968 1122 1238 1190 &sripturae
1273 1120 1439 1168 Sacrae
1472 1117 1598 1167 adeo

207 1200 364 1248 multa
386 1207 516 1258 sunt,
542 1208 598 1247 ut
623 1198 756 1262 quod
778 1196 1119 1260 interpretatio
1142 1194 1390 1243 contraria
1412 1194 1598 1257 recipe-

209 1284 346 1324 retur
379 1275 656 1323 mirandum
691 1283 836 1331 esset,
863 1272 958 1320 nisi
981 1271 1180 1334 regibus
1212 1269 1518 1327 Christianis,
1542 1276 1599 1317 ut

204 1353 319 1415 jura
339 1367 427 1399 sua
451 1351 502 1398 in
526 1349 741 1413 regenda
759 1348 963 1397 ecclesia
979 1347 1328 1410 perspicerent,
1346 1345 1506 1392 lucem
1523 1345 1598 1392 ni·-

210 1426 358 1475 miam
381 1425 686 1490 praeferrent.

277 1501 626 1551 Concludimus
665 1516 782 1563 ergo
817 1514 1021 1562 regnum
1053 1498 1144 1546 Dei
1178 1512 1384 1560 regnum
1403 1511 1506 1543 esse
1530 1496 1598 1543 ci-

209 1577 306 1626 vile
323 1599 336 1632 ;
360 1577 572 1641 primum
590 1577 640 1624 in
657 1574 838 1639 populo
854 1574 1142 1630 IsraeliticO,
1161 1573 1246 1620 ubi
1263 1588 1293 1620 a
1307 1572 1447 1619 Mose
1465 1571 1598 1634 leges

211 1652 378 1702 civiles
396 1660 716 1716 receperunt;
754 1659 804 1698 et
827 1666 1084 1714 proregem
1109 1649 1200 1697 Dei
1216 1649 1427 1712 primum
1451 1647 1599 1696 fuisse

211 1727 420 1787 Mosem,
445 1737 494 1776 et
531 1736 642 1792 post
675 1743 788 1775 eum
811 1742 1027 1774 summos
1050 1724 1330 1773 sacerdotes
1364 1724 1598 1787 singulos,

211 1818 370 1867 usque
415 1803 480 1851 ad
518 1811 711 1866 tempus
750 1801 1004 1849 electionis
1045 1800 1174 1864 regis
1222 1799 1354 1857 Saul,
1401 1799 1600 1862 quando

212 1878 451 1928 abolitum
475 1886 582 1932 est;
618 1886 668 1926 et
693 1876 827 1941 quod
856 1876 1194 1940 praedixerunt
1219 1875 1476 1938 Prophetae
1499 1890 1602 1923 res-

214 1953 491 2003 tituendum
514 1969 620 2002 esse
640 1975 653 2008 ;
689 1962 739 2001 et
773 1969 919 2015 quam
952 1952 1315 2000 restitutionem
1338 1967 1368 1998 a
1392 1951 1497 1999 Deo
1521 1967 1603 1999 ro-

216 2044 405 2093 gamus,
421 2030 613 2094 quoties
629 2029 836 2077 dicimus
854 2029 906 2076 in
925 2028 1145 2077 oratione
1159 2026 1432 2083 Dominica,
1453 2026 1602 2074 adve-

218 2103 328 2152 niat
361 2120 566 2169 regnum
605 2111 737 2151 tuum
751 2123 770 2159 ;
806 2113 856 2152 et
895 2105 1034 2167 cujus
1068 2104 1149 2167 jus
1183 2102 1494 2166 agnoscimus
1529 2101 1602 2148 di-

220 2178 393 2237 cendo,
417 2186 548 2227 tuum
570 2187 648 2227 est
671 2197 895 2244 regnum,
907 2179 1157 2244 potentia,
1180 2185 1231 2226 et
1251 2177 1427 2242 gloria
1452 2177 1502 2223 in
1526 2193 1602 2224 se-

220 2252 335 2302 cula
357 2253 631 2303 seculorum
650 2275 668 2310 ,·
704 2263 753 2304 et
776 2256 914 2319 cujus
935 2254 1264 2319 promulgatio
1288 2253 1421 2300 faeta
1443 2259 1517 2300 est
1539 2252 1602 2299 ab

221 2329 468 2393 Apostolis
486 2350 499 2384 ;
523 2338 575 2378 et
591 2330 657 2379 ad
672 2331 803 2394 quod
818 2330 1128 2395 praeparandi
1143 2337 1256 2378 sunt
1275 2328 1496 2376 homines
1515 2343 1604 2390 per

222 2404 477 2468 Evangelii
498 2405 910 2468 praedicationem.
949 2407 1088 2463 Item,
1106 2421 1312 2468 regnum
1331 2403 1438 2460 Dei,
1456 2418 1605 2466 prop-

225 2487 303 2529 ter
325 2478 477 2527 divini
508 2479 673 2528 throni
696 2480 1033 2529 celsitudinem
1058 2481 1244 2529 dictum
1267 2493 1473 2542 regnum
1507 2493 1606 2525 coe-

224 2555 363 2613 leste,
386 2554 429 2603 si
459 2570 490 2603 a
510 2556 797 2619 proregibus
821 2565 872 2605 et
899 2556 1094 2605 vicariis
1129 2555 1228 2603 suis
1264 2553 1607 2602 administran-

227 2630 344 2678 dum
367 2645 467 2678 non
491 2638 619 2679 esset
641 2631 692 2679 in
714 2632 873 2689 terris,
894 2640 1036 2680 tanta
1051 2630 1318 2685 contentio,
1332 2638 1438 2678 tum
1455 2628 1608 2692 scrip-

226 2705 293 2753 tis
316 2713 423 2753 tum
444 2704 590 2764 belle,
614 2715 848 2769 quantam
878 2706 1117 2765 videmuS,
1142 2706 1203 2754 de
1227 2704 1497 2770 quaestione
1520 2719 1610 2767 per

228 2796 375 2844 quem
397 2780 531 2829 Deus
553 2796 643 2830 nos
658 2781 939 2846 alloquitur,
963 2799 1063 2831 non
1085 2782 1289 2836 fuissem
1325 2795 1484 2843 neque
1499 2787 1610 2827 tan-

229 2864 334 2904 tum
369 2870 596 2904 curarum
619 2856 712 2905 sibi
735 2856 986 2906 dedissent
1008 2855 1288 2906 sacerdotes
1314 2855 1446 2904 circa
1462 2853 1610 2918 juris-
