<?xml version="1.0" encoding="UTF-8"?>
<!DOCTYPE html PUBLIC "-//W3C//DTD XHTML 1.0 Transitional//EN"
    "http://www.w3.org/TR/xhtml1/DTD/xhtml1-transitional.dtd">
<html xmlns="http://www.w3.org/1999/xhtml" xml:lang="en" lang="en">
 <head>
  <title>
</title>
<meta http-equiv="Content-Type" content="text/html;charset=utf-8" />
  <meta name='ocr-system' content='tesseract 3.04.00' />
  <meta name='ocr-capabilities' content='ocr_page ocr_carea ocr_par ocr_line ocrx_word'/>
</head>
<body>
  <div class='ocr_page' id='page_1' title='image "./operaphilosophic03hobbuoft_0365.png"; bbox 0 0 1968 3236; ppageno 0'>
   <div class='ocr_carea' id='block_1_1' title="bbox 0 0 22 209">
    <p class='ocr_par' dir='ltr' id='par_1_1' title="bbox 0 0 22 209">
     <span class='ocr_line' id='line_1_1' title="bbox 0 0 22 209; textangle 90"><span class='ocrx_word' id='word_1_1' title='bbox 0 194 7 209; x_wconf 60' lang='lat'>„-</span> <span class='ocrx_word' id='word_1_2' title='bbox 0 161 11 174; x_wconf 62' lang='grc'>’.-</span> <span class='ocrx_word' id='word_1_3' title='bbox 0 0 22 150; x_wconf 56' lang='lat' dir='ltr'>wrm-*nuru</span> 
     </span>
    </p>
   </div>
   <div class='ocr_carea' id='block_1_2' title="bbox 487 236 1545 278">
    <p class='ocr_par' dir='ltr' id='par_1_2' title="bbox 487 236 1545 278">
     <span class='ocr_line' id='line_1_2' title="bbox 487 236 1545 278; baseline 0.001 -1"><span class='ocrx_word' id='word_1_4' title='bbox 487 242 557 277; x_wconf 72' lang='lat' dir='ltr'>on</span> <span class='ocrx_word' id='word_1_5' title='bbox 584 243 841 277; x_wconf 73' lang='grc' dir='ltr'>οινιτΑτΕ</span> <span class='ocrx_word' id='word_1_6' title='bbox 867 244 1224 277; x_wconf 74' lang='lat' dir='ltr'>cnms‘rlANA.</span> <span class='ocrx_word' id='word_1_7' title='bbox 1449 236 1545 278; x_wconf 88' lang='lat'>365</span> 
     </span>
    </p>
   </div>
   <div class='ocr_carea' id='block_1_3' title="bbox 161 354 1807 419">
    <p class='ocr_par' dir='ltr' id='par_1_3' title="bbox 161 354 1807 419">
     <span class='ocr_line' id='line_1_3' title="bbox 161 354 1807 419; baseline -0.001 -14"><span class='ocrx_word' id='word_1_8' title='bbox 161 354 344 419; x_wconf 86' lang='lat' dir='ltr'>gelium</span> <span class='ocrx_word' id='word_1_9' title='bbox 367 357 499 404; x_wconf 89' lang='lat' dir='ltr'>misit</span> <span class='ocrx_word' id='word_1_10' title='bbox 522 357 741 405; x_wconf 90' lang='lat' dir='ltr'>Christus</span> <span class='ocrx_word' id='word_1_11' title='bbox 765 357 827 405; x_wconf 86' lang='lat' dir='ltr'>ad</span> <span class='ocrx_word' id='word_1_12' title='bbox 850 373 949 405; x_wconf 90' lang='lat' dir='ltr'>non</span> <span class='ocrx_word' id='word_1_13' title='bbox 973 356 1246 411; x_wconf 85' lang='lat' dir='ltr'>credentes;</span> <span class='ocrx_word' id='word_1_14' title='bbox 1270 355 1426 404; x_wconf 83' lang='lat' dir='ltr'><em>Mitto</em></span> <span class='ocrx_word' id='word_1_15' title='bbox 1445 372 1545 415; x_wconf 74' lang='lat' dir='ltr'>vos,</span> <span class='ocrx_word' id='word_1_16' title='bbox 1579 381 1681 414; x_wconf 61' lang='lat' dir='ltr'>CAp,</span> <span class='ocrx_word' id='word_1_17' title='bbox 1695 380 1807 414; x_wconf 66' lang='grc' dir='ltr'>χω,</span> 
     </span>
    </p>
   </div>
   <div class='ocr_carea' id='block_1_4' title="bbox 163 430 1556 2910">
    <p class='ocr_par' dir='ltr' id='par_1_4' title="bbox 164 430 1546 571">
     <span class='ocr_line' id='line_1_4' title="bbox 165 430 1546 496; baseline 0.001 -18"><span class='ocrx_word' id='word_1_18' title='bbox 165 430 323 494; x_wconf 92' lang='lat' dir='ltr'>inquit</span> <span class='ocrx_word' id='word_1_19' title='bbox 355 431 550 491; x_wconf 89' lang='lat' dir='ltr'>(Matth.</span> <span class='ocrx_word' id='word_1_20' title='bbox 578 448 622 479; x_wconf 89' lang='lat' dir='ltr'>x.</span> <span class='ocrx_word' id='word_1_21' title='bbox 657 435 746 493; x_wconf 83' lang='lat'>16),</span> <span class='ocrx_word' id='word_1_22' title='bbox 781 433 930 496; x_wconf 70' lang='lat' dir='ltr'>quasi</span> <span class='ocrx_word' id='word_1_23' title='bbox 964 449 1077 479; x_wconf 75' lang='lat' dir='ltr'>oves</span> <span class='ocrx_word' id='word_1_24' title='bbox 1112 432 1184 480; x_wconf 77' lang='lat' dir='ltr'>acl</span> <span class='ocrx_word' id='word_1_25' title='bbox 1221 431 1364 496; x_wconf 76' lang='lat' dir='ltr'>lupos</span> <span class='ocrx_word' id='word_1_26' title='bbox 1383 451 1400 486; x_wconf 89' lang='lat'>,·</span> <span class='ocrx_word' id='word_1_27' title='bbox 1447 448 1546 480; x_wconf 89' lang='lat' dir='ltr'>non</span> 
     </span>
     <span class='ocr_line' id='line_1_5' title="bbox 164 505 818 571; baseline 0.002 -17"><span class='ocrx_word' id='word_1_28' title='bbox 164 505 301 564; x_wconf 86' lang='lat' dir='ltr'>dicit,</span> <span class='ocrx_word' id='word_1_29' title='bbox 321 508 457 571; x_wconf 83' lang='lat' dir='ltr'>quasi</span> <span class='ocrx_word' id='word_1_30' title='bbox 474 507 537 555; x_wconf 88' lang='lat' dir='ltr'>ad</span> <span class='ocrx_word' id='word_1_31' title='bbox 554 508 670 555; x_wconf 85' lang='lat' dir='ltr'>alias</span> <span class='ocrx_word' id='word_1_32' title='bbox 691 525 818 556; x_wconf 82' lang='lat' dir='ltr'>oves.</span> 
     </span>
    </p>

    <p class='ocr_par' dir='ltr' id='par_1_5' title="bbox 164 582 1548 797">
     <span class='ocr_line' id='line_1_6' title="bbox 232 582 1548 646; baseline 0.001 -16"><span class='ocrx_word' id='word_1_33' title='bbox 232 582 494 630; x_wconf 85' lang='lat' dir='ltr'>Videamus</span> <span class='ocrx_word' id='word_1_34' title='bbox 526 585 627 646; x_wconf 86' lang='lat' dir='ltr'>jam</span> <span class='ocrx_word' id='word_1_35' title='bbox 653 584 985 631; x_wconf 87' lang='lat' dir='ltr'>ministrorum</span> <span class='ocrx_word' id='word_1_36' title='bbox 1012 583 1197 631; x_wconf 86' lang='lat' dir='ltr'>Christi</span> <span class='ocrx_word' id='word_1_37' title='bbox 1222 582 1467 642; x_wconf 89' lang='lat' dir='ltr'>mandata,</span> <span class='ocrx_word' id='word_1_38' title='bbox 1492 591 1548 631; x_wconf 91' lang='lat' dir='ltr'>ut</span> 
     </span>
     <span class='ocr_line' id='line_1_7' title="bbox 164 658 1548 722; baseline 0.001 -17"><span class='ocrx_word' id='word_1_39' title='bbox 164 658 473 721; x_wconf 87' lang='lat' dir='ltr'>reperiuntur</span> <span class='ocrx_word' id='word_1_40' title='bbox 497 658 546 705; x_wconf 91' lang='lat' dir='ltr'>in</span> <span class='ocrx_word' id='word_1_41' title='bbox 564 659 832 722; x_wconf 85' lang='lat' dir='ltr'>evangelio,</span> <span class='ocrx_word' id='word_1_42' title='bbox 858 675 918 706; x_wconf 87' lang='lat' dir='ltr'>an</span> <span class='ocrx_word' id='word_1_43' title='bbox 939 660 1020 721; x_wconf 89' lang='lat' dir='ltr'>jus</span> <span class='ocrx_word' id='word_1_44' title='bbox 1043 658 1243 721; x_wconf 85' lang='lat' dir='ltr'>aliquod</span> <span class='ocrx_word' id='word_1_45' title='bbox 1266 659 1548 707; x_wconf 84' lang='lat' dir='ltr'>contineant</span> 
     </span>
     <span class='ocr_line' id='line_1_8' title="bbox 164 731 786 797; baseline 0.002 -17"><span class='ocrx_word' id='word_1_46' title='bbox 164 731 215 780; x_wconf 91' lang='lat' dir='ltr'>in</span> <span class='ocrx_word' id='word_1_47' title='bbox 238 733 472 796; x_wconf 89' lang='lat' dir='ltr'>populum</span> <span class='ocrx_word' id='word_1_48' title='bbox 498 733 786 797; x_wconf 86' lang='lat' dir='ltr'>imperandi.</span> 
     </span>
    </p>

    <p class='ocr_par' dir='ltr' id='par_1_6' title="bbox 163 809 1554 2084">
     <span class='ocr_line' id='line_1_9' title="bbox 233 809 1549 873; baseline 0.002 -17"><span class='ocrx_word' id='word_1_49' title='bbox 233 809 463 872; x_wconf 85' lang='lat' dir='ltr'>Legimus</span> <span class='ocrx_word' id='word_1_50' title='bbox 487 810 660 872; x_wconf 88' lang='lat' dir='ltr'>primo,</span> <span class='ocrx_word' id='word_1_51' title='bbox 691 810 890 870; x_wconf 90' lang='lat' dir='ltr'>(Matth.</span> <span class='ocrx_word' id='word_1_52' title='bbox 917 826 960 857; x_wconf 88' lang='lat' dir='ltr'>x.</span> <span class='ocrx_word' id='word_1_53' title='bbox 986 811 1059 870; x_wconf 84' lang='lat'>6),</span> <span class='ocrx_word' id='word_1_54' title='bbox 1085 810 1256 857; x_wconf 89' lang='lat' dir='ltr'>missos</span> <span class='ocrx_word' id='word_1_55' title='bbox 1280 825 1387 857; x_wconf 84' lang='lat' dir='ltr'>esse</span> <span class='ocrx_word' id='word_1_56' title='bbox 1410 825 1549 873; x_wconf 87' lang='lat' dir='ltr'>apos-</span> 
     </span>
     <span class='ocr_line' id='line_1_10' title="bbox 164 884 1551 950; baseline 0.001 -18"><span class='ocrx_word' id='word_1_57' title='bbox 164 884 290 933; x_wconf 89' lang='lat' dir='ltr'>tolos</span> <span class='ocrx_word' id='word_1_58' title='bbox 309 885 382 932; x_wconf 83' lang='lat' dir='ltr'>ad</span> <span class='ocrx_word' id='word_1_59' title='bbox 399 901 529 941; x_wconf 72' lang='lat' dir='ltr'>oves,</span> <span class='ocrx_word' id='word_1_60' title='bbox 551 902 659 947; x_wconf 78' lang='lat' dir='ltr'>qnoe</span> <span class='ocrx_word' id='word_1_61' title='bbox 673 886 954 950; x_wconf 84' lang='lat' dir='ltr'>perierunt,</span> <span class='ocrx_word' id='word_1_62' title='bbox 981 885 1151 932; x_wconf 73' lang='lat' dir='ltr'>(lomus</span> <span class='ocrx_word' id='word_1_63' title='bbox 1178 885 1351 933; x_wconf 71' lang='lat' dir='ltr'>Israel</span> <span class='ocrx_word' id='word_1_64' title='bbox 1362 904 1381 940; x_wconf 89' lang='lat'><em>;</em></span> <span class='ocrx_word' id='word_1_65' title='bbox 1434 885 1551 949; x_wconf 88' lang='lat' dir='ltr'>quid</span> 
     </span>
     <span class='ocr_line' id='line_1_11' title="bbox 164 960 1550 1025; baseline -0.001 -16"><span class='ocrx_word' id='word_1_66' title='bbox 164 969 330 1009; x_wconf 89' lang='lat' dir='ltr'>autem</span> <span class='ocrx_word' id='word_1_67' title='bbox 354 961 742 1024; x_wconf 82' lang='lat' dir='ltr'>praedicaturos?</span> <span class='ocrx_word' id='word_1_68' title='bbox 777 961 1002 1025; x_wconf 80' lang='lat' dir='ltr'>Regnum</span> <span class='ocrx_word' id='word_1_69' title='bbox 1025 960 1126 1007; x_wconf 75' lang='lat' dir='ltr'>Dei</span> <span class='ocrx_word' id='word_1_70' title='bbox 1158 960 1550 1025; x_wconf 79' lang='lat' dir='ltr'>appropinquat.</span> 
     </span>
     <span class='ocr_line' id='line_1_12' title="bbox 167 1036 1553 1099; baseline -0.001 -14"><span class='ocrx_word' id='word_1_71' title='bbox 167 1036 439 1085; x_wconf 86' lang='lat' dir='ltr'>Praedicare</span> <span class='ocrx_word' id='word_1_72' title='bbox 475 1045 639 1084; x_wconf 84' lang='lat' dir='ltr'>autem</span> <span class='ocrx_word' id='word_1_73' title='bbox 676 1045 815 1084; x_wconf 92' lang='lat' dir='ltr'>actus</span> <span class='ocrx_word' id='word_1_74' title='bbox 851 1036 1089 1099; x_wconf 88' lang='lat' dir='ltr'>praeconis</span> <span class='ocrx_word' id='word_1_75' title='bbox 1124 1044 1215 1094; x_wconf 89' lang='lat' dir='ltr'>est,</span> <span class='ocrx_word' id='word_1_76' title='bbox 1256 1051 1422 1099; x_wconf 87' lang='lat' dir='ltr'>regem</span> <span class='ocrx_word' id='word_1_77' title='bbox 1466 1036 1553 1084; x_wconf 91' lang='lat' dir='ltr'>ali-</span> 
     </span>
     <span class='ocr_line' id='line_1_13' title="bbox 166 1111 1552 1186; baseline -0.001 -26"><span class='ocrx_word' id='word_1_78' title='bbox 166 1128 312 1176; x_wconf 86' lang='lat' dir='ltr'>quem</span> <span class='ocrx_word' id='word_1_79' title='bbox 339 1112 680 1176; x_wconf 89' lang='lat' dir='ltr'>proclamantis</span> <span class='ocrx_word' id='word_1_80' title='bbox 702 1132 713 1159; x_wconf 89' lang='lat'>:</span> <span class='ocrx_word' id='word_1_81' title='bbox 750 1128 908 1175; x_wconf 89' lang='lat' dir='ltr'>neque</span> <span class='ocrx_word' id='word_1_82' title='bbox 928 1114 1013 1186; x_wconf 59' lang='lat' dir='ltr'>jus</span> <span class='ocrx_word' id='word_1_83' title='bbox 1021 1111 1297 1175; x_wconf 72' lang='lat' dir='ltr'>imperandi</span> <span class='ocrx_word' id='word_1_84' title='bbox 1315 1112 1365 1159; x_wconf 89' lang='lat' dir='ltr'>in</span> <span class='ocrx_word' id='word_1_85' title='bbox 1384 1127 1552 1174; x_wconf 89' lang='lat' dir='ltr'>quem-</span> 
     </span>
     <span class='ocr_line' id='line_1_14' title="bbox 166 1187 1552 1251; baseline 0.001 -16"><span class='ocrx_word' id='word_1_86' title='bbox 166 1204 313 1251; x_wconf 83' lang='lat' dir='ltr'>quam</span> <span class='ocrx_word' id='word_1_87' title='bbox 357 1188 504 1235; x_wconf 85' lang='lat' dir='ltr'>habet</span> <span class='ocrx_word' id='word_1_88' title='bbox 541 1204 719 1251; x_wconf 88' lang='lat' dir='ltr'>praeco.</span> <span class='ocrx_word' id='word_1_89' title='bbox 803 1188 866 1235; x_wconf 88' lang='lat' dir='ltr'>Et</span> <span class='ocrx_word' id='word_1_90' title='bbox 907 1188 1046 1249; x_wconf 86' lang='lat' dir='ltr'>(Luc.</span> <span class='ocrx_word' id='word_1_91' title='bbox 1072 1203 1118 1234; x_wconf 83' lang='lat' dir='ltr'>x.</span> <span class='ocrx_word' id='word_1_92' title='bbox 1144 1188 1216 1248; x_wconf 90' lang='grc'>2),</span> <span class='ocrx_word' id='word_1_93' title='bbox 1239 1187 1552 1251; x_wconf 82' lang='lat' dir='ltr'>septuaginta</span> 
     </span>
     <span class='ocr_line' id='line_1_15' title="bbox 165 1262 1550 1328; baseline -0.002 -16"><span class='ocrx_word' id='word_1_94' title='bbox 165 1263 407 1328; x_wconf 91' lang='lat' dir='ltr'>discipuli,</span> <span class='ocrx_word' id='word_1_95' title='bbox 446 1272 500 1310; x_wconf 91' lang='lat' dir='ltr'>ut</span> <span class='ocrx_word' id='word_1_96' title='bbox 534 1264 759 1327; x_wconf 90' lang='lat' dir='ltr'>operarii,</span> <span class='ocrx_word' id='word_1_97' title='bbox 796 1279 895 1311; x_wconf 89' lang='lat' dir='ltr'>non</span> <span class='ocrx_word' id='word_1_98' title='bbox 929 1271 984 1311; x_wconf 91' lang='lat' dir='ltr'>ut</span> <span class='ocrx_word' id='word_1_99' title='bbox 1019 1262 1217 1320; x_wconf 90' lang='lat' dir='ltr'>domini,</span> <span class='ocrx_word' id='word_1_100' title='bbox 1255 1263 1319 1310; x_wconf 91' lang='lat' dir='ltr'>ad</span> <span class='ocrx_word' id='word_1_101' title='bbox 1346 1279 1550 1310; x_wconf 88' lang='lat' dir='ltr'>messem</span> 
     </span>
     <span class='ocr_line' id='line_1_16' title="bbox 169 1338 1552 1403; baseline -0.001 -16"><span class='ocrx_word' id='word_1_102' title='bbox 169 1340 332 1388; x_wconf 87' lang='lat' dir='ltr'>emissi</span> <span class='ocrx_word' id='word_1_103' title='bbox 360 1347 491 1396; x_wconf 89' lang='lat' dir='ltr'>sunt,</span> <span class='ocrx_word' id='word_1_104' title='bbox 515 1347 565 1387; x_wconf 92' lang='lat' dir='ltr'>et</span> <span class='ocrx_word' id='word_1_105' title='bbox 583 1340 704 1403; x_wconf 89' lang='lat' dir='ltr'>jussi</span> <span class='ocrx_word' id='word_1_106' title='bbox 733 1342 876 1399; x_wconf 89' lang='lat' dir='ltr'>(vers.</span> <span class='ocrx_word' id='word_1_107' title='bbox 902 1340 956 1398; x_wconf 90' lang='lat'>9)</span> <span class='ocrx_word' id='word_1_108' title='bbox 984 1338 1250 1402; x_wconf 79' lang='lat' dir='ltr'>praedicare</span> <span class='ocrx_word' id='word_1_109' title='bbox 1274 1338 1552 1402; x_wconf 75' lang='lat' dir='ltr'>appropin-</span> 
     </span>
     <span class='ocr_line' id='line_1_17' title="bbox 165 1413 1551 1480; baseline -0.002 -17"><span class='ocrx_word' id='word_1_110' title='bbox 165 1421 291 1480; x_wconf 83' lang='lat' dir='ltr'>quat</span> <span class='ocrx_word' id='word_1_111' title='bbox 325 1430 531 1478; x_wconf 83' lang='lat' dir='ltr'>regnum</span> <span class='ocrx_word' id='word_1_112' title='bbox 565 1414 683 1462; x_wconf 86' lang='lat' dir='ltr'>Dei.</span> <span class='ocrx_word' id='word_1_113' title='bbox 753 1415 816 1461; x_wconf 91' lang='lat' dir='ltr'>Et</span> <span class='ocrx_word' id='word_1_114' title='bbox 849 1414 1050 1475; x_wconf 87' lang='lat' dir='ltr'>(Matth.</span> <span class='ocrx_word' id='word_1_115' title='bbox 1076 1430 1156 1461; x_wconf 84' lang='lat' dir='ltr'>xx.</span> <span class='ocrx_word' id='word_1_116' title='bbox 1183 1415 1265 1475; x_wconf 85' lang='lat'>28)</span> <span class='ocrx_word' id='word_1_117' title='bbox 1287 1413 1551 1476; x_wconf 90' lang='lat' dir='ltr'>discipulos</span> 
     </span>
     <span class='ocr_line' id='line_1_18' title="bbox 163 1488 1554 1553; baseline -0.003 -14"><span class='ocrx_word' id='word_1_118' title='bbox 163 1506 298 1548; x_wconf 84' lang='lat' dir='ltr'>suos,</span> <span class='ocrx_word' id='word_1_119' title='bbox 317 1490 401 1553; x_wconf 91' lang='lat' dir='ltr'>qui</span> <span class='ocrx_word' id='word_1_120' title='bbox 420 1490 548 1536; x_wconf 91' lang='lat' dir='ltr'>inter</span> <span class='ocrx_word' id='word_1_121' title='bbox 565 1505 615 1536; x_wconf 88' lang='lat' dir='ltr'>se</span> <span class='ocrx_word' id='word_1_122' title='bbox 633 1489 694 1537; x_wconf 89' lang='lat' dir='ltr'>de</span> <span class='ocrx_word' id='word_1_123' title='bbox 719 1489 959 1553; x_wconf 82' lang='lat' dir='ltr'>dignitate</span> <span class='ocrx_word' id='word_1_124' title='bbox 984 1488 1362 1546; x_wconf 84' lang='lat' dir='ltr'>contendebant,</span> <span class='ocrx_word' id='word_1_125' title='bbox 1386 1488 1554 1535; x_wconf 87' lang='lat' dir='ltr'>admo-</span> 
     </span>
     <span class='ocr_line' id='line_1_19' title="bbox 166 1563 1552 1623; baseline -0.002 -9"><span class='ocrx_word' id='word_1_126' title='bbox 166 1573 251 1614; x_wconf 88' lang='lat' dir='ltr'>net</span> <span class='ocrx_word' id='word_1_127' title='bbox 286 1565 518 1613; x_wconf 86' lang='lat' dir='ltr'>Servator</span> <span class='ocrx_word' id='word_1_128' title='bbox 563 1574 745 1623; x_wconf 90' lang='lat' dir='ltr'>noster,</span> <span class='ocrx_word' id='word_1_129' title='bbox 789 1565 1001 1612; x_wconf 87' lang='lat' dir='ltr'>officium</span> <span class='ocrx_word' id='word_1_130' title='bbox 1037 1580 1204 1612; x_wconf 88' lang='lat' dir='ltr'>eorum</span> <span class='ocrx_word' id='word_1_131' title='bbox 1239 1563 1552 1612; x_wconf 85' lang='lat' dir='ltr'>ministeriale</span> 
     </span>
     <span class='ocr_line' id='line_1_20' title="bbox 167 1640 1553 1703; baseline -0.002 -13"><span class='ocrx_word' id='word_1_132' title='bbox 167 1657 291 1700; x_wconf 88' lang='lat' dir='ltr'>esse,</span> <span class='ocrx_word' id='word_1_133' title='bbox 317 1641 444 1689; x_wconf 90' lang='lat' dir='ltr'>sicut</span> <span class='ocrx_word' id='word_1_134' title='bbox 467 1640 570 1703; x_wconf 90' lang='lat' dir='ltr'>ipse</span> <span class='ocrx_word' id='word_1_135' title='bbox 594 1641 742 1700; x_wconf 84' lang='lat' dir='ltr'>venit,</span> <span class='ocrx_word' id='word_1_136' title='bbox 767 1657 866 1689; x_wconf 92' lang='lat' dir='ltr'>non</span> <span class='ocrx_word' id='word_1_137' title='bbox 889 1649 944 1688; x_wconf 91' lang='lat' dir='ltr'>ut</span> <span class='ocrx_word' id='word_1_138' title='bbox 963 1641 1053 1688; x_wconf 88' lang='lat' dir='ltr'>sibi</span> <span class='ocrx_word' id='word_1_139' title='bbox 1076 1641 1448 1699; x_wconf 86' lang='lat' dir='ltr'>ministraretur,</span> <span class='ocrx_word' id='word_1_140' title='bbox 1467 1640 1553 1688; x_wconf 90' lang='lat' dir='ltr'>sed</span> 
     </span>
     <span class='ocr_line' id='line_1_21' title="bbox 166 1716 1554 1781; baseline -0.001 -16"><span class='ocrx_word' id='word_1_141' title='bbox 166 1725 225 1765; x_wconf 88' lang='lat' dir='ltr'>ut</span> <span class='ocrx_word' id='word_1_142' title='bbox 246 1716 559 1765; x_wconf 86' lang='lat' dir='ltr'>ministraret.</span> <span class='ocrx_word' id='word_1_143' title='bbox 630 1717 802 1781; x_wconf 90' lang='lat' dir='ltr'>Itaque</span> <span class='ocrx_word' id='word_1_144' title='bbox 825 1716 1172 1780; x_wconf 80' lang='lat' dir='ltr'>praedicatores</span> <span class='ocrx_word' id='word_1_145' title='bbox 1207 1716 1444 1780; x_wconf 87' lang='lat' dir='ltr'>evangelii</span> <span class='ocrx_word' id='word_1_146' title='bbox 1466 1732 1554 1780; x_wconf 91' lang='lat' dir='ltr'>po-</span> 
     </span>
     <span class='ocr_line' id='line_1_22' title="bbox 167 1791 1554 1855; baseline -0.003 -12"><span class='ocrx_word' id='word_1_147' title='bbox 167 1800 397 1843; x_wconf 83' lang='lat' dir='ltr'>testatem</span> <span class='ocrx_word' id='word_1_148' title='bbox 420 1792 799 1855; x_wconf 80' lang='lat' dir='ltr'>magisterialem</span> <span class='ocrx_word' id='word_1_149' title='bbox 825 1808 922 1840; x_wconf 90' lang='lat' dir='ltr'>non</span> <span class='ocrx_word' id='word_1_150' title='bbox 942 1792 1140 1850; x_wconf 88' lang='lat' dir='ltr'>habent,</span> <span class='ocrx_word' id='word_1_151' title='bbox 1160 1791 1246 1839; x_wconf 91' lang='lat' dir='ltr'>sed</span> <span class='ocrx_word' id='word_1_152' title='bbox 1263 1791 1554 1839; x_wconf 86' lang='lat' dir='ltr'>ministeria-</span> 
     </span>
     <span class='ocr_line' id='line_1_23' title="bbox 170 1867 1551 1929; baseline -0.003 -11"><span class='ocrx_word' id='word_1_153' title='bbox 170 1870 267 1918; x_wconf 88' lang='lat' dir='ltr'>lem</span> <span class='ocrx_word' id='word_1_154' title='bbox 304 1875 511 1916; x_wconf 91' lang='lat' dir='ltr'>tantum.</span> <span class='ocrx_word' id='word_1_155' title='bbox 594 1869 656 1916; x_wconf 92' lang='lat' dir='ltr'>Et</span> <span class='ocrx_word' id='word_1_156' title='bbox 691 1868 890 1929; x_wconf 83' lang='lat' dir='ltr'>(Matth.</span> <span class='ocrx_word' id='word_1_157' title='bbox 916 1867 1050 1916; x_wconf 84' lang='lat' dir='ltr'>xxiii.</span> <span class='ocrx_word' id='word_1_158' title='bbox 1081 1869 1180 1929; x_wconf 83' lang='lat'>10),</span> <span class='ocrx_word' id='word_1_159' title='bbox 1204 1884 1265 1915; x_wconf 81' lang='lat' dir='ltr'>ne</span> <span class='ocrx_word' id='word_1_160' title='bbox 1295 1867 1551 1924; x_wconf 84' lang='lat' dir='ltr'>vocamini,</span> 
     </span>
     <span class='ocr_line' id='line_1_24' title="bbox 168 1942 1553 2009; baseline -0.002 -16"><span class='ocrx_word' id='word_1_161' title='bbox 168 1945 291 1993; x_wconf 88' lang='lat' dir='ltr'>dieit</span> <span class='ocrx_word' id='word_1_162' title='bbox 334 1943 574 2002; x_wconf 89' lang='lat' dir='ltr'>Christus,</span> <span class='ocrx_word' id='word_1_163' title='bbox 610 1945 847 2009; x_wconf 72' lang='lat' dir='ltr'>magistri</span> <span class='ocrx_word' id='word_1_164' title='bbox 862 1963 881 1999; x_wconf 92' lang='lat'><em>;</em></span> <span class='ocrx_word' id='word_1_165' title='bbox 923 1944 1095 1992; x_wconf 75' lang='lat' dir='ltr'>unicus</span> <span class='ocrx_word' id='word_1_166' title='bbox 1140 1943 1266 1991; x_wconf 84' lang='lat' dir='ltr'>enim</span> <span class='ocrx_word' id='word_1_167' title='bbox 1303 1942 1437 1990; x_wconf 70' lang='lat' dir='ltr'>vobis</span> <span class='ocrx_word' id='word_1_168' title='bbox 1476 1949 1553 1990; x_wconf 73' lang='lat' dir='ltr'>est</span> 
     </span>
     <span class='ocr_line' id='line_1_25' title="bbox 170 2019 433 2084; baseline -0.011 -16"><span class='ocrx_word' id='word_1_169' title='bbox 170 2019 433 2084; x_wconf 70' lang='lat' dir='ltr'>magister.</span> 
     </span>
    </p>

    <p class='ocr_par' dir='ltr' id='par_1_7' title="bbox 169 2092 1556 2910">
     <span class='ocr_line' id='line_1_26' title="bbox 238 2092 1552 2154; baseline -0.002 -12"><span class='ocrx_word' id='word_1_170' title='bbox 238 2092 478 2150; x_wconf 84' lang='lat' dir='ltr'>SecundO,</span> <span class='ocrx_word' id='word_1_171' title='bbox 506 2094 707 2154; x_wconf 87' lang='lat' dir='ltr'>(Matth.</span> <span class='ocrx_word' id='word_1_172' title='bbox 732 2095 896 2142; x_wconf 83' lang='lat' dir='ltr'>xxviii.</span> <span class='ocrx_word' id='word_1_173' title='bbox 931 2100 1020 2154; x_wconf 78' lang='lat'>19),</span> <span class='ocrx_word' id='word_1_174' title='bbox 1046 2094 1095 2141; x_wconf 90' lang='lat' dir='ltr'>in</span> <span class='ocrx_word' id='word_1_175' title='bbox 1120 2093 1361 2141; x_wconf 87' lang='lat' dir='ltr'>mandatis</span> <span class='ocrx_word' id='word_1_176' title='bbox 1385 2109 1552 2141; x_wconf 90' lang='lat' dir='ltr'>eorum</span> 
     </span>
     <span class='ocr_line' id='line_1_27' title="bbox 170 2168 1553 2227; baseline -0.001 -9"><span class='ocrx_word' id='word_1_177' title='bbox 170 2178 265 2227; x_wconf 85' lang='lat' dir='ltr'>est,</span> <span class='ocrx_word' id='word_1_178' title='bbox 306 2168 485 2216; x_wconf 85' lang='lat' dir='ltr'>docere</span> <span class='ocrx_word' id='word_1_179' title='bbox 530 2186 692 2216; x_wconf 74' lang='lat' dir='ltr'>omnes</span> <span class='ocrx_word' id='word_1_180' title='bbox 739 2170 982 2218; x_wconf 72' lang='lat' dir='ltr'>nationes.</span> <span class='ocrx_word' id='word_1_181' title='bbox 1059 2170 1246 2217; x_wconf 88' lang='lat' dir='ltr'>Docere</span> <span class='ocrx_word' id='word_1_182' title='bbox 1287 2176 1467 2226; x_wconf 90' lang='lat' dir='ltr'>autem,</span> <span class='ocrx_word' id='word_1_183' title='bbox 1503 2177 1553 2217; x_wconf 88' lang='lat' dir='ltr'>et</span> 
     </span>
     <span class='ocr_line' id='line_1_28' title="bbox 170 2243 1552 2308; baseline -0.001 -16"><span class='ocrx_word' id='word_1_184' title='bbox 170 2243 438 2308; x_wconf 85' lang='lat' dir='ltr'>praedicare</span> <span class='ocrx_word' id='word_1_185' title='bbox 461 2245 722 2308; x_wconf 88' lang='lat' dir='ltr'>conjuncta</span> <span class='ocrx_word' id='word_1_186' title='bbox 743 2253 874 2293; x_wconf 88' lang='lat' dir='ltr'>sunt.</span> <span class='ocrx_word' id='word_1_187' title='bbox 928 2246 1055 2293; x_wconf 91' lang='lat' dir='ltr'>Nam</span> <span class='ocrx_word' id='word_1_188' title='bbox 1082 2245 1165 2308; x_wconf 91' lang='lat' dir='ltr'>qui</span> <span class='ocrx_word' id='word_1_189' title='bbox 1188 2260 1355 2306; x_wconf 85' lang='lat' dir='ltr'>regem</span> <span class='ocrx_word' id='word_1_190' title='bbox 1376 2243 1552 2306; x_wconf 87' lang='lat' dir='ltr'>praedi-</span> 
     </span>
     <span class='ocr_line' id='line_1_29' title="bbox 171 2319 1553 2384; baseline -0.001 -16"><span class='ocrx_word' id='word_1_191' title='bbox 171 2327 288 2368; x_wconf 87' lang='lat' dir='ltr'>cant</span> <span class='ocrx_word' id='word_1_192' title='bbox 310 2319 408 2367; x_wconf 89' lang='lat' dir='ltr'>sive</span> <span class='ocrx_word' id='word_1_193' title='bbox 444 2320 760 2383; x_wconf 90' lang='lat' dir='ltr'>proclamant,</span> <span class='ocrx_word' id='word_1_194' title='bbox 786 2321 957 2368; x_wconf 90' lang='lat' dir='ltr'>eodem</span> <span class='ocrx_word' id='word_1_195' title='bbox 988 2328 1207 2384; x_wconf 86' lang='lat' dir='ltr'>tempore</span> <span class='ocrx_word' id='word_1_196' title='bbox 1246 2319 1426 2367; x_wconf 90' lang='lat' dir='ltr'>docent</span> <span class='ocrx_word' id='word_1_197' title='bbox 1457 2335 1553 2382; x_wconf 92' lang='lat' dir='ltr'>quo</span> 
     </span>
     <span class='ocr_line' id='line_1_30' title="bbox 169 2394 1556 2458; baseline 0 -16"><span class='ocrx_word' id='word_1_198' title='bbox 169 2395 280 2458; x_wconf 84' lang='lat' dir='ltr'>jure</span> <span class='ocrx_word' id='word_1_199' title='bbox 303 2410 507 2458; x_wconf 85' lang='lat' dir='ltr'>regnum</span> <span class='ocrx_word' id='word_1_200' title='bbox 529 2395 692 2443; x_wconf 88' lang='lat' dir='ltr'>habet.</span> <span class='ocrx_word' id='word_1_201' title='bbox 776 2396 845 2444; x_wconf 92' lang='lat' dir='ltr'>Ut</span> <span class='ocrx_word' id='word_1_202' title='bbox 869 2397 917 2445; x_wconf 90' lang='lat' dir='ltr'>S.</span> <span class='ocrx_word' id='word_1_203' title='bbox 945 2396 1120 2444; x_wconf 90' lang='lat' dir='ltr'>Paulus</span> <span class='ocrx_word' id='word_1_204' title='bbox 1143 2396 1271 2455; x_wconf 89' lang='lat' dir='ltr'>(Act.</span> <span class='ocrx_word' id='word_1_205' title='bbox 1296 2394 1409 2442; x_wconf 88' lang='lat' dir='ltr'>xvii.</span> <span class='ocrx_word' id='word_1_206' title='bbox 1434 2401 1482 2452; x_wconf 85' lang='lat'>2,</span> <span class='ocrx_word' id='word_1_207' title='bbox 1507 2396 1556 2456; x_wconf 90' lang='grc'>3)</span> 
     </span>
     <span class='ocr_line' id='line_1_31' title="bbox 174 2469 1553 2534; baseline -0.001 -16"><span class='ocrx_word' id='word_1_208' title='bbox 174 2470 292 2518; x_wconf 89' lang='lat' dir='ltr'>fecit</span> <span class='ocrx_word' id='word_1_209' title='bbox 310 2472 436 2532; x_wconf 87' lang='lat' dir='ltr'>apud</span> <span class='ocrx_word' id='word_1_210' title='bbox 454 2469 652 2518; x_wconf 87' lang='lat' dir='ltr'>Judaeos</span> <span class='ocrx_word' id='word_1_211' title='bbox 666 2469 749 2534; x_wconf 91' lang='lat' dir='ltr'>qui</span> <span class='ocrx_word' id='word_1_212' title='bbox 767 2479 905 2519; x_wconf 87' lang='lat' dir='ltr'>erant</span> <span class='ocrx_word' id='word_1_213' title='bbox 922 2472 973 2519; x_wconf 91' lang='lat' dir='ltr'>in</span> <span class='ocrx_word' id='word_1_214' title='bbox 991 2470 1347 2527; x_wconf 82' lang='lat' dir='ltr'>Thessalonica,</span> <span class='ocrx_word' id='word_1_215' title='bbox 1363 2485 1553 2533; x_wconf 91' lang='lat' dir='ltr'>nempe,</span> 
     </span>
     <span class='ocr_line' id='line_1_32' title="bbox 177 2545 1555 2609; baseline -0.001 -16"><span class='ocrx_word' id='word_1_216' title='bbox 177 2545 331 2593; x_wconf 89' lang='lat' dir='ltr'>tribus</span> <span class='ocrx_word' id='word_1_217' title='bbox 353 2545 566 2593; x_wconf 85' lang='lat' dir='ltr'>sabbatis</span> <span class='ocrx_word' id='word_1_218' title='bbox 599 2561 712 2592; x_wconf 92' lang='lat' dir='ltr'>cum</span> <span class='ocrx_word' id='word_1_219' title='bbox 734 2545 827 2594; x_wconf 87' lang='lat' dir='ltr'>illis</span> <span class='ocrx_word' id='word_1_220' title='bbox 850 2562 910 2594; x_wconf 87' lang='lat' dir='ltr'>ex</span> <span class='ocrx_word' id='word_1_221' title='bbox 936 2547 1198 2609; x_wconf 88' lang='lat' dir='ltr'>Scripturis</span> <span class='ocrx_word' id='word_1_222' title='bbox 1222 2545 1449 2593; x_wconf 87' lang='lat' dir='ltr'>disseruit</span> <span class='ocrx_word' id='word_1_223' title='bbox 1471 2561 1555 2593; x_wconf 84' lang='lat' dir='ltr'>ex-</span> 
     </span>
     <span class='ocr_line' id='line_1_33' title="bbox 176 2620 1556 2685; baseline -0.001 -17"><span class='ocrx_word' id='word_1_224' title='bbox 176 2621 363 2685; x_wconf 89' lang='lat' dir='ltr'>plicans</span> <span class='ocrx_word' id='word_1_225' title='bbox 381 2620 502 2679; x_wconf 89' lang='lat' dir='ltr'>illas,</span> <span class='ocrx_word' id='word_1_226' title='bbox 522 2628 573 2668; x_wconf 87' lang='lat' dir='ltr'>et</span> <span class='ocrx_word' id='word_1_227' title='bbox 588 2621 799 2683; x_wconf 89' lang='lat' dir='ltr'>probans</span> <span class='ocrx_word' id='word_1_228' title='bbox 817 2638 878 2669; x_wconf 84' lang='lat' dir='ltr'>ex</span> <span class='ocrx_word' id='word_1_229' title='bbox 898 2622 992 2670; x_wconf 89' lang='lat' dir='ltr'>illis</span> <span class='ocrx_word' id='word_1_230' title='bbox 1007 2622 1254 2669; x_wconf 90' lang='lat' dir='ltr'>Christum</span> <span class='ocrx_word' id='word_1_231' title='bbox 1274 2620 1396 2668; x_wconf 90' lang='lat' dir='ltr'>mori</span> <span class='ocrx_word' id='word_1_232' title='bbox 1415 2635 1556 2683; x_wconf 90' lang='lat' dir='ltr'>opor-</span> 
     </span>
     <span class='ocr_line' id='line_1_34' title="bbox 176 2695 1556 2754; baseline -0.001 -10"><span class='ocrx_word' id='word_1_233' title='bbox 176 2697 327 2744; x_wconf 88' lang='lat' dir='ltr'>tuisse</span> <span class='ocrx_word' id='word_1_234' title='bbox 351 2703 400 2743; x_wconf 92' lang='lat' dir='ltr'>et</span> <span class='ocrx_word' id='word_1_235' title='bbox 423 2697 758 2754; x_wconf 85' lang='lat' dir='ltr'>resurrexisse,</span> <span class='ocrx_word' id='word_1_236' title='bbox 775 2706 827 2744; x_wconf 87' lang='lat' dir='ltr'>et</span> <span class='ocrx_word' id='word_1_237' title='bbox 842 2697 871 2745; x_wconf 89' lang='lat' dir='ltr'>J</span> <span class='ocrx_word' id='word_1_238' title='bbox 875 2712 1011 2745; x_wconf 89' lang='lat' dir='ltr'>esum</span> <span class='ocrx_word' id='word_1_239' title='bbox 1030 2712 1134 2744; x_wconf 90' lang='lat' dir='ltr'>esse</span> <span class='ocrx_word' id='word_1_240' title='bbox 1154 2695 1417 2744; x_wconf 88' lang='lat' dir='ltr'>Christum.</span> <span class='ocrx_word' id='word_1_241' title='bbox 1458 2695 1556 2743; x_wconf 89' lang='lat' dir='ltr'>Sed</span> 
     </span>
     <span class='ocr_line' id='line_1_35' title="bbox 177 2770 1551 2820; baseline -0.001 0"><span class='ocrx_word' id='word_1_242' title='bbox 177 2772 353 2820; x_wconf 88' lang='lat' dir='ltr'>docere</span> <span class='ocrx_word' id='word_1_243' title='bbox 377 2787 436 2819; x_wconf 87' lang='lat' dir='ltr'>ex</span> <span class='ocrx_word' id='word_1_244' title='bbox 459 2770 625 2818; x_wconf 88' lang='lat' dir='ltr'>Veteri</span> <span class='ocrx_word' id='word_1_245' title='bbox 648 2770 964 2820; x_wconf 88' lang='lat' dir='ltr'>Testamento</span> <span class='ocrx_word' id='word_1_246' title='bbox 986 2773 1014 2820; x_wconf 91' lang='lat' dir='ltr'><strong>J</strong></span> <span class='ocrx_word' id='word_1_247' title='bbox 1019 2788 1153 2819; x_wconf 91' lang='lat' dir='ltr'>esum</span> <span class='ocrx_word' id='word_1_248' title='bbox 1177 2786 1282 2818; x_wconf 90' lang='lat' dir='ltr'>esse</span> <span class='ocrx_word' id='word_1_249' title='bbox 1307 2770 1551 2819; x_wconf 86' lang='lat' dir='ltr'>Christum</span> 
     </span>
     <span class='ocr_line' id='line_1_36' title="bbox 174 2846 1553 2910; baseline 0.001 -16"><span class='ocrx_word' id='word_1_250' title='bbox 174 2854 227 2894; x_wconf 90' lang='lat' dir='ltr'>et</span> <span class='ocrx_word' id='word_1_251' title='bbox 249 2862 279 2895; x_wconf 92' lang='lat' dir='ltr'>a</span> <span class='ocrx_word' id='word_1_252' title='bbox 301 2846 505 2895; x_wconf 90' lang='lat' dir='ltr'>mortuis</span> <span class='ocrx_word' id='word_1_253' title='bbox 527 2846 883 2906; x_wconf 84' lang='lat' dir='ltr'>resuscitatum,</span> <span class='ocrx_word' id='word_1_254' title='bbox 907 2864 1007 2896; x_wconf 93' lang='lat' dir='ltr'>non</span> <span class='ocrx_word' id='word_1_255' title='bbox 1030 2856 1104 2896; x_wconf 83' lang='lat' dir='ltr'>est</span> <span class='ocrx_word' id='word_1_256' title='bbox 1128 2847 1302 2895; x_wconf 87' lang='lat' dir='ltr'>docere</span> <span class='ocrx_word' id='word_1_257' title='bbox 1324 2846 1447 2905; x_wconf 91' lang='lat' dir='ltr'>illos,</span> <span class='ocrx_word' id='word_1_258' title='bbox 1472 2847 1553 2910; x_wconf 89' lang='lat' dir='ltr'>qui</span> 
     </span>
    </p>
   </div>
   <div class='ocr_carea' id='block_1_5' title="bbox 1601 436 1790 457">
    <p class='ocr_par' dir='ltr' id='par_1_8' title="bbox 1601 436 1790 457">
     <span class='ocr_line' id='line_1_37' title="bbox 1601 436 1790 457; baseline -0.005 -6"><span class='ocrx_word' id='word_1_259' title='bbox 1601 436 1790 457; x_wconf 49' lang='lat'>-7-——1</span> 
     </span>
    </p>
   </div>
   <div class='ocr_carea' id='block_1_6' title="bbox 1594 476 1798 547">
    <p class='ocr_par' dir='ltr' id='par_1_9' title="bbox 1594 476 1798 547">
     <span class='ocr_line' id='line_1_38' title="bbox 1597 476 1794 512; baseline -0.005 -8"><span class='ocrx_word' id='word_1_260' title='bbox 1597 476 1642 504; x_wconf 85' lang='lat' dir='ltr'>De</span> <span class='ocrx_word' id='word_1_261' title='bbox 1655 479 1794 512; x_wconf 68' lang='lat' dir='ltr'>potestate</span> 
     </span>
     <span class='ocr_line' id='line_1_39' title="bbox 1594 518 1798 547; baseline -0.005 0"><span class='ocrx_word' id='word_1_262' title='bbox 1594 518 1798 547; x_wconf 51' lang='lat' dir='ltr'>ecclesiastica</span> 
     </span>
    </p>
   </div>
  </div>
 </body>
</html>
