1910 3236
121 434 223 464 CAP.
244 433 308 465 lv.

126 487 313 509 *7⁴

127 529 172 557 De
182 538 319 558 sermone.

367 288 429 332 22
887 296 958 329 DE
986 295 1228 328 HOMINE.

369 411 658 460 succedente
690 417 907 473 tempore
940 416 1079 457 tanta
1114 408 1357 456 sermonis
1393 408 1536 472 copia
1570 409 1757 473 acquiri

368 488 543 552 potuit,
591 493 774 550 quanta
814 485 1087 547 indigeret3
1135 500 1416 547 quanquam
1455 500 1557 532 non
1597 492 1755 544 tanta,

371 571 553 627 quanta
597 562 779 610 oratori
821 561 895 608 vel
934 559 1224 624 philosopho
1263 577 1385 623 opus
1427 567 1568 609 esset.
1639 561 1756 610 Non

371 640 500 687 enim
528 638 720 686 invenio
755 637 806 684 in
842 636 1107 699 Scripturis
1145 636 1306 684 Sacris
1341 653 1400 684 ex
1436 653 1533 700 quo
1569 636 1756 685 directe

369 716 447 764 vel
486 730 574 778 per
614 711 1014 775 consequentiam
1054 712 1220 775 colligi
1259 720 1423 775 potest
1465 713 1754 776 imposuisse

370 791 610 839 Adamum
649 788 877 836 varietati
923 787 1056 835 omni
1092 789 1378 853 figurarum,
1421 805 1756 847 numerorum,

369 881 719 922 mensurarum,
743 863 979 920 colorum,
1008 880 1257 919 sonorum,
1281 864 1652 928 cogitationum,
1681 881 1757 913 re-

368 943 605 990 lationum
640 940 867 995 nomina3
903 940 1058 988 multo
1091 942 1254 989 minus
1289 941 1579 1005 imposuisse
1616 941 1756 989 illum

368 1018 564 1066 nomina
580 1016 860 1064 nominibus
881 1022 931 1063 et
947 1016 1268 1075 orationibus,
1290 1017 1454 1080 qualia
1468 1024 1582 1065 sunt
1601 1033 1757 1081 gene-

369 1094 493 1153 rale,
524 1092 762 1158 speciale,
801 1093 1167 1155 affirmativum,
1203 1093 1505 1158 negativum,
1539 1092 1758 1141 interro-

364 1170 602 1235 gativum,
637 1167 924 1232 optativum,
961 1169 1268 1231 infinitivum,
1300 1185 1409 1232 quae
1443 1168 1608 1217 omnia
1642 1175 1758 1216 sunt

367 1243 532 1298 utilia3
569 1243 766 1291 minime
791 1253 954 1292 autem
979 1244 1200 1292 omnium
1223 1245 1501 1301 entitatem,
1527 1244 1759 1292 intentio-

368 1319 642 1379 naldatem,
677 1320 1026 1384 quidditatem‚
1063 1320 1254 1383 aliaque
1282 1320 1432 1367 verba
1463 1319 1758 1368 scholastica

368 1395 756 1458 insignificantia.

433 1472 764 1519 Veruntamen
788 1471 931 1534 copia
951 1471 1058 1519 haec
1077 1471 1250 1530 omnis,
1271 1471 1371 1519 sive
1391 1470 1632 1534 acquisita
1654 1470 1757 1519 sive

367 1554 511 1595 aucta
534 1549 594 1595 ab
619 1548 808 1595 Adamo
826 1556 876 1595 et
891 1548 1099 1611 posteris
1118 1548 1237 1610 ejus,
1263 1547 1450 1595 interiit
1472 1547 1667 1611 penitus
1690 1547 1755 1595 ad

366 1630 550 1671 turrem
576 1624 740 1682 Babel‚
765 1640 862 1687 quo
887 1630 1108 1687 tempore
1126 1623 1260 1671 Deus
1284 1639 1479 1671 omnem
1503 1622 1754 1670 hominem

367 1700 601 1746 sermonis
633 1702 722 1757 sui,
757 1706 960 1762 propter
994 1699 1326 1758 rebellionem,
1363 1698 1608 1746 oblivione
1642 1714 1754 1762 per-

367 1774 530 1822 cussit.
601 1775 771 1838 Itaque
810 1773 1090 1837 dispergere
1131 1790 1183 1822 se
1222 1774 1405 1822 coactis
1447 1773 1499 1821 in
1540 1773 1755 1822 diversas

366 1850 536 1898 mundi
559 1857 738 1914 partes,
763 1850 1094 1898 necessarium
1126 1858 1249 1909 erat,
1276 1857 1332 1898 ut
1356 1850 1638 1913 linguarum
1670 1867 1755 1899 va-

367 1926 530 1985 rietas,
556 1943 664 1989 quae
687 1942 818 1974 nunc
842 1933 931 1985 est,
956 1925 1203 1990 gradatim
1239 1927 1300 1974 ab
1323 1926 1418 1974 illis
1442 1926 1752 1990 processerit,

367 2010 516 2064 prout
539 2003 813 2061 necessitas,
837 2002 1177 2050 inventionum
1209 2002 1427 2050 omnium
1449 2009 1622 2062 mater,
1646 2002 1755 2051 illos

370 2078 600 2125 docuerat
621 2099 632 2134 ;
656 2078 820 2141 itaque
835 2085 999 2126 tractu
1013 2078 1248 2142 temporis
1261 2079 1430 2142 lingua
1443 2094 1755 2143 unaquaeque

369 2154 419 2200 in
443 2155 676 2216 majorem
699 2154 889 2217 copiam
911 2155 1172 2202 verborum
1197 2162 1342 2202 aucta
1364 2161 1453 2203 est.

437 2229 682 2277 Sermonis
705 2246 820 2277 usus
850 2230 1258 2293 generalissimus,
1284 2238 1358 2278 est
1381 2229 1633 2278 conversio
1658 2229 1756 2278 dis-

370 2321 538 2352 cursus
561 2306 785 2354 mentalis
817 2306 869 2353 in
891 2307 1154 2365 verbalem,
1191 2307 1290 2354 sive
1326 2306 1467 2354 seriei
1498 2305 1756 2369 cogitatio·

369 2398 486 2429 num
530 2390 806 2429 nostrarum
851 2383 902 2430 in
943 2383 1118 2430 seriem
1162 2383 1458 2431 verborum:
1500 2381 1648 2445 idque
1690 2380 1755 2429 ad

370 2456 491 2504 duos
514 2458 663 2505 fines:
700 2474 906 2521 quorum
930 2459 1054 2506 alter
1085 2466 1161 2507 est
1196 2458 1492 2522 conscriptio
1516 2458 1756 2521 cogitato-

370 2548 506 2587 rum;
544 2549 653 2596 quae
694 2550 806 2581 cum
842 2550 869 2581 e
903 2535 1140 2583 memoria
1179 2534 1306 2582 elabi
1346 2541 1475 2596 aptae
1515 2533 1630 2593 sint,
1665 2548 1755 2597 per

369 2608 516 2655 verba
538 2608 635 2667 illa,
661 2609 834 2672 quibus
866 2611 1260 2670 conscribuntur,
1293 2610 1515 2658 revocari
1547 2610 1752 2674 possint.

369 2682 556 2732 Primus
581 2700 698 2748 ergo
722 2701 836 2732 usus
860 2687 1114 2735 nominum
1137 2694 1228 2743 est,
1262 2693 1320 2734 ut
1354 2685 1453 2734 sint
1492 2701 1583 2749 pro
1618 2683 1752 2733 notis

368 2757 430 2804 ad
455 2760 752 2807 memoriam.
824 2761 962 2810 Alter
985 2770 1076 2822 est,
1095 2769 1355 2826 postquam
1373 2761 1515 2809 multi
1541 2760 1752 2810 eundem

369 2833 619 2883 calluerint
643 2852 932 2896 sermonem,
958 2846 1012 2886 ut
1036 2838 1208 2886 ordine
1244 2845 1295 2886 et
1327 2837 1631 2886 connexione
1664 2852 1753 2884 sua

1888 2671 1910 3236 Qfflamfflu.w-
1899 2592 1910 2654 ων.
1903 2466 1910 2569 ¹.....--.
1907 2391 1910 2395 .
