1968 3236
389 309 483 350 262
886 315 953 346 DE
982 314 1255 346 clvrrA‘rE.

120 451 369 483 mnxxm,
389 428 535 476 tionis
575 426 805 474 naturalis
845 433 931 481 est,
968 435 1021 471 ut
1062 425 1158 471 sint
1181 425 1344 472 omnia
1378 425 1428 472 in
1466 441 1552 472 suo
1586 440 1766 488 genere

150 506 334 579 {W
391 504 588 567 optima.
660 503 714 549 In
747 500 1107 564 precationibus
1131 508 1181 547 et
1203 501 1471 563 gratiarum
1495 500 1766 548 actionibus

152 561 351 623 nssfffiffiii‘ssmu.
392 579 643 634 dictiones,
668 577 828 633 verba,
855 583 903 622 et
928 575 1083 622 oratio
1107 583 1228 631 tota,
1254 575 1294 622 si
1318 575 1491 634 subita,
1516 575 1655 634 levia,
1680 584 1767 623 aut

390 655 570 701 rustica
604 654 715 710 sint,
740 668 765 698 e
800 651 934 698 cultu
967 651 1145 708 divino,
1170 650 1253 698 ubi
1286 651 1448 698 omnia
1481 651 1684 714 pulchra
1718 658 1767 698 et

390 729 615 776 decenter
653 727 922 790 composita
963 742 1067 774 esse
1114 726 1307 785 debent,
1349 727 1586 790 ejicienda
1621 733 1765 780 sunt;

388 821 499 851 nam
524 804 679 851 Deum
712 802 893 864 alioqui
920 818 1019 849 non
1060 802 1352 850 honoramus
1387 811 1622 865 quantum
1654 817 1766 865 pos-

387 895 565 927 sumus.
638 878 784 927 Quod
808 885 979 941 gentes
1002 877 1236 940 imagines
1259 893 1348 940 pro
1374 877 1477 925 Deo
1497 878 1766 935 coluerunt,

387 956 607 1003 fecerunt
631 954 836 1001 absurde
858 975 869 1008 ;
907 953 992 1000 sed
1016 951 1147 1015 quod
1178 953 1471 1001 carminibus
1495 960 1544 1001 et
1566 953 1766 1011 musica,

388 1039 490 1078 tum
515 1030 669 1077 vocali
688 1037 792 1077 tum
812 1029 1055 1091 organica,
1074 1027 1125 1075 id
1147 1028 1369 1087 fecerint,
1388 1028 1629 1076 laudabile
1647 1036 1766 1078 erat.

388 1106 621 1169 Septimo,
647 1105 800 1152 dictat
822 1104 948 1151 ratio
963 1104 1195 1151 naturalis
1213 1120 1312 1151 non
1336 1103 1491 1151 solum
1509 1113 1566 1151 ut
1580 1113 1768 1152 secreto

387 1182 615 1238 colamus,
641 1180 726 1227 sed
762 1180 923 1236 etiam,
949 1187 998 1226 et
1032 1179 1292 1242 praecipue,
1317 1179 1366 1226 in
1385 1180 1579 1243 publico
1604 1196 1768 1228 coram

386 1256 678 1304 hominibus.
750 1255 876 1302 Nam
901 1256 1081 1318 absque
1107 1271 1179 1312 eo,
1204 1256 1255 1303 id
1280 1255 1411 1319 quod
1433 1257 1483 1303 in
1507 1256 1642 1304 cultu
1661 1271 1769 1320 gra-

387 1333 625 1379 tissimum
665 1339 753 1389 est,
786 1346 975 1393 nempe,
1010 1340 1066 1377 ut
1098 1331 1179 1377 alii
1216 1331 1278 1378 ad
1316 1331 1572 1379 colendum
1611 1331 1766 1379 Deum

387 1407 732 1471 perducantur,
774 1406 917 1469 perit.
1005 1406 1270 1463 Postremo,
1316 1405 1505 1468 legibus
1553 1406 1767 1465 obedire,

389 1499 560 1546 nempe
584 1483 773 1546 legibus
796 1491 1000 1539 naturae,
1030 1482 1164 1541 (nam
1187 1481 1430 1543 loquimur
1453 1482 1533 1530 hic
1551 1482 1611 1530 de
1635 1482 1771 1531 cultu

387 1559 635 1620 naturali),
661 1558 871 1621 optimus
906 1556 1120 1604 omnium
1148 1557 1307 1604 cultus
1340 1565 1440 1612 est3
1477 1558 1603 1606 sicut
1640 1558 1767 1605 enim

388 1635 516 1697 apud
541 1635 698 1682 Deum
721 1633 967 1696 acceptior
991 1640 1064 1680 est
1088 1632 1335 1680 sacrificiis
1359 1634 1581 1681 omnibus
1605 1633 1771 1682 obedi-

389 1710 520 1757 entia
541 1731 551 1764 ;
588 1711 658 1757 ita
673 1709 820 1756 etiam
845 1708 1075 1756 mandata
1100 1708 1187 1754 Dei
1211 1709 1542 1770 parvifacere,
1561 1710 1772 1757 maxima

388 1793 462 1832 est
487 1784 904 1833 contumeliarum.

455 1862 631 1923 Atquae
670 1861 746 1908 hae
787 1871 901 1907 sunt
939 1858 1090 1906 divini
1136 1858 1294 1906 cultus
1335 1859 1466 1922 leges
1507 1859 1769 1908 naturales.

391 1936 634 1985 Quoniam
669 1945 833 1983 autem
869 1934 1039 1982 civitas
1062 1949 1271 1997 persona
1292 1935 1438 1982 unica
1461 1943 1548 1994 est,
1572 1935 1770 1983 unicum

390 2011 616 2060 exhibere
641 2011 746 2059 Deo
771 2010 956 2058 cultum
987 2016 1164 2073 potest,
1185 2009 1235 2057 id
1258 2018 1346 2068 est,
1372 2010 1557 2059 cultum
1582 2011 1771 2074 legibus

390 2087 609 2135 civilibus
640 2087 960 2150 imperatum3
997 2085 1079 2148 qui
1114 2085 1274 2133 cultus
1307 2086 1528 2149 publicus
1563 2087 1770 2143 dicitur;

389 2178 479 2210 nec
497 2170 660 2226 potest
684 2177 801 2219 esse,
825 2161 917 2208 nisi
941 2159 1208 2208 uniformis.

456 2237 673 2301 Cumque
696 2237 843 2284 verba
878 2235 1054 2294 omnia,
1079 2243 1129 2283 et
1160 2236 1364 2299 proinde
1395 2238 1632 2286 attributa
1663 2237 1770 2298 Dei,

390 2312 795 2374 significationem
818 2327 954 2359 suam
978 2311 1191 2359 habeant
1209 2327 1239 2359 a
1257 2328 1495 2361 consensu
1519 2320 1569 2361 et
1591 2313 1773 2362 consti-

391 2389 579 2436 tutione
594 2387 866 2441 hominum;
886 2386 1120 2434 attributa
1137 2386 1221 2434 illa
1234 2403 1321 2450 pro
1336 2388 1485 2451 signis
1500 2389 1773 2438 honorandi

390 2462 612 2511 habenda
626 2471 752 2519 sunt,
763 2478 870 2525 quae
886 2462 954 2509 ita
966 2462 1134 2509 haberi
1149 2463 1318 2511 volunt
1331 2463 1567 2513 homines.
1605 2464 1773 2514 Quod-

391 2554 580 2601 cunque
603 2546 765 2586 autem
789 2538 1038 2585 voluntate
1068 2538 1318 2586 hominum
1349 2540 1454 2587 fieri
1488 2548 1665 2603 potest,
1688 2540 1772 2589 ubi

391 2613 523 2661 nulla
546 2614 640 2661 alia
662 2613 740 2661 lex
759 2620 831 2660 est
849 2622 1027 2675 praeter
1044 2612 1299 2672 rationem,
1311 2615 1412 2662 fieri
1431 2615 1577 2663 etiam
1594 2623 1771 2680 potest,

391 2690 582 2737 volente
617 2689 830 2746 civitate,
853 2705 941 2752 per
975 2688 1107 2752 leges
1142 2689 1320 2738 civiles.
1392 2691 1537 2740 Quod
1560 2700 1773 2740 autema

393 2764 589 2811 civitate
613 2764 717 2812 fieri
741 2771 916 2828 potest,
935 2764 1064 2812 idem
1083 2765 1227 2812 etiam
1252 2782 1339 2828 per
1363 2766 1512 2825 illum,
1534 2768 1616 2831 qui
1641 2782 1772 2816 sum—

393 2854 519 2887 mam
537 2840 684 2888 habet
701 2840 751 2888 in
767 2839 963 2888 civitate
981 2841 1402 2902 potestatem,fieri
1418 2848 1595 2905 potest.
1621 2843 1773 2907 Signa
