1968 3236
0 202 5 278 ἒ
679 242 750 276 nn
777 241 1050 276 crvirATss.
1450 230 1548 274 249

172 354 340 402 borem
359 352 682 416 compellendi
701 362 845 407 sunt;
873 360 921 401 et
940 368 1001 400 ne
1020 368 1070 400 se
1089 358 1322 399 excusent
1340 350 1548 398 dicendo
1581 373 1685 405 cm»,
1703 372 1819 405 xxx,

167 444 304 477 nemo
341 428 591 486 conduxit,
627 428 842 476 ferendae
883 437 998 476 sunt
1031 428 1161 491 leges
1198 427 1374 491 quibus
1413 426 1548 474 navi-
1567 428 1808 497 nem

167 502 332 567 gandi,
356 503 685 566 agriculturae,
711 504 986 567 piscaturae,
1006 503 1210 566 aliaeque
1233 510 1364 550 artes
1382 517 1550 550 omnes
1565 513 1604 541 mi
1618 512 1794 550 imperantis

169 594 278 642 quae
311 578 526 627 laborem
559 580 826 643 postulant,
858 579 1129 627 foveantur.
1201 579 1253 627 Si
1284 586 1450 626 tamen
1476 577 1551 625 in-

169 653 394 717 digorum
417 654 650 702 continuo
675 663 863 702 crescat
898 670 1143 711 numeruS,
1176 654 1226 701 in
1250 661 1404 702 terras
1428 668 1550 701 non-

170 727 287 777 dum
315 728 432 777 satis
473 728 768 777 inhabitatas
805 729 1129 777 transferendi
1166 735 1280 776 sunt
1298 750 1318 789 i
1347 744 1447 776 11011
1480 735 1552 776 ta-

142 819 283 858 s'men
307 812 363 851 ut
386 803 569 852 incolas
592 813 781 852 veteres
806 804 1203 863 exterminarent,
1229 804 1315 852 sed
1338 804 1551 868 compel-

0 862 140 999 J
169 880 328 928 lerent
350 878 400 926 in
436 879 789 927 habitationem
824 880 1101 938 arctiorem,
1137 895 1199 927 ne
1235 895 1413 943 magna
1446 879 1552 943 agri

170 955 328 1019 spatia
350 963 689 1018 percurrentes
723 972 753 1002 a
783 955 1022 1003 fructibus
1056 962 1229 1018 sponte
1261 955 1388 1003 natis
1422 954 1552 1003 vive-

169 1036 295 1088 rent,
332 1029 418 1077 sed
457 1029 689 1077 alimenta
725 1046 754 1076 a
789 1029 991 1092 singulis
1025 1029 1193 1093 agellis
1226 1029 1362 1078 cultu
1384 1029 1553 1078 sedulo

170 1105 504 1168 impetrarent.
576 1106 627 1152 Si
646 1105 842 1169 quando
857 1113 1019 1153 autem
1038 1105 1282 1153 alimentis
1300 1105 1553 1153 hominum

171 1187 303 1228 terra
324 1196 425 1227 11011
450 1181 709 1239 sufficeret,
727 1180 997 1228 remedium
1015 1180 1242 1227 ultimum
1257 1197 1286 1228 a
1302 1181 1430 1229 bello
1446 1181 1554 1240 erit,

173 1255 398 1304 omnibus
421 1256 498 1303 vel
522 1256 727 1304 victoria
750 1256 826 1303 vel
850 1263 1006 1303 morte
1030 1256 1308 1304 suffecturo.

238 1331 318 1379 Ad
341 1347 508 1379 curam
540 1332 686 1379 etiam
716 1332 892 1379 summi
930 1331 1213 1418 imperantis
1243 1332 1473 1394 pertinet,
1497 1339 1554 1379 ut

172 1407 315 1455 bonae
339 1407 460 1454 fiant
487 1406 633 1469 leges.
693 1406 790 1454 Sed
812 1407 891 1454 lex
915 1407 1043 1454 bona
1066 1422 1290 1469 quaenam
1314 1406 1414 1455 est?
1457 1406 1556 1454 Per

172 1482 351 1530 bonam
369 1481 526 1545 legem
549 1482 786 1545 intelligo,
811 1498 912 1530 non
930 1481 1089 1545 legem
1109 1483 1308 1544 justam.
1367 1483 1557 1546 Injusta

173 1557 303 1606 enim
327 1572 425 1604 non
448 1564 610 1620 potest
634 1572 736 1604 0550
755 1557 855 1611 lex;
882 1564 937 1604 ut
962 1572 1071 1620 quae
1099 1557 1156 1603 fit
1175 1557 1555 1621 uniuscujusque

174 1633 292 1682 civis
307 1647 548 1680 consensu
562 1633 612 1679 in
630 1633 857 1696 seipsum.
897 1632 996 1679 Lex
1013 1633 1143 1680 bona
1157 1640 1233 1679 est
1252 1632 1349 1692 illa,
1369 1649 1478 1696 quae
1493 1632 1558 1680 ad

172 1708 377 1757 salutem
399 1707 568 1771 populi
590 1709 879 1756 necessaria
899 1715 987 1767 est,
1012 1716 1062 1756 et
1085 1708 1229 1758 simul
1238 1709 1533 1773 perspicua.

239 1783 370 1832 Finis
392 1783 522 1830 enim
555 1782 717 1847 legum
741 1783 782 1831 is
806 1799 903 1831 non
931 1791 1021 1842 est,
1053 1790 1108 1831 ut
1130 1784 1365 1847 populum
1388 1784 1448 1831 ab
1483 1784 1557 1831 in-

172 1859 320 1907 noxia
340 1858 565 1906 libertate
599 1858 902 1916 cohiberent,
939 1858 1024 1906 sed
1058 1874 1120 1906 ne
1154 1859 1216 1906 ab
1242 1858 1424 1923 impetu
1447 1875 1557 1922 pas-

174 1934 382 1994 sionum,
399 1934 691 1992 temeritate,
710 1941 761 1982 et
784 1934 992 1982 stultitia
1008 1934 1059 1981 in
1076 1934 1293 1997 pericula
1310 1942 1360 1982 et
1378 1934 1559 1982 damna

175 2009 368 2058 sibimet
385 2009 501 2072 ipsis
520 2016 568 2056 et
587 2009 774 2057 civitati
792 2009 1123 2064 incurrerent;
1144 2009 1555 2073 quemadmodum

173 2085 280 2144 viae,
303 2101 402 2133 non
426 2093 482 2133 ut
499 2085 764 2133 viatoribus
786 2085 1132 2148 impedimento
1153 2086 1267 2144 sint,
1288 2086 1556 2149 sepiuntur,

175 2160 263 2210 sed
301 2177 363 2209 ne
408 2177 520 2209 cum
562 2161 739 2224 injuria
786 2161 1059 2209 concivium
1106 2169 1556 2225 extravagarentur.

176 2236 276 2286 Lex
298 2237 464 2300 itaque
487 2252 595 2299 quae
619 2236 906 2284 necessaria
930 2252 1028 2284 non
1053 2244 1128 2284 est
1150 2253 1242 2284 nec
1265 2236 1386 2299 legis
1410 2237 1558 2283 finem

175 2318 379 2376 spectat,
414 2328 512 2360 non
548 2320 622 2359 est
655 2312 799 2359 bona.
872 2311 968 2359 Lex
1005 2312 1045 2359 si
1081 2328 1269 2360 summo
1300 2311 1558 2375 imperanti

175 2387 308 2436 utilis
331 2387 411 2446 sit,
437 2387 528 2435 etsi
551 2387 824 2435 necessaria
846 2402 945 2434 non
969 2387 1046 2444 sit,
1070 2387 1200 2435 bona
1223 2395 1389 2434 tamen
1411 2386 1558 2433 alicui

176 2462 329 2511 videri
351 2469 530 2526 potest.
603 2461 700 2509 Sed
723 2477 822 2509 non
847 2469 921 2508 est
950 2461 1032 2509 ita.
1103 2461 1293 2509 Bonum
1318 2460 1447 2508 enim
1469 2477 1558 2524 po-

176 2537 279 2602 puli
317 2546 368 2586 et
401 2538 505 2600 ejus
539 2537 622 2600 qui
659 2537 808 2584 habet
830 2552 1067 2584 summam
1090 2543 1396 2599 potestatem,
1421 2551 1558 2599 sepa-

177 2612 276 2661 rari
310 2628 341 2660 a
377 2628 428 2660 se
468 2612 677 2660 invicem
715 2628 816 2660 non
856 2620 1072 2675 possunt.
1143 2611 1373 2674 Princeps
1410 2611 1556 2667 enim,

179 2686 264 2751 qui
296 2686 505 2735 subditis
539 2686 728 2734 miseris
763 2685 986 2749 imperat,
1012 2685 1158 2733 miser
1192 2694 1296 2739 est;
1334 2693 1383 2732 et
1405 2701 1559 2748 popu-

17 2770 60 2811 fis
178 2760 254 2810 lus
283 2761 454 2810 debilis
488 2770 577 2819 est,
612 2761 675 2809 ad
709 2777 829 2824 quos
866 2761 1106 2824 regendos
1140 2760 1343 2808 arbitrio
1377 2775 1464 2807 suo
1501 2760 1557 2818 is,

180 2836 264 2899 qui
285 2852 522 2886 summam
555 2837 702 2885 habet
734 2844 1042 2899 potestatem,
1078 2852 1176 2885 non
1205 2836 1352 2883 habet
1385 2843 1558 2899 poten-
