<?xml version="1.0" encoding="UTF-8"?>
<!DOCTYPE html PUBLIC "-//W3C//DTD XHTML 1.0 Transitional//EN"
    "http://www.w3.org/TR/xhtml1/DTD/xhtml1-transitional.dtd">
<html xmlns="http://www.w3.org/1999/xhtml" xml:lang="en" lang="en">
 <head>
  <title>
</title>
<meta http-equiv="Content-Type" content="text/html;charset=utf-8" />
  <meta name='ocr-system' content='tesseract 3.04.00' />
  <meta name='ocr-capabilities' content='ocr_page ocr_carea ocr_par ocr_line ocrx_word'/>
</head>
<body>
  <div class='ocr_page' id='page_1' title='image "./operaphilosophic03hobbuoft_0241.png"; bbox 0 0 1968 3236; ppageno 0'>
   <div class='ocr_carea' id='block_1_1' title="bbox 687 217 1570 264">
    <p class='ocr_par' dir='ltr' id='par_1_1' title="bbox 687 217 1570 264">
     <span class='ocr_line' id='line_1_1' title="bbox 687 217 1570 264; baseline -0.005 0"><span class='ocrx_word' id='word_1_1' title='bbox 687 230 760 264; x_wconf 70' lang='lat' dir='ltr'>ns·</span> <span class='ocrx_word' id='word_1_2' title='bbox 791 228 1073 263; x_wconf 71' lang='grc' dir='ltr'><strong>οινιτΑτΒ..</strong></span> <span class='ocrx_word' id='word_1_3' title='bbox 1479 217 1570 260; x_wconf 84' lang='grc'>241</span> 
     </span>
    </p>
   </div>
   <div class='ocr_carea' id='block_1_2' title="bbox 0 335 1846 2952">
    <p class='ocr_par' dir='ltr' id='par_1_2' title="bbox 0 335 1846 2952">
     <span class='ocr_line' id='line_1_2' title="bbox 194 335 1846 404; baseline -0.002 -17"><span class='ocrx_word' id='word_1_4' title='bbox 194 339 311 404; x_wconf 83' lang='lat' dir='ltr'>quia</span> <span class='ocrx_word' id='word_1_5' title='bbox 329 352 420 403; x_wconf 87' lang='lat' dir='ltr'>per</span> <span class='ocrx_word' id='word_1_6' title='bbox 441 338 768 403; x_wconf 84' lang='lat' dir='ltr'>ignorantiam</span> <span class='ocrx_word' id='word_1_7' title='bbox 792 339 964 387; x_wconf 89' lang='lat' dir='ltr'>harum</span> <span class='ocrx_word' id='word_1_8' title='bbox 989 353 1152 386; x_wconf 92' lang='lat' dir='ltr'>rerum</span> <span class='ocrx_word' id='word_1_9' title='bbox 1174 337 1303 385; x_wconf 59' lang='lat' dir='ltr'>cives</span> <span class='ocrx_word' id='word_1_10' title='bbox 1326 336 1492 384; x_wconf 89' lang='lat' dir='ltr'>seduci</span> <span class='ocrx_word' id='word_1_11' title='bbox 1514 335 1579 384; x_wconf 85' lang='lat' dir='ltr'>ad</span> <span class='ocrx_word' id='word_1_12' title='bbox 1612 360 1715 392; x_wconf 59' lang='lat' dir='ltr'>eff,</span> <span class='ocrx_word' id='word_1_13' title='bbox 1734 360 1846 392; x_wconf 67' lang='lat' dir='ltr'>xxx,</span> 
     </span>
     <span class='ocr_line' id='line_1_3' title="bbox 193 413 1835 482; baseline -0.003 -18"><span class='ocrx_word' id='word_1_14' title='bbox 193 414 483 465; x_wconf 78' lang='lat' dir='ltr'>seditionem</span> <span class='ocrx_word' id='word_1_15' title='bbox 507 414 648 463; x_wconf 85' lang='lat' dir='ltr'>facile</span> <span class='ocrx_word' id='word_1_16' title='bbox 671 422 873 478; x_wconf 87' lang='lat' dir='ltr'>possunt</span> <span class='ocrx_word' id='word_1_17' title='bbox 897 423 948 462; x_wconf 90' lang='lat' dir='ltr'>et</span> <span class='ocrx_word' id='word_1_18' title='bbox 971 413 1143 462; x_wconf 88' lang='lat' dir='ltr'><strong>solent.</strong></span> <span class='ocrx_word' id='word_1_19' title='bbox 1596 415 1835 482; x_wconf 51' lang='lat' dir='ltr'>nem</span> 
     </span>
     <span class='ocr_line' id='line_1_4' title="bbox 261 485 1825 552; baseline -0.003 -13"><span class='ocrx_word' id='word_1_20' title='bbox 261 490 454 539; x_wconf 84' lang='lat' dir='ltr'>Horum</span> <span class='ocrx_word' id='word_1_21' title='bbox 467 498 630 538; x_wconf 87' lang='lat' dir='ltr'>autem</span> <span class='ocrx_word' id='word_1_22' title='bbox 643 490 827 552; x_wconf 68' lang='lat' dir='ltr'>Jurium</span> <span class='ocrx_word' id='word_1_23' title='bbox 842 489 1159 537; x_wconf 87' lang='lat' dir='ltr'>fundamenta</span> <span class='ocrx_word' id='word_1_24' title='bbox 1171 504 1230 537; x_wconf 92' lang='lat' dir='ltr'>eo</span> <span class='ocrx_word' id='word_1_25' title='bbox 1246 487 1401 552; x_wconf 89' lang='lat' dir='ltr'>magis</span> <span class='ocrx_word' id='word_1_26' title='bbox 1415 485 1581 535; x_wconf 87' lang='lat' dir='ltr'>doceri</span> <span class='ocrx_word' id='word_1_27' title='bbox 1596 498 1635 525; x_wconf 80' lang='lat' dir='ltr'>mi</span> <span class='ocrx_word' id='word_1_28' title='bbox 1649 497 1825 534; x_wconf 61' lang='lat' dir='ltr'>hum-¹¹2³*</span> 
     </span>
     <span class='ocr_line' id='line_1_5' title="bbox 193 563 1581 629; baseline -0.003 -14"><span class='ocrx_word' id='word_1_29' title='bbox 193 565 391 623; x_wconf 88' lang='lat' dir='ltr'>debent,</span> <span class='ocrx_word' id='word_1_30' title='bbox 410 565 543 629; x_wconf 90' lang='lat' dir='ltr'>quod</span> <span class='ocrx_word' id='word_1_31' title='bbox 572 565 696 628; x_wconf 89' lang='lat' dir='ltr'>juris</span> <span class='ocrx_word' id='word_1_32' title='bbox 731 565 965 613; x_wconf 88' lang='lat' dir='ltr'>naturalis</span> <span class='ocrx_word' id='word_1_33' title='bbox 999 572 1128 623; x_wconf 90' lang='lat' dir='ltr'>sunt,</span> <span class='ocrx_word' id='word_1_34' title='bbox 1169 580 1269 613; x_wconf 92' lang='lat' dir='ltr'>non</span> <span class='ocrx_word' id='word_1_35' title='bbox 1306 563 1494 618; x_wconf 86' lang='lat' dir='ltr'>civilis;</span> <span class='ocrx_word' id='word_1_36' title='bbox 1529 571 1581 610; x_wconf 95' lang='lat' dir='ltr'>et</span> 
     </span>
     <span class='ocr_line' id='line_1_6' title="bbox 191 638 1579 707; baseline -0.003 -16"><span class='ocrx_word' id='word_1_37' title='bbox 191 641 442 707; x_wconf 83' lang='lat' dir='ltr'>punienda</span> <span class='ocrx_word' id='word_1_38' title='bbox 478 657 648 689; x_wconf 92' lang='lat' dir='ltr'>eorum</span> <span class='ocrx_word' id='word_1_39' title='bbox 680 641 1015 704; x_wconf 84' lang='lat' dir='ltr'>transgressio,</span> <span class='ocrx_word' id='word_1_40' title='bbox 1038 657 1138 689; x_wconf 92' lang='lat' dir='ltr'>non</span> <span class='ocrx_word' id='word_1_41' title='bbox 1167 648 1223 688; x_wconf 91' lang='lat' dir='ltr'>ut</span> <span class='ocrx_word' id='word_1_42' title='bbox 1256 638 1579 703; x_wconf 84' lang='lat' dir='ltr'>transgressio</span> 
     </span>
     <span class='ocr_line' id='line_1_7' title="bbox 192 714 1578 781; baseline -0.002 -17"><span class='ocrx_word' id='word_1_43' title='bbox 192 716 357 781; x_wconf 88' lang='lat' dir='ltr'>legum</span> <span class='ocrx_word' id='word_1_44' title='bbox 393 716 625 774; x_wconf 89' lang='lat' dir='ltr'>civilium,</span> <span class='ocrx_word' id='word_1_45' title='bbox 666 716 753 764; x_wconf 89' lang='lat' dir='ltr'>sed</span> <span class='ocrx_word' id='word_1_46' title='bbox 789 715 1079 764; x_wconf 86' lang='lat' dir='ltr'>vindicanda</span> <span class='ocrx_word' id='word_1_47' title='bbox 1114 723 1173 763; x_wconf 90' lang='lat' dir='ltr'>ut-</span> <span class='ocrx_word' id='word_1_48' title='bbox 1204 715 1336 763; x_wconf 86' lang='lat' dir='ltr'>facta</span> <span class='ocrx_word' id='word_1_49' title='bbox 1367 714 1578 762; x_wconf 85' lang='lat' dir='ltr'>hostilia.</span> 
     </span>
     <span class='ocr_line' id='line_1_8' title="bbox 193 789 1580 854; baseline -0.002 -14"><span class='ocrx_word' id='word_1_50' title='bbox 193 791 462 841; x_wconf 87' lang='lat' dir='ltr'>Continent</span> <span class='ocrx_word' id='word_1_51' title='bbox 492 791 622 839; x_wconf 92' lang='lat' dir='ltr'>enim</span> <span class='ocrx_word' id='word_1_52' title='bbox 646 792 972 851; x_wconf 89' lang='lat' dir='ltr'>rebellionem,</span> <span class='ocrx_word' id='word_1_53' title='bbox 996 791 1047 839; x_wconf 92' lang='lat' dir='ltr'>id</span> <span class='ocrx_word' id='word_1_54' title='bbox 1070 800 1160 850; x_wconf 90' lang='lat' dir='ltr'>est,</span> <span class='ocrx_word' id='word_1_55' title='bbox 1180 791 1343 854; x_wconf 89' lang='lat' dir='ltr'>legum</span> <span class='ocrx_word' id='word_1_56' title='bbox 1365 789 1580 838; x_wconf 86' lang='lat' dir='ltr'>civilium</span> 
     </span>
     <span class='ocr_line' id='line_1_9' title="bbox 190 865 1581 931; baseline -0.001 -16"><span class='ocrx_word' id='word_1_57' title='bbox 190 866 336 915; x_wconf 81' lang='lat' dir='ltr'>simul</span> <span class='ocrx_word' id='word_1_58' title='bbox 367 868 584 915; x_wconf 92' lang='lat' dir='ltr'>omnium</span> <span class='ocrx_word' id='word_1_59' title='bbox 616 868 1048 931; x_wconf 84' lang='lat' dir='ltr'>transgressionem</span> <span class='ocrx_word' id='word_1_60' title='bbox 1071 868 1148 915; x_wconf 88' lang='lat' dir='ltr'>vel</span> <span class='ocrx_word' id='word_1_61' title='bbox 1170 867 1332 931; x_wconf 88' lang='lat' dir='ltr'>potius</span> <span class='ocrx_word' id='word_1_62' title='bbox 1354 865 1581 930; x_wconf 87' lang='lat' dir='ltr'>repudia·</span> 
     </span>
     <span class='ocr_line' id='line_1_10' title="bbox 190 941 1580 1006; baseline -0.002 -15"><span class='ocrx_word' id='word_1_63' title='bbox 190 942 374 991; x_wconf 86' lang='lat' dir='ltr'>tionem</span> <span class='ocrx_word' id='word_1_64' title='bbox 391 963 404 995; x_wconf 72' lang='grc' dir='ltr'>ς</span> <span class='ocrx_word' id='word_1_65' title='bbox 440 951 488 990; x_wconf 92' lang='lat' dir='ltr'>et</span> <span class='ocrx_word' id='word_1_66' title='bbox 507 951 764 1006; x_wconf 90' lang='lat' dir='ltr'>propterea</span> <span class='ocrx_word' id='word_1_67' title='bbox 778 943 884 1006; x_wconf 88' lang='lat' dir='ltr'>lege</span> <span class='ocrx_word' id='word_1_68' title='bbox 899 943 1028 991; x_wconf 87' lang='lat' dir='ltr'>civili</span> <span class='ocrx_word' id='word_1_69' title='bbox 1046 943 1228 991; x_wconf 88' lang='lat' dir='ltr'>frustra</span> <span class='ocrx_word' id='word_1_70' title='bbox 1243 941 1580 1005; x_wconf 89' lang='lat' dir='ltr'>prohibentur.</span> 
     </span>
     <span class='ocr_line' id='line_1_11' title="bbox 259 1018 1581 1082; baseline -0.002 -15"><span class='ocrx_word' id='word_1_71' title='bbox 259 1018 386 1067; x_wconf 89' lang='lat' dir='ltr'>Sunt</span> <span class='ocrx_word' id='word_1_72' title='bbox 422 1019 507 1082; x_wconf 91' lang='lat' dir='ltr'>qui</span> <span class='ocrx_word' id='word_1_73' title='bbox 542 1020 656 1082; x_wconf 89' lang='lat' dir='ltr'>jura</span> <span class='ocrx_word' id='word_1_74' title='bbox 689 1018 798 1067; x_wconf 88' lang='lat' dir='ltr'>haec</span> <span class='ocrx_word' id='word_1_75' title='bbox 832 1019 1121 1078; x_wconf 87' lang='lat' dir='ltr'>essentialia,</span> <span class='ocrx_word' id='word_1_76' title='bbox 1157 1018 1333 1082; x_wconf 90' lang='lat' dir='ltr'>quibus</span> <span class='ocrx_word' id='word_1_77' title='bbox 1368 1024 1581 1064; x_wconf 87' lang='lat' dir='ltr'>rectores</span> 
     </span>
     <span class='ocr_line' id='line_1_12' title="bbox 190 1092 1580 1157; baseline -0.002 -15"><span class='ocrx_word' id='word_1_78' title='bbox 190 1093 445 1143; x_wconf 82' lang='lat' dir='ltr'>civitatum</span> <span class='ocrx_word' id='word_1_79' title='bbox 484 1102 778 1157; x_wconf 86' lang='lat' dir='ltr'>potestatem</span> <span class='ocrx_word' id='word_1_80' title='bbox 819 1095 1090 1142; x_wconf 87' lang='lat' dir='ltr'>absolutam</span> <span class='ocrx_word' id='word_1_81' title='bbox 1113 1094 1311 1151; x_wconf 86' lang='lat' dir='ltr'>habent,</span> <span class='ocrx_word' id='word_1_82' title='bbox 1334 1092 1480 1140; x_wconf 89' lang='lat' dir='ltr'>nullis</span> <span class='ocrx_word' id='word_1_83' title='bbox 1502 1108 1580 1139; x_wconf 86' lang='lat' dir='ltr'>ra-</span> 
     </span>
     <span class='ocr_line' id='line_1_13' title="bbox 190 1167 1579 1233; baseline -0.003 -15"><span class='ocrx_word' id='word_1_84' title='bbox 190 1169 406 1218; x_wconf 85' lang='lat' dir='ltr'>tionibus</span> <span class='ocrx_word' id='word_1_85' title='bbox 421 1170 619 1233; x_wconf 87' lang='lat' dir='ltr'>probari</span> <span class='ocrx_word' id='word_1_86' title='bbox 641 1186 782 1233; x_wconf 88' lang='lat' dir='ltr'>posse</span> <span class='ocrx_word' id='word_1_87' title='bbox 803 1170 1060 1218; x_wconf 86' lang='lat' dir='ltr'>dictitant:</span> <span class='ocrx_word' id='word_1_88' title='bbox 1096 1186 1210 1217; x_wconf 86' lang='lat' dir='ltr'>nam</span> <span class='ocrx_word' id='word_1_89' title='bbox 1227 1169 1268 1217; x_wconf 91' lang='lat' dir='ltr'>si</span> <span class='ocrx_word' id='word_1_90' title='bbox 1290 1175 1504 1231; x_wconf 87' lang='lat' dir='ltr'>possent,</span> <span class='ocrx_word' id='word_1_91' title='bbox 1528 1167 1579 1214; x_wconf 93' lang='lat' dir='ltr'>in</span> 
     </span>
     <span class='ocr_line' id='line_1_14' title="bbox 190 1243 1581 1309; baseline -0.002 -17"><span class='ocrx_word' id='word_1_92' title='bbox 190 1244 355 1309; x_wconf 86' lang='lat' dir='ltr'>aliqua</span> <span class='ocrx_word' id='word_1_93' title='bbox 377 1245 549 1292; x_wconf 87' lang='lat' dir='ltr'>saltem</span> <span class='ocrx_word' id='word_1_94' title='bbox 577 1245 789 1303; x_wconf 82' lang='lat' dir='ltr'>civitate,</span> <span class='ocrx_word' id='word_1_95' title='bbox 812 1246 974 1309; x_wconf 89' lang='lat' dir='ltr'>aliquo</span> <span class='ocrx_word' id='word_1_96' title='bbox 1009 1254 1245 1308; x_wconf 91' lang='lat' dir='ltr'>tempore,</span> <span class='ocrx_word' id='word_1_97' title='bbox 1269 1243 1439 1307; x_wconf 86' lang='lat' dir='ltr'>agnita</span> <span class='ocrx_word' id='word_1_98' title='bbox 1471 1250 1581 1290; x_wconf 87' lang='lat' dir='ltr'>tan-</span> 
     </span>
     <span class='ocr_line' id='line_1_15' title="bbox 191 1320 1578 1383; baseline -0.002 -15"><span class='ocrx_word' id='word_1_99' title='bbox 191 1320 304 1369; x_wconf 91' lang='lat' dir='ltr'>dem</span> <span class='ocrx_word' id='word_1_100' title='bbox 327 1321 389 1369; x_wconf 86' lang='lat' dir='ltr'>ab</span> <span class='ocrx_word' id='word_1_101' title='bbox 412 1320 652 1383; x_wconf 88' lang='lat' dir='ltr'>aliquibus</span> <span class='ocrx_word' id='word_1_102' title='bbox 674 1330 850 1369; x_wconf 88' lang='lat' dir='ltr'>essent.</span> <span class='ocrx_word' id='word_1_103' title='bbox 921 1321 1019 1380; x_wconf 81' lang='lat' dir='ltr'>Sed</span> <span class='ocrx_word' id='word_1_104' title='bbox 1053 1337 1152 1368; x_wconf 92' lang='lat' dir='ltr'>non</span> <span class='ocrx_word' id='word_1_105' title='bbox 1185 1328 1319 1368; x_wconf 89' lang='lat' dir='ltr'>recte</span> <span class='ocrx_word' id='word_1_106' title='bbox 1349 1325 1578 1382; x_wconf 90' lang='lat' dir='ltr'>arguunt.</span> 
     </span>
     <span class='ocr_line' id='line_1_16' title="bbox 189 1381 1580 1459; baseline -0.002 -15"><span class='ocrx_word' id='word_1_107' title='bbox 189 1395 404 1459; x_wconf 87' lang='lat' dir='ltr'>Tempus</span> <span class='ocrx_word' id='word_1_108' title='bbox 438 1396 567 1443; x_wconf 89' lang='lat' dir='ltr'>enim</span> <span class='ocrx_word' id='word_1_109' title='bbox 605 1404 725 1454; x_wconf 90' lang='lat' dir='ltr'>erat,</span> <span class='ocrx_word' id='word_1_110' title='bbox 759 1396 811 1443; x_wconf 92' lang='lat' dir='ltr'>in</span> <span class='ocrx_word' id='word_1_111' title='bbox 857 1412 953 1459; x_wconf 92' lang='lat' dir='ltr'>quo</span> <span class='ocrx_word' id='word_1_112' title='bbox 988 1381 1050 1444; x_wconf 62' lang='lat' dir='ltr'>ile</span> <span class='ocrx_word' id='word_1_113' title='bbox 1095 1395 1337 1444; x_wconf 89' lang='lat' dir='ltr'>aedificare</span> <span class='ocrx_word' id='word_1_114' title='bbox 1383 1393 1580 1457; x_wconf 83' lang='lat' dir='ltr'>quidem</span> 
     </span>
     <span class='ocr_line' id='line_1_17' title="bbox 190 1469 1579 1535; baseline -0.003 -15"><span class='ocrx_word' id='word_1_115' title='bbox 190 1471 504 1520; x_wconf 86' lang='lat' dir='ltr'>mediocriter</span> <span class='ocrx_word' id='word_1_116' title='bbox 536 1480 739 1535; x_wconf 89' lang='lat' dir='ltr'>potuere</span> <span class='ocrx_word' id='word_1_117' title='bbox 773 1472 1027 1527; x_wconf 83' lang='lat' dir='ltr'>homines;</span> <span class='ocrx_word' id='word_1_118' title='bbox 1063 1471 1199 1534; x_wconf 91' lang='lat' dir='ltr'>atqui</span> <span class='ocrx_word' id='word_1_119' title='bbox 1224 1471 1309 1534; x_wconf 88' lang='lat' dir='ltr'>qui</span> <span class='ocrx_word' id='word_1_120' title='bbox 1332 1469 1446 1518; x_wconf 90' lang='lat' dir='ltr'>inde</span> <span class='ocrx_word' id='word_1_121' title='bbox 1468 1469 1579 1517; x_wconf 84' lang='lat' dir='ltr'>fun-</span> 
     </span>
     <span class='ocr_line' id='line_1_18' title="bbox 191 1544 1580 1610; baseline -0.003 -15"><span class='ocrx_word' id='word_1_122' title='bbox 191 1547 423 1596; x_wconf 78' lang='lat' dir='ltr'>damenta</span> <span class='ocrx_word' id='word_1_123' title='bbox 461 1555 512 1595; x_wconf 93' lang='lat' dir='ltr'>et</span> <span class='ocrx_word' id='word_1_124' title='bbox 551 1547 791 1610; x_wconf 88' lang='lat' dir='ltr'>principia</span> <span class='ocrx_word' id='word_1_125' title='bbox 830 1547 951 1595; x_wconf 85' lang='lat' dir='ltr'>artis</span> <span class='ocrx_word' id='word_1_126' title='bbox 991 1546 1268 1595; x_wconf 86' lang='lat' dir='ltr'>aedificandi</span> <span class='ocrx_word' id='word_1_127' title='bbox 1303 1544 1440 1593; x_wconf 88' lang='lat' dir='ltr'>nulla</span> <span class='ocrx_word' id='word_1_128' title='bbox 1475 1559 1580 1591; x_wconf 89' lang='lat' dir='ltr'>esse</span> 
     </span>
     <span class='ocr_line' id='line_1_19' title="bbox 190 1620 1580 1686; baseline -0.003 -15"><span class='ocrx_word' id='word_1_129' title='bbox 190 1622 520 1681; x_wconf 79' lang='lat' dir='ltr'>concluderet,</span> <span class='ocrx_word' id='word_1_130' title='bbox 536 1622 745 1670; x_wconf 87' lang='lat' dir='ltr'>absurde</span> <span class='ocrx_word' id='word_1_131' title='bbox 763 1622 963 1671; x_wconf 84' lang='lat' dir='ltr'>faceret.</span> <span class='ocrx_word' id='word_1_132' title='bbox 1031 1623 1243 1686; x_wconf 88' lang='lat' dir='ltr'>Tempus</span> <span class='ocrx_word' id='word_1_133' title='bbox 1267 1628 1318 1669; x_wconf 88' lang='lat' dir='ltr'>et</span> <span class='ocrx_word' id='word_1_134' title='bbox 1339 1620 1580 1668; x_wconf 85' lang='lat' dir='ltr'>industria</span> 
     </span>
     <span class='ocr_line' id='line_1_20' title="bbox 189 1697 1579 1762; baseline -0.001 -17.093"><span class='ocrx_word' id='word_1_135' title='bbox 189 1713 343 1747; x_wconf 79' lang='lat' dir='ltr'>novas</span> <span class='ocrx_word' id='word_1_136' title='bbox 383 1698 539 1746; x_wconf 59' lang='lat' dir='ltr'>indies</span> <span class='ocrx_word' id='word_1_137' title='bbox 578 1698 806 1747; x_wconf 87' lang='lat' dir='ltr'>scientias</span> <span class='ocrx_word' id='word_1_138' title='bbox 839 1699 891 1746; x_wconf 92' lang='lat' dir='ltr'>in</span> <span class='ocrx_word' id='word_1_139' title='bbox 924 1699 1083 1747; x_wconf 90' lang='lat' dir='ltr'>lucem</span> <span class='ocrx_word' id='word_1_140' title='bbox 1117 1698 1389 1762; x_wconf 89' lang='lat' dir='ltr'>proferunt.</span> <span class='ocrx_word' id='word_1_141' title='bbox 1472 1697 1579 1744; x_wconf 91' lang='lat' dir='ltr'>Etsi</span> 
     </span>
     <span class='ocr_line' id='line_1_21' title="bbox 58 1767 1580 1838; baseline -0.003 -15"><span class='ocrx_word' id='word_1_142' title='bbox 58 1767 81 1797; x_wconf 59' lang='grc' dir='ltr'>’Ὗ</span> <span class='ocrx_word' id='word_1_143' title='bbox 106 1810 109 1814; x_wconf 36' lang='lat'><strong><em>⁴</em></strong></span> <span class='ocrx_word' id='word_1_144' title='bbox 190 1789 310 1838; x_wconf 82' lang='lat' dir='ltr'>ergo</span> <span class='ocrx_word' id='word_1_145' title='bbox 331 1773 553 1822; x_wconf 89' lang='lat' dir='ltr'>homines</span> <span class='ocrx_word' id='word_1_146' title='bbox 577 1773 799 1822; x_wconf 55' lang='lat' dir='ltr'>civitates</span> <span class='ocrx_word' id='word_1_147' title='bbox 821 1790 932 1822; x_wconf 86' lang='lat' dir='ltr'>suas</span> <span class='ocrx_word' id='word_1_148' title='bbox 955 1774 1060 1822; x_wconf 90' lang='lat' dir='ltr'>sine</span> <span class='ocrx_word' id='word_1_149' title='bbox 1082 1773 1383 1837; x_wconf 88' lang='lat' dir='ltr'>perfectione</span> <span class='ocrx_word' id='word_1_150' title='bbox 1407 1771 1580 1820; x_wconf 85' lang='lat' dir='ltr'>ultima</span> 
     </span>
     <span class='ocr_line' id='line_1_22' title="bbox 189 1847 1577 1908; baseline -0.003 -9"><span class='ocrx_word' id='word_1_151' title='bbox 189 1849 519 1907; x_wconf 85' lang='lat' dir='ltr'>instituerunt,</span> <span class='ocrx_word' id='word_1_152' title='bbox 537 1849 607 1896; x_wconf 91' lang='lat' dir='ltr'>ita</span> <span class='ocrx_word' id='word_1_153' title='bbox 627 1857 685 1897; x_wconf 91' lang='lat' dir='ltr'>ut</span> <span class='ocrx_word' id='word_1_154' title='bbox 707 1849 814 1896; x_wconf 85' lang='lat' dir='ltr'>aliae</span> <span class='ocrx_word' id='word_1_155' title='bbox 836 1849 995 1908; x_wconf 85' lang='lat' dir='ltr'>citius,</span> <span class='ocrx_word' id='word_1_156' title='bbox 1019 1849 1127 1897; x_wconf 81' lang='lat' dir='ltr'>aliae</span> <span class='ocrx_word' id='word_1_157' title='bbox 1151 1848 1354 1906; x_wconf 88' lang='lat' dir='ltr'>tardius,</span> <span class='ocrx_word' id='word_1_158' title='bbox 1372 1847 1492 1895; x_wconf 90' lang='lat' dir='ltr'>vitio</span> <span class='ocrx_word' id='word_1_159' title='bbox 1514 1847 1577 1894; x_wconf 93' lang='lat' dir='ltr'>ab</span> 
     </span>
     <span class='ocr_line' id='line_1_23' title="bbox 74 1924 1578 1990; baseline -0.002 -17"><span class='ocrx_word' id='word_1_160' title='bbox 74 1967 85 1990; x_wconf 23' lang='grc' dir='ltr'>ζ</span> <span class='ocrx_word' id='word_1_161' title='bbox 189 1924 499 1974; x_wconf 85' lang='lat' dir='ltr'>institutione</span> <span class='ocrx_word' id='word_1_162' title='bbox 539 1933 800 1980; x_wconf 85' lang='lat' dir='ltr'>corruant;</span> <span class='ocrx_word' id='word_1_163' title='bbox 837 1924 1133 1988; x_wconf 90' lang='lat' dir='ltr'>impossibile</span> <span class='ocrx_word' id='word_1_164' title='bbox 1168 1933 1333 1972; x_wconf 87' lang='lat' dir='ltr'>tamen</span> <span class='ocrx_word' id='word_1_165' title='bbox 1366 1939 1467 1971; x_wconf 89' lang='lat' dir='ltr'>non</span> <span class='ocrx_word' id='word_1_166' title='bbox 1503 1929 1578 1970; x_wconf 91' lang='lat' dir='ltr'>est</span> 
     </span>
     <span class='ocr_line' id='line_1_24' title="bbox 1 1995 1576 2063; baseline -0.003 -14"><span class='ocrx_word' id='word_1_167' title='bbox 1 1995 3 1997; x_wconf 34' lang='lat'><strong><em>¹</em></strong></span> <span class='ocrx_word' id='word_1_168' title='bbox 189 1999 265 2048; x_wconf 82' lang='lat' dir='ltr'>ita</span> <span class='ocrx_word' id='word_1_169' title='bbox 295 1999 544 2048; x_wconf 83' lang='lat' dir='ltr'>civitatem</span> <span class='ocrx_word' id='word_1_170' title='bbox 580 2000 850 2058; x_wconf 89' lang='lat' dir='ltr'>instituere,</span> <span class='ocrx_word' id='word_1_171' title='bbox 872 2007 929 2048; x_wconf 91' lang='lat' dir='ltr'>ut</span> <span class='ocrx_word' id='word_1_172' title='bbox 950 1999 1044 2047; x_wconf 91' lang='lat' dir='ltr'>nisi</span> <span class='ocrx_word' id='word_1_173' title='bbox 1080 2014 1169 2063; x_wconf 92' lang='lat' dir='ltr'>per</span> <span class='ocrx_word' id='word_1_174' title='bbox 1190 1999 1290 2047; x_wconf 84' lang='lat' dir='ltr'>vim</span> <span class='ocrx_word' id='word_1_175' title='bbox 1324 2006 1576 2046; x_wconf 85' lang='lat' dir='ltr'>externam</span> 
     </span>
     <span class='ocr_line' id='line_1_25' title="bbox 76 2074 1579 2143; baseline -0.003 -19"><span class='ocrx_word' id='word_1_176' title='bbox 76 2115 80 2143; x_wconf 67' lang='lat'>3</span> <span class='ocrx_word' id='word_1_177' title='bbox 189 2089 440 2139; x_wconf 81' lang='lat' dir='ltr'>nunquam</span> <span class='ocrx_word' id='word_1_178' title='bbox 461 2075 680 2139; x_wconf 82' lang='lat' dir='ltr'>peritura</span> <span class='ocrx_word' id='word_1_179' title='bbox 702 2082 843 2123; x_wconf 88' lang='lat' dir='ltr'>esset.</span> <span class='ocrx_word' id='word_1_180' title='bbox 911 2075 991 2123; x_wconf 88' lang='lat' dir='ltr'>An</span> <span class='ocrx_word' id='word_1_181' title='bbox 1021 2074 1277 2138; x_wconf 90' lang='lat' dir='ltr'>principia,</span> <span class='ocrx_word' id='word_1_182' title='bbox 1301 2089 1410 2137; x_wconf 90' lang='lat' dir='ltr'>quae</span> <span class='ocrx_word' id='word_1_183' title='bbox 1432 2088 1579 2136; x_wconf 91' lang='lat' dir='ltr'>supra</span> 
     </span>
     <span class='ocr_line' id='line_1_26' title="bbox 0 2149 1578 2215; baseline -0.003 -16"><span class='ocrx_word' id='word_1_184' title='bbox 0 2175 2 2177; x_wconf 29' lang='lat' dir='ltr'>v</span> <span class='ocrx_word' id='word_1_185' title='bbox 189 2150 349 2214; x_wconf 84' lang='lat' dir='ltr'>posui,</span> <span class='ocrx_word' id='word_1_186' title='bbox 381 2150 489 2198; x_wconf 88' lang='lat' dir='ltr'>haec</span> <span class='ocrx_word' id='word_1_187' title='bbox 523 2157 756 2214; x_wconf 88' lang='lat' dir='ltr'>praestare</span> <span class='ocrx_word' id='word_1_188' title='bbox 794 2150 995 2215; x_wconf 90' lang='lat' dir='ltr'>possint,</span> <span class='ocrx_word' id='word_1_189' title='bbox 1030 2149 1227 2205; x_wconf 89' lang='lat' dir='ltr'>nescio;</span> <span class='ocrx_word' id='word_1_190' title='bbox 1262 2149 1380 2197; x_wconf 90' lang='lat' dir='ltr'>talia</span> <span class='ocrx_word' id='word_1_191' title='bbox 1413 2157 1578 2196; x_wconf 88' lang='lat' dir='ltr'>tamen</span> 
     </span>
     <span class='ocr_line' id='line_1_27' title="bbox 2 2220 1580 2289; baseline -0.005 -11"><span class='ocrx_word' id='word_1_192' title='bbox 2 2234 4 2238; x_wconf 87' lang='lat'>&#39;</span> <span class='ocrx_word' id='word_1_193' title='bbox 64 2220 72 2251; x_wconf 52' lang='lat'><em>3</em></span> <span class='ocrx_word' id='word_1_194' title='bbox 88 2230 110 2283; x_wconf 36' lang='grc' dir='ltr'>ἐξ</span> <span class='ocrx_word' id='word_1_195' title='bbox 190 2232 321 2285; x_wconf 83' lang='lat' dir='ltr'>sunt,</span> <span class='ocrx_word' id='word_1_196' title='bbox 355 2225 518 2289; x_wconf 78' lang='lat' dir='ltr'>qualia</span> <span class='ocrx_word' id='word_1_197' title='bbox 549 2225 862 2274; x_wconf 88' lang='lat' dir='ltr'>inveniuntur</span> <span class='ocrx_word' id='word_1_198' title='bbox 898 2226 948 2274; x_wconf 91' lang='lat' dir='ltr'>in</span> <span class='ocrx_word' id='word_1_199' title='bbox 987 2225 1251 2289; x_wconf 88' lang='lat' dir='ltr'>Scripturis</span> <span class='ocrx_word' id='word_1_200' title='bbox 1293 2224 1487 2279; x_wconf 87' lang='lat' dir='ltr'>Sacris;</span> <span class='ocrx_word' id='word_1_201' title='bbox 1523 2231 1580 2270; x_wconf 91' lang='lat' dir='ltr'>ut</span> 
     </span>
     <span class='ocr_line' id='line_1_28' title="bbox 83 2294 1578 2365; baseline -0.003 -15"><span class='ocrx_word' id='word_1_202' title='bbox 83 2294 122 2361; x_wconf 38' lang='grc' dir='ltr'>’,ζ</span> <span class='ocrx_word' id='word_1_203' title='bbox 190 2300 503 2350; x_wconf 50' lang='lat' dir='ltr'>manifestum</span> <span class='ocrx_word' id='word_1_204' title='bbox 541 2301 652 2360; x_wconf 90' lang='lat' dir='ltr'>erit,</span> <span class='ocrx_word' id='word_1_205' title='bbox 687 2317 799 2350; x_wconf 91' lang='lat' dir='ltr'>cum</span> <span class='ocrx_word' id='word_1_206' title='bbox 841 2301 903 2349; x_wconf 93' lang='lat' dir='ltr'>de</span> <span class='ocrx_word' id='word_1_207' title='bbox 936 2317 1090 2365; x_wconf 90' lang='lat' dir='ltr'>regno</span> <span class='ocrx_word' id='word_1_208' title='bbox 1125 2300 1234 2357; x_wconf 91' lang='lat' dir='ltr'>Dei,</span> <span class='ocrx_word' id='word_1_209' title='bbox 1269 2299 1578 2347; x_wconf 86' lang='lat' dir='ltr'>ministrante</span> 
     </span>
     <span class='ocr_line' id='line_1_29' title="bbox 0 2374 1578 2441; baseline -0.003 -16"><span class='ocrx_word' id='word_1_210' title='bbox 0 2432 1 2439; x_wconf 10' lang='grc' dir='ltr'>ἵ</span> <span class='ocrx_word' id='word_1_211' title='bbox 90 2402 117 2432; x_wconf 51' lang='grc' dir='ltr'>ρ,</span> <span class='ocrx_word' id='word_1_212' title='bbox 192 2374 349 2436; x_wconf 74' lang='lat' dir='ltr'>Mose,</span> <span class='ocrx_word' id='word_1_213' title='bbox 372 2376 423 2424; x_wconf 91' lang='lat' dir='ltr'>in</span> <span class='ocrx_word' id='word_1_214' title='bbox 443 2377 474 2425; x_wconf 88' lang='lat' dir='ltr'>J</span> <span class='ocrx_word' id='word_1_215' title='bbox 477 2376 643 2425; x_wconf 83' lang='lat' dir='ltr'>udaeos</span> <span class='ocrx_word' id='word_1_216' title='bbox 663 2377 900 2441; x_wconf 85' lang='lat' dir='ltr'>populum</span> <span class='ocrx_word' id='word_1_217' title='bbox 922 2393 1079 2433; x_wconf 90' lang='lat' dir='ltr'>suum,</span> <span class='ocrx_word' id='word_1_218' title='bbox 1095 2391 1184 2440; x_wconf 91' lang='lat' dir='ltr'>per</span> <span class='ocrx_word' id='word_1_219' title='bbox 1204 2383 1405 2439; x_wconf 88' lang='lat' dir='ltr'>pactum</span> <span class='ocrx_word' id='word_1_220' title='bbox 1422 2382 1578 2429; x_wconf 87' lang='lat' dir='ltr'>vetus,</span> 
     </span>
     <span class='ocr_line' id='line_1_30' title="bbox 0 2444 795 2516; baseline 0.001 -16"><span class='ocrx_word' id='word_1_221' title='bbox 0 2444 1 2463; x_wconf 63' lang='lat'>¹</span> <span class='ocrx_word' id='word_1_222' title='bbox 189 2451 484 2516; x_wconf 79' lang='lat' dir='ltr'>peculiarem</span> <span class='ocrx_word' id='word_1_223' title='bbox 508 2451 795 2501; x_wconf 87' lang='lat' dir='ltr'>disseruero.</span> 
     </span>
     <span class='ocr_line' id='line_1_31' title="bbox 0 2523 1580 2592; baseline -0.004 -15"><span class='ocrx_word' id='word_1_224' title='bbox 0 2525 4 2548; x_wconf 59' lang='lat'><em>³</em></span> <span class='ocrx_word' id='word_1_225' title='bbox 93 2526 119 2565; x_wconf 66' lang='lat' dir='ltr'><em>j</em></span> <span class='ocrx_word' id='word_1_226' title='bbox 258 2525 444 2576; x_wconf 81' lang='lat' dir='ltr'>Rursus</span> <span class='ocrx_word' id='word_1_227' title='bbox 467 2526 652 2587; x_wconf 89' lang='lat' dir='ltr'>dicunt,</span> <span class='ocrx_word' id='word_1_228' title='bbox 676 2528 769 2576; x_wconf 92' lang='lat' dir='ltr'>etsi</span> <span class='ocrx_word' id='word_1_229' title='bbox 781 2527 1022 2592; x_wconf 89' lang='lat' dir='ltr'>principia</span> <span class='ocrx_word' id='word_1_230' title='bbox 1034 2526 1196 2590; x_wconf 89' lang='lat' dir='ltr'>aliqua</span> <span class='ocrx_word' id='word_1_231' title='bbox 1209 2533 1387 2582; x_wconf 90' lang='lat' dir='ltr'>essent,</span> <span class='ocrx_word' id='word_1_232' title='bbox 1402 2539 1511 2587; x_wconf 89' lang='lat' dir='ltr'>quae</span> <span class='ocrx_word' id='word_1_233' title='bbox 1529 2523 1580 2571; x_wconf 87' lang='lat' dir='ltr'>id</span> 
     </span>
     <span class='ocr_line' id='line_1_32' title="bbox 189 2599 1580 2667; baseline -0.004 -14.833"><span class='ocrx_word' id='word_1_234' title='bbox 189 2609 424 2666; x_wconf 71' lang='lat' dir='ltr'>proestare</span> <span class='ocrx_word' id='word_1_235' title='bbox 444 2611 675 2667; x_wconf 83' lang='lat' dir='ltr'>possent3</span> <span class='ocrx_word' id='word_1_236' title='bbox 703 2604 932 2667; x_wconf 88' lang='lat' dir='ltr'>quoniam</span> <span class='ocrx_word' id='word_1_237' title='bbox 956 2611 1121 2650; x_wconf 87' lang='lat' dir='ltr'>tamen</span> <span class='ocrx_word' id='word_1_238' title='bbox 1143 2599 1425 2664; x_wconf 88' lang='lat' dir='ltr'>hujusmodi</span> <span class='ocrx_word' id='word_1_239' title='bbox 1448 2599 1580 2662; x_wconf 89' lang='lat' dir='ltr'>prin·</span> 
     </span>
     <span class='ocr_line' id='line_1_33' title="bbox 0 2675 1580 2743; baseline -0.005 -14"><span class='ocrx_word' id='word_1_240' title='bbox 0 2694 22 2736; x_wconf 79' lang='grc'>;,;</span> <span class='ocrx_word' id='word_1_241' title='bbox 192 2675 432 2743; x_wconf 75' lang='lat' dir='ltr'>cipiornm</span> <span class='ocrx_word' id='word_1_242' title='bbox 450 2694 605 2742; x_wconf 83' lang='lat' dir='ltr'>capax</span> <span class='ocrx_word' id='word_1_243' title='bbox 621 2694 720 2727; x_wconf 92' lang='lat' dir='ltr'>non</span> <span class='ocrx_word' id='word_1_244' title='bbox 734 2686 808 2727; x_wconf 58' lang='grc' dir='ltr'>ωε</span> <span class='ocrx_word' id='word_1_245' title='bbox 820 2678 995 2742; x_wconf 81' lang='lat' dir='ltr'>vulgus</span> <span class='ocrx_word' id='word_1_246' title='bbox 1017 2677 1287 2733; x_wconf 92' lang='lat' dir='ltr'>hominum,</span> <span class='ocrx_word' id='word_1_247' title='bbox 1300 2675 1483 2723; x_wconf 86' lang='lat' dir='ltr'>frustra</span> <span class='ocrx_word' id='word_1_248' title='bbox 1504 2690 1580 2722; x_wconf 88' lang='lat' dir='ltr'>es-</span> 
     </span>
     <span class='ocr_line' id='line_1_34' title="bbox 0 2742 1580 2813; baseline -0.006 -7"><span class='ocrx_word' id='word_1_249' title='bbox 0 2742 9 2763; x_wconf 25' lang='grc' dir='ltr'>’ν</span> <span class='ocrx_word' id='word_1_250' title='bbox 34 2772 41 2779; x_wconf 68' lang='grc'>”</span> <span class='ocrx_word' id='word_1_251' title='bbox 193 2760 318 2801; x_wconf 73' lang='lat' dir='ltr'>sent.</span> <span class='ocrx_word' id='word_1_252' title='bbox 375 2753 578 2802; x_wconf 84' lang='lat' dir='ltr'>Utinam</span> <span class='ocrx_word' id='word_1_253' title='bbox 595 2769 695 2802; x_wconf 91' lang='lat' dir='ltr'>non</span> <span class='ocrx_word' id='word_1_254' title='bbox 716 2754 878 2802; x_wconf 90' lang='lat' dir='ltr'>minus</span> <span class='ocrx_word' id='word_1_255' title='bbox 895 2752 1136 2801; x_wconf 86' lang='lat' dir='ltr'>doctrinae</span> <span class='ocrx_word' id='word_1_256' title='bbox 1155 2750 1309 2799; x_wconf 85' lang='lat' dir='ltr'>civilis</span> <span class='ocrx_word' id='word_1_257' title='bbox 1325 2750 1580 2813; x_wconf 85' lang='lat' dir='ltr'>incapaces</span> 
     </span>
     <span class='ocr_line' id='line_1_35' title="bbox 193 2825 1581 2892; baseline -0.003 -15.349"><span class='ocrx_word' id='word_1_258' title='bbox 193 2836 357 2876; x_wconf 74' lang='lat' dir='ltr'>essent</span> <span class='ocrx_word' id='word_1_259' title='bbox 377 2828 508 2876; x_wconf 82' lang='lat' dir='ltr'>cives</span> <span class='ocrx_word' id='word_1_260' title='bbox 530 2828 705 2877; x_wconf 81' lang='lat' dir='ltr'>divites</span> <span class='ocrx_word' id='word_1_261' title='bbox 727 2837 779 2877; x_wconf 89' lang='lat' dir='ltr'>et</span> <span class='ocrx_word' id='word_1_262' title='bbox 799 2835 1039 2892; x_wconf 83' lang='lat' dir='ltr'>potenteS,</span> <span class='ocrx_word' id='word_1_263' title='bbox 1063 2827 1194 2890; x_wconf 88' lang='lat' dir='ltr'>iique</span> <span class='ocrx_word' id='word_1_264' title='bbox 1226 2825 1310 2890; x_wconf 87' lang='lat' dir='ltr'>qui</span> <span class='ocrx_word' id='word_1_265' title='bbox 1339 2825 1581 2873; x_wconf 86' lang='lat' dir='ltr'>habentur</span> 
     </span>
     <span class='ocr_line' id='line_1_36' title="bbox 325 2914 1447 2952; baseline -0.004 0"><span class='ocrx_word' id='word_1_266' title='bbox 325 2916 451 2952; x_wconf 75' lang='lat' dir='ltr'>vol..</span> <span class='ocrx_word' id='word_1_267' title='bbox 470 2917 556 2952; x_wconf 87' lang='lat'>111.</span> <span class='ocrx_word' id='word_1_268' title='bbox 1413 2914 1447 2948; x_wconf 74' lang='lat' dir='ltr'><strong>n</strong></span> 
     </span>
    </p>
   </div>
   <div class='ocr_carea' id='block_1_3' title="bbox 0 837 183 3236">
    <p class='ocr_par' dir='ltr' id='par_1_3' title="bbox 0 837 183 3236">
     <span class='ocr_line' id='line_1_37' title="bbox 0 837 183 3236; baseline 0 0"><span class='ocrx_word' id='word_1_269' title='bbox 0 837 183 3236; x_wconf 95' lang='lat' dir='ltr'> </span> 
     </span>
    </p>
   </div>
  </div>
 </body>
</html>
