<?xml version="1.0" encoding="UTF-8"?>
<!DOCTYPE html PUBLIC "-//W3C//DTD XHTML 1.0 Transitional//EN"
    "http://www.w3.org/TR/xhtml1/DTD/xhtml1-transitional.dtd">
<html xmlns="http://www.w3.org/1999/xhtml" xml:lang="en" lang="en">
 <head>
  <title>
</title>
<meta http-equiv="Content-Type" content="text/html;charset=utf-8" />
  <meta name='ocr-system' content='tesseract 3.04.00' />
  <meta name='ocr-capabilities' content='ocr_page ocr_carea ocr_par ocr_line ocrx_word'/>
</head>
<body>
  <div class='ocr_page' id='page_1' title='image "./operaphilosophic03hobbuoft_0451.png"; bbox 0 0 1968 3236; ppageno 0'>
   <div class='ocr_carea' id='block_1_1' title="bbox 500 238 1538 280">
    <p class='ocr_par' dir='ltr' id='par_1_1' title="bbox 500 238 1538 280">
     <span class='ocr_line' id='line_1_1' title="bbox 500 238 1538 280; baseline 0.005 -5"><span class='ocrx_word' id='word_1_1' title='bbox 500 242 571 275; x_wconf 74' lang='lat' dir='ltr'>nn</span> <span class='ocrx_word' id='word_1_2' title='bbox 598 242 786 276; x_wconf 74' lang='lat' dir='ltr'>REGNo</span> <span class='ocrx_word' id='word_1_3' title='bbox 812 243 1214 279; x_wconf 74' lang='lat' dir='ltr'>TENBBRARUM.</span> <span class='ocrx_word' id='word_1_4' title='bbox 1449 238 1538 280; x_wconf 73' lang='lat'>451</span> 
     </span>
    </p>
   </div>
   <div class='ocr_carea' id='block_1_2' title="bbox 21 355 1815 2978">
    <p class='ocr_par' dir='ltr' id='par_1_2' title="bbox 165 355 1815 1185">
     <span class='ocr_line' id='line_1_2' title="bbox 166 355 1814 424; baseline 0.005 -20"><span class='ocrx_word' id='word_1_5' title='bbox 166 355 343 404; x_wconf 81' lang='lat' dir='ltr'>fabulis</span> <span class='ocrx_word' id='word_1_6' title='bbox 387 355 611 410; x_wconf 82' lang='lat' dir='ltr'>anilibuS‚</span> <span class='ocrx_word' id='word_1_7' title='bbox 657 355 977 405; x_wconf 87' lang='lat' dir='ltr'>admittendo.</span> <span class='ocrx_word' id='word_1_8' title='bbox 1089 358 1272 415; x_wconf 90' lang='lat' dir='ltr'>Tertio,</span> <span class='ocrx_word' id='word_1_9' title='bbox 1319 358 1547 424; x_wconf 82' lang='lat' dir='ltr'>reliquias</span> <span class='ocrx_word' id='word_1_10' title='bbox 1564 379 1667 412; x_wconf 56' lang='lat' dir='ltr'>car.</span> <span class='ocrx_word' id='word_1_11' title='bbox 1689 379 1814 414; x_wconf 59' lang='grc' dir='ltr'>κων.</span> 
     </span>
     <span class='ocr_line' id='line_1_3' title="bbox 167 430 1770 504; baseline 0.003 -26"><span class='ocrx_word' id='word_1_12' title='bbox 167 430 404 494; x_wconf 86' lang='lat' dir='ltr'>quasdam</span> <span class='ocrx_word' id='word_1_13' title='bbox 461 431 709 494; x_wconf 82' lang='lat' dir='ltr'>religionis</span> <span class='ocrx_word' id='word_1_14' title='bbox 754 441 802 480; x_wconf 92' lang='lat' dir='ltr'>et</span> <span class='ocrx_word' id='word_1_15' title='bbox 847 433 1204 496; x_wconf 85' lang='lat' dir='ltr'>philosophiam</span> <span class='ocrx_word' id='word_1_16' title='bbox 1248 434 1546 491; x_wconf 84' lang='lat' dir='ltr'>Graecorum,</span> <span class='ocrx_word' id='word_1_17' title='bbox 1585 475 1630 503; x_wconf 50' lang='lat' dir='ltr'>De</span> <span class='ocrx_word' id='word_1_18' title='bbox 1642 476 1770 504; x_wconf 43' lang='lat' dir='ltr'>mebri-</span> 
     </span>
     <span class='ocr_line' id='line_1_4' title="bbox 165 506 1785 572; baseline 0.002 -19"><span class='ocrx_word' id='word_1_19' title='bbox 165 506 436 570; x_wconf 82' lang='lat' dir='ltr'>praesertim</span> <span class='ocrx_word' id='word_1_20' title='bbox 446 507 854 565; x_wconf 85' lang='lat' dir='ltr'>Aristotelis,cum</span> <span class='ocrx_word' id='word_1_21' title='bbox 871 508 1133 572; x_wconf 88' lang='lat' dir='ltr'>Scripturis</span> <span class='ocrx_word' id='word_1_22' title='bbox 1142 510 1302 558; x_wconf 84' lang='lat' dir='ltr'>Sacris</span> <span class='ocrx_word' id='word_1_23' title='bbox 1321 511 1546 558; x_wconf 74' lang='lat' dir='ltr'>commis-</span> <span class='ocrx_word' id='word_1_24' title='bbox 1583 519 1785 568; x_wconf 48' lang='lat' dir='ltr'>spiritunflbn·</span> 
     </span>
     <span class='ocr_line' id='line_1_5' title="bbox 166 564 1815 647; baseline 0.002 -16"><span class='ocrx_word' id='word_1_25' title='bbox 166 582 339 631; x_wconf 85' lang='lat' dir='ltr'>cendo.</span> <span class='ocrx_word' id='word_1_26' title='bbox 409 583 616 641; x_wconf 79' lang='lat' dir='ltr'>Quarto,</span> <span class='ocrx_word' id='word_1_27' title='bbox 640 599 728 647; x_wconf 91' lang='lat' dir='ltr'>per</span> <span class='ocrx_word' id='word_1_28' title='bbox 751 584 913 642; x_wconf 86' lang='lat' dir='ltr'>falsas,</span> <span class='ocrx_word' id='word_1_29' title='bbox 936 585 1090 643; x_wconf 86' lang='lat' dir='ltr'>fictas,</span> <span class='ocrx_word' id='word_1_30' title='bbox 1114 586 1190 633; x_wconf 91' lang='lat' dir='ltr'>vel</span> <span class='ocrx_word' id='word_1_31' title='bbox 1213 585 1425 634; x_wconf 86' lang='lat' dir='ltr'>incertas</span> <span class='ocrx_word' id='word_1_32' title='bbox 1447 593 1547 633; x_wconf 87' lang='lat' dir='ltr'>tra-</span> <span class='ocrx_word' id='word_1_33' title='bbox 1583 564 1815 635; x_wconf 36' lang='lat' dir='ltr'>&amp;0223ss</span> 
     </span>
     <span class='ocr_line' id='line_1_6' title="bbox 166 650 1809 726; baseline 0.002 -20"><span class='ocrx_word' id='word_1_34' title='bbox 166 657 377 707; x_wconf 88' lang='lat' dir='ltr'>ditiones</span> <span class='ocrx_word' id='word_1_35' title='bbox 399 667 450 706; x_wconf 90' lang='lat' dir='ltr'>et</span> <span class='ocrx_word' id='word_1_36' title='bbox 464 659 691 706; x_wconf 83' lang='lat' dir='ltr'>historias</span> <span class='ocrx_word' id='word_1_37' title='bbox 712 680 724 713; x_wconf 89' lang='lat'>;</span> <span class='ocrx_word' id='word_1_38' title='bbox 761 668 907 722; x_wconf 91' lang='lat' dir='ltr'>atque</span> <span class='ocrx_word' id='word_1_39' title='bbox 926 660 995 708; x_wconf 87' lang='lat' dir='ltr'>ita</span> <span class='ocrx_word' id='word_1_40' title='bbox 1009 676 1227 709; x_wconf 80' lang='lat' dir='ltr'>erramus</span> <span class='ocrx_word' id='word_1_41' title='bbox 1246 662 1429 709; x_wconf 81' lang='lat' dir='ltr'>attenti</span> <span class='ocrx_word' id='word_1_42' title='bbox 1441 662 1548 726; x_wconf 73' lang='lat' dir='ltr'>spi-</span> <span class='ocrx_word' id='word_1_43' title='bbox 1584 650 1809 688; x_wconf 66' lang='lat' dir='ltr'>⁸⁶“P‘m&#39;m&#39;</span> 
     </span>
     <span class='ocr_line' id='line_1_7' title="bbox 165 733 1548 802; baseline 0.003 -21"><span class='ocrx_word' id='word_1_44' title='bbox 165 733 350 782; x_wconf 69' lang='lat' dir='ltr'>ritibus</span> <span class='ocrx_word' id='word_1_45' title='bbox 367 734 717 799; x_wconf 73' lang='lat' dir='ltr'>deceptoribus</span> <span class='ocrx_word' id='word_1_46' title='bbox 734 742 785 782; x_wconf 86' lang='lat' dir='ltr'>et</span> <span class='ocrx_word' id='word_1_47' title='bbox 803 735 1046 783; x_wconf 74' lang='lat' dir='ltr'>doctrinis</span> <span class='ocrx_word' id='word_1_48' title='bbox 1062 736 1403 785; x_wconf 67' lang='lat' dir='ltr'>doemoniorum</span> <span class='ocrx_word' id='word_1_49' title='bbox 1417 755 1437 792; x_wconf 91' lang='lat'>,·</span> <span class='ocrx_word' id='word_1_50' title='bbox 1450 754 1548 802; x_wconf 83' lang='lat' dir='ltr'>per</span> 
     </span>
     <span class='ocr_line' id='line_1_8' title="bbox 166 812 1548 878; baseline 0.003 -19"><span class='ocrx_word' id='word_1_51' title='bbox 166 812 458 878; x_wconf 74' lang='lat' dir='ltr'>hypocrisin</span> <span class='ocrx_word' id='word_1_52' title='bbox 463 812 879 877; x_wconf 74' lang='lat' dir='ltr'>falsiloquorum,</span> <span class='ocrx_word' id='word_1_53' title='bbox 903 831 1107 878; x_wconf 80' lang='lat' dir='ltr'>quorum</span> <span class='ocrx_word' id='word_1_54' title='bbox 1130 815 1434 863; x_wconf 72' lang='lat' dir='ltr'>conscientia</span> <span class='ocrx_word' id='word_1_55' title='bbox 1470 822 1548 863; x_wconf 70' lang='lat' dir='ltr'>est</span> 
     </span>
     <span class='ocr_line' id='line_1_9' title="bbox 166 888 1548 953; baseline 0.003 -18"><span class='ocrx_word' id='word_1_56' title='bbox 166 888 495 946; x_wconf 68' lang='lat' dir='ltr'>canteri-sata,</span> <span class='ocrx_word' id='word_1_57' title='bbox 520 888 571 936; x_wconf 91' lang='lat' dir='ltr'>id</span> <span class='ocrx_word' id='word_1_58' title='bbox 588 897 678 947; x_wconf 89' lang='lat' dir='ltr'>est,</span> <span class='ocrx_word' id='word_1_59' title='bbox 701 905 867 936; x_wconf 87' lang='lat' dir='ltr'>eorum</span> <span class='ocrx_word' id='word_1_60' title='bbox 893 889 976 952; x_wconf 91' lang='lat' dir='ltr'>qui</span> <span class='ocrx_word' id='word_1_61' title='bbox 992 889 1114 937; x_wconf 87' lang='lat' dir='ltr'>falsa</span> <span class='ocrx_word' id='word_1_62' title='bbox 1143 890 1409 953; x_wconf 86' lang='lat' dir='ltr'>loquuntur</span> <span class='ocrx_word' id='word_1_63' title='bbox 1431 907 1548 939; x_wconf 91' lang='lat' dir='ltr'>con-</span> 
     </span>
     <span class='ocr_line' id='line_1_10' title="bbox 166 963 1547 1026; baseline 0.003 -16"><span class='ocrx_word' id='word_1_64' title='bbox 166 971 244 1011; x_wconf 90' lang='lat' dir='ltr'>tra</span> <span class='ocrx_word' id='word_1_65' title='bbox 265 978 402 1011; x_wconf 89' lang='lat' dir='ltr'>suam</span> <span class='ocrx_word' id='word_1_66' title='bbox 426 963 641 1026; x_wconf 88' lang='lat' dir='ltr'>ipsorum</span> <span class='ocrx_word' id='word_1_67' title='bbox 670 963 1032 1012; x_wconf 84' lang='lat' dir='ltr'>conscientiam.</span> <span class='ocrx_word' id='word_1_68' title='bbox 1103 965 1176 1012; x_wconf 92' lang='lat' dir='ltr'>De</span> <span class='ocrx_word' id='word_1_69' title='bbox 1211 965 1425 1013; x_wconf 91' lang='lat' dir='ltr'>tenebris</span> <span class='ocrx_word' id='word_1_70' title='bbox 1461 982 1547 1015; x_wconf 87' lang='lat' dir='ltr'>au-</span> 
     </span>
     <span class='ocr_line' id='line_1_11' title="bbox 166 1039 1546 1104; baseline 0.003 -18"><span class='ocrx_word' id='word_1_71' title='bbox 166 1047 268 1087; x_wconf 87' lang='lat' dir='ltr'>tem</span> <span class='ocrx_word' id='word_1_72' title='bbox 289 1039 352 1087; x_wconf 84' lang='lat' dir='ltr'>ab</span> <span class='ocrx_word' id='word_1_73' title='bbox 375 1039 779 1102; x_wconf 83' lang='lat' dir='ltr'>interpretatione</span> <span class='ocrx_word' id='word_1_74' title='bbox 797 1055 896 1087; x_wconf 89' lang='lat' dir='ltr'>non</span> <span class='ocrx_word' id='word_1_75' title='bbox 920 1050 1057 1088; x_wconf 86' lang='lat' dir='ltr'>recta</span> <span class='ocrx_word' id='word_1_76' title='bbox 1077 1041 1341 1104; x_wconf 85' lang='lat' dir='ltr'>Scripturoe</span> <span class='ocrx_word' id='word_1_77' title='bbox 1369 1042 1546 1100; x_wconf 86' lang='lat' dir='ltr'>Sacrae,</span> 
     </span>
     <span class='ocr_line' id='line_1_12' title="bbox 165 1114 1065 1185; baseline 0.002 -23"><span class='ocrx_word' id='word_1_78' title='bbox 165 1114 217 1162; x_wconf 91' lang='lat' dir='ltr'>in</span> <span class='ocrx_word' id='word_1_79' title='bbox 238 1115 467 1178; x_wconf 83' lang='lat' dir='ltr'>praesenti</span> <span class='ocrx_word' id='word_1_80' title='bbox 491 1115 648 1179; x_wconf 89' lang='lat' dir='ltr'>capite</span> <span class='ocrx_word' id='word_1_81' title='bbox 667 1115 885 1163; x_wconf 89' lang='lat' dir='ltr'>dicturus</span> <span class='ocrx_word' id='word_1_82' title='bbox 909 1131 1065 1185; x_wconf 40' lang='lat' dir='ltr'>sum-,7</span> 
     </span>
    </p>

    <p class='ocr_par' dir='ltr' id='par_1_3' title="bbox 21 1190 1548 2615">
     <span class='ocr_line' id='line_1_13' title="bbox 234 1190 1547 1254; baseline 0.002 -16"><span class='ocrx_word' id='word_1_83' title='bbox 234 1190 597 1254; x_wconf 87' lang='lat' dir='ltr'>Scripturarum</span> <span class='ocrx_word' id='word_1_84' title='bbox 621 1191 800 1239; x_wconf 87' lang='lat' dir='ltr'>abusus</span> <span class='ocrx_word' id='word_1_85' title='bbox 815 1192 1070 1251; x_wconf 73' lang='lat' dir='ltr'>maximffs,</span> <span class='ocrx_word' id='word_1_86' title='bbox 1090 1202 1141 1240; x_wconf 92' lang='lat' dir='ltr'>et</span> <span class='ocrx_word' id='word_1_87' title='bbox 1158 1193 1238 1240; x_wconf 85' lang='lat' dir='ltr'>cui</span> <span class='ocrx_word' id='word_1_88' title='bbox 1253 1193 1416 1240; x_wconf 88' lang='lat' dir='ltr'>caeteri</span> <span class='ocrx_word' id='word_1_89' title='bbox 1434 1194 1547 1240; x_wconf 90' lang='lat' dir='ltr'>sub-</span> 
     </span>
     <span class='ocr_line' id='line_1_14' title="bbox 21 1266 1548 1331; baseline 0.003 -20"><span class='ocrx_word' id='word_1_90' title='bbox 21 1278 25 1310; x_wconf 86' lang='grc'>·.</span> <span class='ocrx_word' id='word_1_91' title='bbox 92 1321 100 1327; x_wconf 39' lang='lat'><em>-</em></span> <span class='ocrx_word' id='word_1_92' title='bbox 165 1266 383 1314; x_wconf 86' lang='lat' dir='ltr'>serviunt</span> <span class='ocrx_word' id='word_1_93' title='bbox 406 1276 490 1314; x_wconf 89' lang='lat' dir='ltr'>aut</span> <span class='ocrx_word' id='word_1_94' title='bbox 513 1266 781 1323; x_wconf 88' lang='lat' dir='ltr'>adhaerent,</span> <span class='ocrx_word' id='word_1_95' title='bbox 810 1282 977 1314; x_wconf 88' lang='lat' dir='ltr'>earum</span> <span class='ocrx_word' id='word_1_96' title='bbox 1001 1266 1213 1315; x_wconf 87' lang='lat' dir='ltr'>detorsio</span> <span class='ocrx_word' id='word_1_97' title='bbox 1236 1275 1325 1324; x_wconf 89' lang='lat' dir='ltr'>est,</span> <span class='ocrx_word' id='word_1_98' title='bbox 1350 1268 1415 1315; x_wconf 88' lang='lat' dir='ltr'>ad</span> <span class='ocrx_word' id='word_1_99' title='bbox 1435 1285 1548 1331; x_wconf 90' lang='lat' dir='ltr'>pro-</span> 
     </span>
     <span class='ocr_line' id='line_1_15' title="bbox 166 1341 1547 1406; baseline 0.002 -17"><span class='ocrx_word' id='word_1_100' title='bbox 166 1341 382 1390; x_wconf 88' lang='lat' dir='ltr'>bandum</span> <span class='ocrx_word' id='word_1_101' title='bbox 406 1341 539 1405; x_wconf 91' lang='lat' dir='ltr'>quod</span> <span class='ocrx_word' id='word_1_102' title='bbox 562 1357 767 1405; x_wconf 85' lang='lat' dir='ltr'>regnum</span> <span class='ocrx_word' id='word_1_103' title='bbox 783 1342 890 1399; x_wconf 91' lang='lat' dir='ltr'>Dei,</span> <span class='ocrx_word' id='word_1_104' title='bbox 915 1342 976 1389; x_wconf 91' lang='lat' dir='ltr'>de</span> <span class='ocrx_word' id='word_1_105' title='bbox 1001 1358 1099 1406; x_wconf 84' lang='lat' dir='ltr'>quo</span> <span class='ocrx_word' id='word_1_106' title='bbox 1121 1342 1269 1391; x_wconf 91' lang='lat' dir='ltr'>toties</span> <span class='ocrx_word' id='word_1_107' title='bbox 1292 1343 1342 1391; x_wconf 93' lang='lat' dir='ltr'>in</span> <span class='ocrx_word' id='word_1_108' title='bbox 1376 1344 1469 1392; x_wconf 91' lang='lat' dir='ltr'>illis</span> <span class='ocrx_word' id='word_1_109' title='bbox 1491 1345 1547 1392; x_wconf 91' lang='lat' dir='ltr'>fit</span> 
     </span>
     <span class='ocr_line' id='line_1_16' title="bbox 164 1418 1545 1482; baseline 0.002 -17"><span class='ocrx_word' id='word_1_110' title='bbox 164 1418 365 1475; x_wconf 75' lang='lat' dir='ltr'>mantin,</span> <span class='ocrx_word' id='word_1_111' title='bbox 386 1419 448 1466; x_wconf 88' lang='lat' dir='ltr'>sit</span> <span class='ocrx_word' id='word_1_112' title='bbox 488 1418 707 1476; x_wconf 54' lang='lat' dir='ltr'>ecclesia,</span> <span class='ocrx_word' id='word_1_113' title='bbox 727 1434 836 1482; x_wconf 87' lang='lat' dir='ltr'>quae</span> <span class='ocrx_word' id='word_1_114' title='bbox 870 1435 1000 1466; x_wconf 90' lang='lat' dir='ltr'>nunc</span> <span class='ocrx_word' id='word_1_115' title='bbox 1034 1426 1124 1477; x_wconf 90' lang='lat' dir='ltr'>est,</span> <span class='ocrx_word' id='word_1_116' title='bbox 1161 1419 1545 1468; x_wconf 86' lang='lat' dir='ltr'>Christianorum</span> 
     </span>
     <span class='ocr_line' id='line_1_17' title="bbox 164 1493 1544 1544; baseline 0.001 -2"><span class='ocrx_word' id='word_1_117' title='bbox 164 1493 416 1542; x_wconf 90' lang='lat' dir='ltr'>hominum</span> <span class='ocrx_word' id='word_1_118' title='bbox 439 1494 490 1541; x_wconf 91' lang='lat' dir='ltr'>in</span> <span class='ocrx_word' id='word_1_119' title='bbox 524 1501 657 1541; x_wconf 86' lang='lat' dir='ltr'>terra</span> <span class='ocrx_word' id='word_1_120' title='bbox 678 1493 960 1542; x_wconf 86' lang='lat' dir='ltr'>viventium.</span> <span class='ocrx_word' id='word_1_121' title='bbox 1030 1494 1346 1543; x_wconf 83' lang='lat' dir='ltr'>Manifestum</span> <span class='ocrx_word' id='word_1_122' title='bbox 1380 1505 1544 1544; x_wconf 89' lang='lat' dir='ltr'>autem</span> 
     </span>
     <span class='ocr_line' id='line_1_18' title="bbox 162 1569 1545 1632; baseline 0.002 -16"><span class='ocrx_word' id='word_1_123' title='bbox 162 1577 254 1628; x_wconf 82' lang='lat' dir='ltr'>est,</span> <span class='ocrx_word' id='word_1_124' title='bbox 276 1569 330 1616; x_wconf 87' lang='lat' dir='ltr'>in</span> <span class='ocrx_word' id='word_1_125' title='bbox 350 1569 669 1626; x_wconf 90' lang='lat' dir='ltr'>contrarium,</span> <span class='ocrx_word' id='word_1_126' title='bbox 694 1585 901 1632; x_wconf 85' lang='lat' dir='ltr'>regnum</span> <span class='ocrx_word' id='word_1_127' title='bbox 926 1570 1017 1617; x_wconf 91' lang='lat' dir='ltr'>Dei</span> <span class='ocrx_word' id='word_1_128' title='bbox 1040 1570 1319 1618; x_wconf 89' lang='lat' dir='ltr'>institutum</span> <span class='ocrx_word' id='word_1_129' title='bbox 1343 1571 1492 1619; x_wconf 82' lang='lat' dir='ltr'>fuisse</span> <span class='ocrx_word' id='word_1_130' title='bbox 1516 1588 1545 1619; x_wconf 89' lang='lat' dir='ltr'>a</span> 
     </span>
     <span class='ocr_line' id='line_1_19' title="bbox 164 1644 1542 1711; baseline 0.003 -19"><span class='ocrx_word' id='word_1_131' title='bbox 164 1644 286 1702; x_wconf 80' lang='lat' dir='ltr'>Deo,</span> <span class='ocrx_word' id='word_1_132' title='bbox 323 1645 630 1693; x_wconf 83' lang='lat' dir='ltr'>ministrante</span> <span class='ocrx_word' id='word_1_133' title='bbox 664 1645 818 1703; x_wconf 89' lang='lat' dir='ltr'>Mose,</span> <span class='ocrx_word' id='word_1_134' title='bbox 843 1661 989 1708; x_wconf 87' lang='lat' dir='ltr'>super</span> <span class='ocrx_word' id='word_1_135' title='bbox 1032 1646 1231 1694; x_wconf 85' lang='lat' dir='ltr'>Judaeos</span> <span class='ocrx_word' id='word_1_136' title='bbox 1276 1647 1420 1705; x_wconf 89' lang='lat' dir='ltr'>solos,</span> <span class='ocrx_word' id='word_1_137' title='bbox 1461 1649 1542 1711; x_wconf 90' lang='lat' dir='ltr'>qui</span> 
     </span>
     <span class='ocr_line' id='line_1_20' title="bbox 167 1721 1544 1787; baseline 0.001 -18"><span class='ocrx_word' id='word_1_138' title='bbox 167 1736 275 1769; x_wconf 75' lang='lat' dir='ltr'>eam</span> <span class='ocrx_word' id='word_1_139' title='bbox 299 1721 363 1770; x_wconf 93' lang='lat' dir='ltr'>ob</span> <span class='ocrx_word' id='word_1_140' title='bbox 395 1737 590 1769; x_wconf 87' lang='lat' dir='ltr'>causam</span> <span class='ocrx_word' id='word_1_141' title='bbox 625 1721 934 1785; x_wconf 83' lang='lat' dir='ltr'>appellantur</span> <span class='ocrx_word' id='word_1_142' title='bbox 962 1722 1013 1769; x_wconf 90' lang='lat' dir='ltr'>in</span> <span class='ocrx_word' id='word_1_143' title='bbox 1044 1722 1309 1786; x_wconf 86' lang='lat' dir='ltr'>Scripturis</span> <span class='ocrx_word' id='word_1_144' title='bbox 1338 1724 1544 1787; x_wconf 89' lang='lat' dir='ltr'>populus</span> 
     </span>
     <span class='ocr_line' id='line_1_21' title="bbox 164 1795 1543 1861; baseline 0.002 -17"><span class='ocrx_word' id='word_1_145' title='bbox 164 1795 257 1844; x_wconf 85' lang='lat' dir='ltr'>Dei</span> <span class='ocrx_word' id='word_1_146' title='bbox 278 1796 535 1860; x_wconf 85' lang='lat' dir='ltr'>peculiaris</span> <span class='ocrx_word' id='word_1_147' title='bbox 554 1818 567 1852; x_wconf 88' lang='lat'><strong>;</strong></span> <span class='ocrx_word' id='word_1_148' title='bbox 602 1797 831 1861; x_wconf 89' lang='lat' dir='ltr'>idemque</span> <span class='ocrx_word' id='word_1_149' title='bbox 854 1813 1060 1861; x_wconf 87' lang='lat' dir='ltr'>regnum</span> <span class='ocrx_word' id='word_1_150' title='bbox 1077 1798 1128 1846; x_wconf 91' lang='lat' dir='ltr'>in</span> <span class='ocrx_word' id='word_1_151' title='bbox 1152 1798 1389 1847; x_wconf 88' lang='lat' dir='ltr'>electione</span> <span class='ocrx_word' id='word_1_152' title='bbox 1410 1800 1543 1847; x_wconf 87' lang='lat' dir='ltr'>Sauli</span> 
     </span>
     <span class='ocr_line' id='line_1_22' title="bbox 164 1871 1540 1938; baseline 0.002 -18"><span class='ocrx_word' id='word_1_153' title='bbox 164 1872 309 1936; x_wconf 85' lang='lat' dir='ltr'>regis,</span> <span class='ocrx_word' id='word_1_154' title='bbox 329 1871 528 1921; x_wconf 82' lang='lat' dir='ltr'>desiisse</span> <span class='ocrx_word' id='word_1_155' title='bbox 548 1881 689 1936; x_wconf 89' lang='lat' dir='ltr'>:post</span> <span class='ocrx_word' id='word_1_156' title='bbox 711 1872 763 1921; x_wconf 89' lang='lat' dir='ltr'>id</span> <span class='ocrx_word' id='word_1_157' title='bbox 777 1879 969 1936; x_wconf 90' lang='lat' dir='ltr'>tempus</span> <span class='ocrx_word' id='word_1_158' title='bbox 987 1889 1192 1936; x_wconf 85' lang='lat' dir='ltr'>regnum</span> <span class='ocrx_word' id='word_1_159' title='bbox 1207 1874 1298 1922; x_wconf 91' lang='lat' dir='ltr'>Dei</span> <span class='ocrx_word' id='word_1_160' title='bbox 1321 1890 1408 1938; x_wconf 90' lang='lat' dir='ltr'>per</span> <span class='ocrx_word' id='word_1_161' title='bbox 1429 1891 1540 1938; x_wconf 87' lang='lat' dir='ltr'>pac-</span> 
     </span>
     <span class='ocr_line' id='line_1_23' title="bbox 163 1948 1544 2014; baseline 0.001 -18"><span class='ocrx_word' id='word_1_162' title='bbox 163 1955 287 2006; x_wconf 84' lang='lat' dir='ltr'>tum,</span> <span class='ocrx_word' id='word_1_163' title='bbox 308 1948 361 1996; x_wconf 89' lang='lat' dir='ltr'>in</span> <span class='ocrx_word' id='word_1_164' title='bbox 382 1949 527 1996; x_wconf 90' lang='lat' dir='ltr'>terris</span> <span class='ocrx_word' id='word_1_165' title='bbox 550 1949 735 1996; x_wconf 90' lang='lat' dir='ltr'>nullum</span> <span class='ocrx_word' id='word_1_166' title='bbox 759 1948 938 1996; x_wconf 89' lang='lat' dir='ltr'>fuisse:</span> <span class='ocrx_word' id='word_1_167' title='bbox 973 1949 1252 2012; x_wconf 91' lang='lat' dir='ltr'>promisisse</span> <span class='ocrx_word' id='word_1_168' title='bbox 1269 1958 1433 1998; x_wconf 86' lang='lat' dir='ltr'>tamen</span> <span class='ocrx_word' id='word_1_169' title='bbox 1456 1966 1544 2014; x_wconf 91' lang='lat' dir='ltr'>per</span> 
     </span>
     <span class='ocr_line' id='line_1_24' title="bbox 163 2023 1542 2087; baseline 0.002 -16"><span class='ocrx_word' id='word_1_170' title='bbox 163 2023 427 2087; x_wconf 79' lang='lat' dir='ltr'>prophetas</span> <span class='ocrx_word' id='word_1_171' title='bbox 449 2023 623 2083; x_wconf 89' lang='lat' dir='ltr'>Deum,</span> <span class='ocrx_word' id='word_1_172' title='bbox 647 2023 698 2071; x_wconf 88' lang='lat' dir='ltr'>in</span> <span class='ocrx_word' id='word_1_173' title='bbox 720 2039 926 2087; x_wconf 87' lang='lat' dir='ltr'>regnum</span> <span class='ocrx_word' id='word_1_174' title='bbox 961 2039 1103 2072; x_wconf 90' lang='lat' dir='ltr'>suum</span> <span class='ocrx_word' id='word_1_175' title='bbox 1135 2025 1166 2073; x_wconf 88' lang='lat' dir='ltr'>J</span> <span class='ocrx_word' id='word_1_176' title='bbox 1168 2025 1333 2073; x_wconf 88' lang='lat' dir='ltr'>udaeos</span> <span class='ocrx_word' id='word_1_177' title='bbox 1367 2026 1542 2074; x_wconf 87' lang='lat' dir='ltr'>iterum</span> 
     </span>
     <span class='ocr_line' id='line_1_25' title="bbox 165 2095 1542 2163; baseline 0.003 -18"><span class='ocrx_word' id='word_1_178' title='bbox 165 2095 424 2146; x_wconf 72' lang='lat' dir='ltr'>admittere</span> <span class='ocrx_word' id='word_1_179' title='bbox 446 2107 666 2161; x_wconf 89' lang='lat' dir='ltr'>tempore</span> <span class='ocrx_word' id='word_1_180' title='bbox 689 2098 820 2162; x_wconf 91' lang='lat' dir='ltr'>quod</span> <span class='ocrx_word' id='word_1_181' title='bbox 854 2099 956 2163; x_wconf 89' lang='lat' dir='ltr'>ipse</span> <span class='ocrx_word' id='word_1_182' title='bbox 990 2115 1155 2148; x_wconf 85' lang='lat' dir='ltr'>secum</span> <span class='ocrx_word' id='word_1_183' title='bbox 1189 2101 1542 2149; x_wconf 87' lang='lat' dir='ltr'>determinave-</span> 
     </span>
     <span class='ocr_line' id='line_1_26' title="bbox 165 2174 1543 2237; baseline 0.004 -18"><span class='ocrx_word' id='word_1_184' title='bbox 165 2181 259 2231; x_wconf 85' lang='lat' dir='ltr'>rat,</span> <span class='ocrx_word' id='word_1_185' title='bbox 281 2188 392 2220; x_wconf 87' lang='lat' dir='ltr'>cum</span> <span class='ocrx_word' id='word_1_186' title='bbox 414 2188 503 2236; x_wconf 87' lang='lat' dir='ltr'>per</span> <span class='ocrx_word' id='word_1_187' title='bbox 534 2174 870 2237; x_wconf 87' lang='lat' dir='ltr'>poenitentiam</span> <span class='ocrx_word' id='word_1_188' title='bbox 907 2174 971 2223; x_wconf 88' lang='lat' dir='ltr'>ad</span> <span class='ocrx_word' id='word_1_189' title='bbox 1010 2176 1168 2224; x_wconf 91' lang='lat' dir='ltr'>Deum</span> <span class='ocrx_word' id='word_1_190' title='bbox 1205 2193 1257 2224; x_wconf 91' lang='lat' dir='ltr'>se</span> <span class='ocrx_word' id='word_1_191' title='bbox 1289 2186 1543 2225; x_wconf 87' lang='lat' dir='ltr'>converte-</span> 
     </span>
     <span class='ocr_line' id='line_1_27' title="bbox 166 2247 1543 2300; baseline 0.004 -6"><span class='ocrx_word' id='word_1_192' title='bbox 166 2255 278 2295; x_wconf 86' lang='lat' dir='ltr'>rent</span> <span class='ocrx_word' id='word_1_193' title='bbox 299 2265 312 2294; x_wconf 85' lang='lat'>:</span> <span class='ocrx_word' id='word_1_194' title='bbox 363 2247 594 2297; x_wconf 79' lang='lat' dir='ltr'>invitasse</span> <span class='ocrx_word' id='word_1_195' title='bbox 638 2249 786 2297; x_wconf 90' lang='lat' dir='ltr'>etiam</span> <span class='ocrx_word' id='word_1_196' title='bbox 830 2250 921 2298; x_wconf 87' lang='lat' dir='ltr'>sub</span> <span class='ocrx_word' id='word_1_197' title='bbox 967 2251 1137 2299; x_wconf 89' lang='lat' dir='ltr'>iisdem</span> <span class='ocrx_word' id='word_1_198' title='bbox 1184 2252 1543 2300; x_wconf 91' lang='lat' dir='ltr'>conditionibus</span> 
     </span>
     <span class='ocr_line' id='line_1_28' title="bbox 166 2322 1542 2391; baseline 0.004 -21"><span class='ocrx_word' id='word_1_199' title='bbox 166 2322 496 2371; x_wconf 84' lang='lat' dir='ltr'>conversionis</span> <span class='ocrx_word' id='word_1_200' title='bbox 536 2339 704 2372; x_wconf 78' lang='lat' dir='ltr'>omnes</span> <span class='ocrx_word' id='word_1_201' title='bbox 737 2333 938 2388; x_wconf 82' lang='lat' dir='ltr'>gentes;</span> <span class='ocrx_word' id='word_1_202' title='bbox 974 2336 1026 2375; x_wconf 91' lang='lat' dir='ltr'>et</span> <span class='ocrx_word' id='word_1_203' title='bbox 1057 2327 1213 2375; x_wconf 90' lang='lat' dir='ltr'>filium</span> <span class='ocrx_word' id='word_1_204' title='bbox 1247 2343 1404 2385; x_wconf 87' lang='lat' dir='ltr'>suum,</span> <span class='ocrx_word' id='word_1_205' title='bbox 1428 2343 1542 2391; x_wconf 91' lang='lat' dir='ltr'>pec-</span> 
     </span>
     <span class='ocr_line' id='line_1_29' title="bbox 166 2397 1540 2465; baseline 0.004 -20"><span class='ocrx_word' id='word_1_206' title='bbox 166 2405 278 2446; x_wconf 83' lang='lat' dir='ltr'>cata</span> <span class='ocrx_word' id='word_1_207' title='bbox 316 2397 487 2446; x_wconf 90' lang='lat' dir='ltr'>mundi</span> <span class='ocrx_word' id='word_1_208' title='bbox 521 2406 680 2447; x_wconf 89' lang='lat' dir='ltr'>morte</span> <span class='ocrx_word' id='word_1_209' title='bbox 724 2416 813 2448; x_wconf 90' lang='lat' dir='ltr'>sua</span> <span class='ocrx_word' id='word_1_210' title='bbox 850 2402 1176 2465; x_wconf 86' lang='lat' dir='ltr'>expiaturum,</span> <span class='ocrx_word' id='word_1_211' title='bbox 1214 2403 1263 2450; x_wconf 88' lang='lat' dir='ltr'>in</span> <span class='ocrx_word' id='word_1_212' title='bbox 1305 2403 1540 2450; x_wconf 90' lang='lat' dir='ltr'>mundum</span> 
     </span>
     <span class='ocr_line' id='line_1_30' title="bbox 166 2473 1536 2540; baseline 0.004 -20"><span class='ocrx_word' id='word_1_213' title='bbox 166 2473 428 2521; x_wconf 85' lang='lat' dir='ltr'>missurum</span> <span class='ocrx_word' id='word_1_214' title='bbox 451 2489 503 2521; x_wconf 88' lang='lat' dir='ltr'>se</span> <span class='ocrx_word' id='word_1_215' title='bbox 525 2489 661 2529; x_wconf 86' lang='lat' dir='ltr'>esse;</span> <span class='ocrx_word' id='word_1_216' title='bbox 697 2483 748 2523; x_wconf 89' lang='lat' dir='ltr'>et</span> <span class='ocrx_word' id='word_1_217' title='bbox 771 2475 994 2524; x_wconf 87' lang='lat' dir='ltr'>doctrina</span> <span class='ocrx_word' id='word_1_218' title='bbox 1015 2493 1105 2524; x_wconf 89' lang='lat' dir='ltr'>sua</span> <span class='ocrx_word' id='word_1_219' title='bbox 1126 2477 1189 2525; x_wconf 90' lang='lat' dir='ltr'>ad</span> <span class='ocrx_word' id='word_1_220' title='bbox 1215 2493 1421 2540; x_wconf 86' lang='lat' dir='ltr'>regnum</span> <span class='ocrx_word' id='word_1_221' title='bbox 1447 2478 1536 2525; x_wconf 87' lang='lat' dir='ltr'>Dei</span> 
     </span>
     <span class='ocr_line' id='line_1_31' title="bbox 165 2549 1526 2615; baseline 0.004 -20"><span class='ocrx_word' id='word_1_222' title='bbox 165 2557 568 2612; x_wconf 66' lang='lat' dir='ltr'>praeparaturum,</span> <span class='ocrx_word' id='word_1_223' title='bbox 593 2549 723 2612; x_wconf 88' lang='lat' dir='ltr'>quod</span> <span class='ocrx_word' id='word_1_224' title='bbox 745 2550 794 2598; x_wconf 90' lang='lat' dir='ltr'>in</span> <span class='ocrx_word' id='word_1_225' title='bbox 818 2550 897 2599; x_wconf 91' lang='lat' dir='ltr'>die</span> <span class='ocrx_word' id='word_1_226' title='bbox 915 2551 1087 2614; x_wconf 88' lang='lat' dir='ltr'>judicii</span> <span class='ocrx_word' id='word_1_227' title='bbox 1112 2552 1419 2615; x_wconf 87' lang='lat' dir='ltr'>incepturum</span> <span class='ocrx_word' id='word_1_228' title='bbox 1438 2562 1526 2602; x_wconf 87' lang='lat' dir='ltr'>est.</span> 
     </span>
    </p>

    <p class='ocr_par' dir='ltr' id='par_1_4' title="bbox 165 2623 1543 2915">
     <span class='ocr_line' id='line_1_32' title="bbox 231 2623 1543 2691; baseline 0.005 -21"><span class='ocrx_word' id='word_1_229' title='bbox 231 2623 398 2671; x_wconf 88' lang='lat' dir='ltr'>Errori</span> <span class='ocrx_word' id='word_1_230' title='bbox 421 2624 551 2683; x_wconf 88' lang='lat' dir='ltr'>huic,</span> <span class='ocrx_word' id='word_1_231' title='bbox 574 2625 706 2688; x_wconf 88' lang='lat' dir='ltr'>quod</span> <span class='ocrx_word' id='word_1_232' title='bbox 738 2626 958 2686; x_wconf 83' lang='lat' dir='ltr'>eeclesia,</span> <span class='ocrx_word' id='word_1_233' title='bbox 994 2643 1101 2691; x_wconf 86' lang='lat' dir='ltr'>quae</span> <span class='ocrx_word' id='word_1_234' title='bbox 1124 2636 1199 2675; x_wconf 87' lang='lat' dir='ltr'>est</span> <span class='ocrx_word' id='word_1_235' title='bbox 1222 2629 1273 2677; x_wconf 90' lang='lat' dir='ltr'>in</span> <span class='ocrx_word' id='word_1_236' title='bbox 1296 2637 1443 2686; x_wconf 89' lang='lat' dir='ltr'>terra,</span> <span class='ocrx_word' id='word_1_237' title='bbox 1468 2637 1543 2676; x_wconf 87' lang='lat' dir='ltr'>est</span> 
     </span>
     <span class='ocr_line' id='line_1_33' title="bbox 165 2698 1541 2766; baseline 0.004 -21"><span class='ocrx_word' id='word_1_238' title='bbox 165 2713 372 2761; x_wconf 81' lang='lat' dir='ltr'>regnum</span> <span class='ocrx_word' id='word_1_239' title='bbox 407 2698 604 2757; x_wconf 87' lang='lat' dir='ltr'>Christi,</span> <span class='ocrx_word' id='word_1_240' title='bbox 637 2700 863 2764; x_wconf 88' lang='lat' dir='ltr'>quodque</span> <span class='ocrx_word' id='word_1_241' title='bbox 901 2718 1055 2750; x_wconf 91' lang='lat' dir='ltr'>unum</span> <span class='ocrx_word' id='word_1_242' title='bbox 1094 2718 1198 2750; x_wconf 90' lang='lat' dir='ltr'>esse</span> <span class='ocrx_word' id='word_1_243' title='bbox 1233 2711 1428 2766; x_wconf 87' lang='lat' dir='ltr'>oportet</span> <span class='ocrx_word' id='word_1_244' title='bbox 1462 2704 1541 2752; x_wconf 83' lang='lat' dir='ltr'>vel</span> 
     </span>
     <span class='ocr_line' id='line_1_34' title="bbox 166 2772 1542 2842; baseline 0.004 -21"><span class='ocrx_word' id='word_1_245' title='bbox 166 2772 412 2821; x_wconf 89' lang='lat' dir='ltr'>hominem</span> <span class='ocrx_word' id='word_1_246' title='bbox 438 2773 512 2821; x_wconf 81' lang='lat' dir='ltr'>vel</span> <span class='ocrx_word' id='word_1_247' title='bbox 530 2782 726 2832; x_wconf 87' lang='lat' dir='ltr'>coetum,</span> <span class='ocrx_word' id='word_1_248' title='bbox 743 2790 832 2838; x_wconf 89' lang='lat' dir='ltr'>per</span> <span class='ocrx_word' id='word_1_249' title='bbox 847 2792 993 2840; x_wconf 90' lang='lat' dir='ltr'>quem</span> <span class='ocrx_word' id='word_1_250' title='bbox 1017 2777 1246 2825; x_wconf 87' lang='lat' dir='ltr'>Servator</span> <span class='ocrx_word' id='word_1_251' title='bbox 1261 2786 1444 2837; x_wconf 84' lang='lat' dir='ltr'>noster,</span> <span class='ocrx_word' id='word_1_252' title='bbox 1458 2778 1542 2842; x_wconf 90' lang='lat' dir='ltr'>qui</span> 
     </span>
     <span class='ocr_line' id='line_1_35' title="bbox 167 2849 1541 2915; baseline 0.004 -19"><span class='ocrx_word' id='word_1_253' title='bbox 167 2863 300 2896; x_wconf 88' lang='lat' dir='ltr'>nunc</span> <span class='ocrx_word' id='word_1_254' title='bbox 322 2856 396 2897; x_wconf 79' lang='lat' dir='ltr'>est</span> <span class='ocrx_word' id='word_1_255' title='bbox 419 2849 469 2897; x_wconf 90' lang='lat' dir='ltr'>in</span> <span class='ocrx_word' id='word_1_256' title='bbox 487 2850 638 2908; x_wconf 82' lang='lat' dir='ltr'>eoelis,</span> <span class='ocrx_word' id='word_1_257' title='bbox 661 2849 880 2899; x_wconf 80' lang='lat' dir='ltr'>homines</span> <span class='ocrx_word' id='word_1_258' title='bbox 902 2852 1180 2915; x_wconf 89' lang='lat' dir='ltr'>alloquitur,</span> <span class='ocrx_word' id='word_1_259' title='bbox 1204 2852 1335 2915; x_wconf 81' lang='lat' dir='ltr'>leges</span> <span class='ocrx_word' id='word_1_260' title='bbox 1356 2852 1541 2912; x_wconf 85' lang='lat' dir='ltr'>condit,</span> 
     </span>
    </p>

    <p class='ocr_par' dir='ltr' id='par_1_5' title="bbox 1251 2941 1378 2978">
     <span class='ocr_line' id='line_1_36' title="bbox 1251 2941 1378 2978; baseline 0.024 -3"><span class='ocrx_word' id='word_1_261' title='bbox 1251 2941 1287 2975; x_wconf 77' lang='lat' dir='ltr'>o</span> <span class='ocrx_word' id='word_1_262' title='bbox 1306 2941 1341 2976; x_wconf 72' lang='grc' dir='ltr'>ο</span> <span class='ocrx_word' id='word_1_263' title='bbox 1356 2945 1378 2978; x_wconf 78' lang='lat'>2</span> 
     </span>
    </p>
   </div>
   <div class='ocr_carea' id='block_1_3' title="bbox 1604 436 1791 451">
    <p class='ocr_par' dir='ltr' id='par_1_6' title="bbox 1604 436 1791 451">
     <span class='ocr_line' id='line_1_37' title="bbox 1604 436 1791 451; baseline 0 2785"><span class='ocrx_word' id='word_1_264' title='bbox 1604 436 1791 451; x_wconf 95' lang='lat' dir='ltr'> </span> 
     </span>
    </p>
   </div>
   <div class='ocr_carea' id='block_1_4' title="bbox 0 722 74 3236">
    <p class='ocr_par' dir='ltr' id='par_1_7' title="bbox 0 722 74 3236">
     <span class='ocr_line' id='line_1_38' title="bbox 0 722 74 3236; baseline 0 0"><span class='ocrx_word' id='word_1_265' title='bbox 0 722 74 3236; x_wconf 95' lang='lat' dir='ltr'> </span> 
     </span>
    </p>
   </div>
  </div>
 </body>
</html>
