1968 3236
154 345 256 377 CAI'.
278 345 389 379 XLII.

179 401 367 421 *qa-r

175 446 220 474 De
233 450 374 484 potestate

172 489 375 518 ecclesiastica.

425 203 522 247 400
747 212 817 245 DE
846 210 1104 245 clvrrA'rE
1133 209 1490 244 cnmsrlANA.

424 331 499 371 set
523 324 602 371 cui
626 323 675 369 in
699 323 826 369 bello
846 321 1044 369 obedire
1069 319 1360 369 debuerunt.
1417 322 1543 369 Item
1567 320 1617 368 iu
1642 336 1813 368 conse-

424 399 641 447 cratione
666 398 943 445 Levitarum
972 396 1142 458 (Num.
1166 395 1265 444 viii.
1291 402 1339 455 9,
1365 399 1443 458 10)
1466 415 1476 444 :
1514 395 1813 444 Admovebis

425 475 630 522 Levitas
671 489 836 520 coram
875 472 1116 531 Jehovalz,
1153 478 1203 518 et
1228 472 1341 530 filii
1383 471 1600 519 Israelis
1641 487 1814 519 manus

424 567 542 597 suas
574 565 726 612 super
756 549 894 611 ipsos
937 547 1147 594 Levita-5
1185 547 1469 611 imponent;
1506 555 1556 595 et
1601 547 1652 594 in
1697 563 1814 596 con-

424 625 734 673 demnatione
769 623 1041 687 blasphemi
1069 623 1337 683 (Leviticus
1367 623 1496 671 xxiv.
1530 623 1608 684 14)
1634 642 1644 670 :
1669 622 1814 670 Edu-

423 701 523 747 cito
556 699 888 762 blasphemum
929 699 1076 745 istum
1117 705 1267 745 extra
1305 705 1496 756 castra,
1527 704 1580 745 ut
1611 697 1814 762 quicun-

422 792 516 839 que
553 774 851 821 audiverunt
897 773 1035 820 illum
1081 789 1253 820 manus
1300 789 1419 820 suas
1465 789 1619 837 snper
1659 778 1814 837 caput

422 852 528 911 ejus
566 856 794 913 ponant;
842 849 1022 896 deinde
1064 848 1263 912 lapidet
1305 865 1409 895 eum
1458 855 1592 896 totus
1638 855 1812 896 coetus.

425 927 587 974 Quare
628 933 793 972 autem
830 941 1002 972 manus
1043 924 1114 971 illi
1147 924 1398 987 imponere
1441 924 1531 972 soli
1574 923 1814 987 jubeban-

422 1009 517 1058 tur,
562 1001 646 1063 qui
674 1001 811 1048 illum
841 1000 1111 1058 audierant,
1136 1016 1194 1047 ac
1231 1016 1330 1047 non
1367 1000 1530 1063 potius
1571 999 1813 1059 sacerdos,

421 1077 498 1123 vel
523 1077 708 1134 Levita,
733 1077 810 1124 vel
845 1076 1053 1139 justitiae
1082 1075 1305 1123 minister
1337 1076 1529 1139 aliquis,
1554 1075 1648 1123 nisi
1681 1075 1814 1139 quod

421 1153 615 1200 illorum
639 1169 783 1200 nemo
804 1152 1174 1216 congregationi
1194 1151 1466 1214 designare,
1485 1151 1563 1203 vel
1580 1150 1812 1210 indicare,

421 1229 582 1290 potuit
606 1229 712 1291 quis
735 1228 884 1276 fuerit
919 1230 1002 1291 qui
1035 1228 1478 1291 blasphemaveratJ
1517 1234 1566 1275 et
1604 1242 1815 1275 comme-

419 1311 585 1351 ruerat
608 1304 757 1352 mori?
794 1304 1060 1352 Hominem
1077 1310 1240 1351 autem
1258 1303 1336 1351 vel
1358 1319 1463 1350 rem
1480 1303 1626 1351 aliam
1646 1319 1815 1366 quam-

419 1395 610 1442 cunque
650 1396 738 1443 per
772 1397 972 1427 manum
1008 1379 1072 1427 ad
1117 1379 1284 1427 oculos
1332 1379 1609 1439 ostendere,
1657 1379 1813 1427 errori

421 1454 581 1502 minus
605 1456 869 1503 obnoxium
894 1464 985 1514 est,
1011 1472 1160 1519 quam
1183 1456 1247 1503 ad
1270 1471 1412 1503 aures
1435 1455 1632 1503 nomine
1653 1454 1814 1519 desig-

423 1546 554 1577 nare.

489 1606 546 1653 In
578 1614 769 1654 tantum
804 1615 968 1655 autem
999 1607 1183 1671 placuit
1207 1623 1265 1655 eo
1290 1615 1510 1671 tempore
1534 1607 1813 1655 ceremonia

422 1681 542 1740 haec,
576 1690 630 1730 ut
653 1683 703 1730 in
732 1683 1065 1731 benedicenda
1101 1691 1208 1732 tota
1239 1683 1382 1730 simul
1414 1683 1811 1747 congregatione,

422 1757 537 1820 quia
572 1774 659 1820 per
695 1775 928 1807 manuum
963 1759 1327 1822 impositionem
1363 1759 1472 1806 fieri
1504 1775 1604 1806 non
1631 1758 1812 1822 potuit,

421 1849 593 1881 manus
618 1842 782 1882 tamen
806 1852 973 1883 versus
996 1835 1230 1899 populum
1267 1835 1319 1882 in
1349 1834 1686 1882 benedicendo
1719 1834 1814 1882 ele-

420 1917 613 1968 varunt,
631 1918 687 1958 ut
710 1911 871 1974 legere
897 1920 971 1959 est
993 1911 1149 1959 Levit.
1175 1911 1239 1958 ix.
1266 1917 1345 1958 22.

484 1981 670 2032 Eadem
704 1987 980 2035 ceremonia
1011 2003 1127 2035 usus
1163 1986 1310 2034 etiam
1346 1994 1420 2033 est
1448 1986 1686 2044 Christus,
1709 2002 1814 2034 ma-

421 2075 512 2107 nus
556 2060 606 2108 in
641 2061 749 2109 illos
785 2062 1040 2126 imponens
1084 2078 1207 2126 quos
1242 2062 1460 2121 sanabat,
1503 2072 1589 2110 aut
1635 2062 1812 2125 quibus

420 2135 754 2184 benedicebat.
804 2138 955 2185 Juxta
978 2138 1126 2186 ritum
1150 2138 1282 2186 hunc
1306 2138 1515 2201 apostoli
1539 2145 1590 2186 et
1612 2138 1813 2202 presby-

421 2212 528 2270 teri,
548 2212 805 2276 ipsumque
828 2214 1202 2277 presbyterium,
1226 2215 1277 2261 in
1302 2213 1426 2272 illos,
1452 2229 1574 2277 quos
1590 2221 1812 2277 pastores

422 2288 803 2347 constituebant,
824 2305 996 2336 manus
1020 2290 1374 2352 imposuerunt,
1400 2297 1450 2337 et
1471 2305 1561 2352 pro
1586 2289 1679 2337 illis
1701 2305 1814 2352 pre-

421 2362 517 2409 cati
543 2371 672 2422 sunt,
697 2372 754 2411 ut
777 2364 1052 2427 reciperent
1073 2365 1307 2428 Spiritum
1330 2366 1580 2413 Sanctum.
1649 2365 1811 2413 Etiam

423 2436 579 2484 eidem
626 2438 811 2501 pastori
858 2454 1029 2487 manus
1076 2441 1315 2503 impositae
1365 2440 1502 2488 fuere
1548 2440 1811 2504 aliquando

425 2512 615 2575 saepius,
640 2530 831 2577 nempe,
851 2530 962 2561 cum
987 2515 1049 2562 ad
1081 2516 1400 2564 ministerium
1430 2533 1612 2564 novum
1645 2515 1811 2564 mitte-

422 2594 572 2635 retur.
643 2589 774 2636 Finis
806 2597 969 2636 autem
1003 2590 1326 2653 impositionis
1355 2607 1588 2639 manuum
1620 2606 1812 2655 semper

423 2660 550 2709 idem
578 2662 687 2722 fuit,
711 2679 934 2726 personae
959 2664 1022 2711 ad
1055 2681 1230 2713 munus
1259 2667 1502 2729 pastorale
1534 2667 1703 2715 electae
1726 2666 1811 2714 de-

424 2736 634 2799 signatio
659 2746 832 2786 exacta
855 2746 905 2787 et
923 2739 1166 2803 religiosa.
1253 2742 1478 2805 Apostoli
1506 2742 1639 2803 (Act.
1663 2740 1729 2790 vi.
1753 2742 1806 2802 6)

423 2826 594 2860 manus
628 2813 965 2876 imposuerunt
1002 2823 1187 2879 septem
1233 2816 1465 2876 diaconis,
1508 2833 1609 2866 non
1645 2823 1701 2865 ut
1737 2831 1811 2864 re-
