1968 3236
207 403 309 436 CAP.
327 404 357 437 1.

190 457 376 477 2-qu

190 498 235 526 De
248 497 380 535 symbolo

190 541 308 570 Niceno.

435 262 529 304 532
752 271 1036 303 APPENDIX
1063 270 1135 303 AD
1163 271 1493 304 LEVIATHAN.

432 398 585 429 suum.
657 382 798 438 Nam,
823 389 878 427 ut
903 381 1067 428 dixisti
1091 397 1252 444 supra,
1277 397 1375 428 non
1402 382 1508 445 ipsa
1542 381 1813 430 substantia

432 458 532 504 sive
556 458 713 519 ipsum
739 472 839 513 ens,
864 455 949 502 sed
971 456 1314 503 tantummodo
1352 458 1552 505 effectus
1586 457 1690 520 ejus
1725 473 1811 520 ap-

430 541 602 595 parent
639 539 687 578 et
723 531 1029 593 appellantur
1065 531 1436 594 phantasmata:
1473 533 1685 580 essentia
1723 548 1809 580 au-

430 616 528 654 tem
567 607 695 653 entis
729 606 1027 668 simpliciter,
1062 607 1353 669 phantasma
1386 624 1485 655 non
1517 617 1605 655 est.
1677 607 1810 657 Quid

431 699 544 744 ergo
581 690 655 728 est
689 681 905 728 essentia
940 682 1018 728 vel
1059 698 1182 740 esse,
1222 683 1411 745 quoties
1452 690 1714 746 usurpatur
1753 691 1810 731 ut

430 774 606 805 nomen
627 757 642 804 ?
713 757 862 819 Cujus
887 757 956 803 rei
981 773 1157 804 nomen
1183 757 1292 805 est?

494 834 559 880 B.
596 833 817 879 Essentia
851 833 975 880 entis
1012 833 1062 880 in
1090 840 1333 892 concreto,
1369 841 1490 896 puta
1525 834 1651 882 entis
1686 833 1807 891 albi,

429 916 502 955 est
541 924 719 955 nomen
759 908 907 970 ipsius
958 908 1070 966 albi,
1109 909 1194 956 sed
1234 909 1529 956 considerati
1571 917 1808 972 quatenus

428 984 538 1031 albi.
630 983 812 1031 Eadem
852 984 1040 1031 ratione
1087 985 1305 1031 essentia
1353 985 1477 1032 entis
1523 985 1809 1048 simpliciter

428 1068 500 1107 est
523 1076 699 1107 nomen
725 1059 867 1118 entis,
892 1060 977 1107 sed
1001 1060 1296 1107 considerati
1320 1060 1605 1123 simpliciter
1639 1068 1808 1123 quate-

428 1151 517 1182 nus
541 1151 625 1182 ens
647 1156 657 1189 ;
695 1143 742 1182 et
766 1135 815 1182 in
839 1136 1134 1193 universum,
1165 1134 1426 1183 abstracta
1464 1143 1577 1183 sunt
1610 1136 1809 1184 nomina

429 1217 776 1268 concretorum,
813 1211 1007 1273 quando
1033 1211 1403 1259 considerantur
1439 1212 1638 1259 seorsim
1661 1229 1691 1260 a
1714 1228 1807 1260 cae-

427 1286 542 1333 teris
573 1286 847 1333 nominibus
886 1287 1102 1350 ejusdem
1137 1287 1370 1334 concreti.
1439 1287 1636 1346 Album,
1671 1288 1808 1335 verbi

424 1363 596 1424 gratia,
622 1371 695 1409 est
720 1378 804 1409 ens
829 1363 1008 1410 album.
1079 1364 1130 1410 Si
1149 1364 1252 1426 jam
1276 1363 1326 1410 in
1351 1371 1465 1411 ente
1498 1363 1610 1411 albo
1648 1363 1806 1411 consi-

425 1437 647 1485 deremus
672 1438 836 1485 album
860 1439 1062 1486 seorsim
1082 1439 1142 1486 ab
1166 1446 1294 1497 ente,
1321 1439 1525 1486 dicimus
1556 1455 1646 1502 pro
1680 1439 1807 1498 albo,

425 1513 657 1561 doctrinae
693 1530 854 1572 causa,
892 1514 1182 1573 albedinem,
1219 1514 1296 1562 vel
1320 1530 1424 1562 esse
1449 1515 1627 1562 album.

489 1590 553 1636 A.
592 1590 800 1638 Quando
843 1606 960 1653 ergo
1000 1606 1089 1653 pro
1128 1597 1240 1637 ente
1275 1589 1560 1653 simpliciter
1600 1589 1806 1638 dicimus

423 1665 695 1723 essentiam,
727 1673 870 1712 erunt
905 1666 1114 1713 essentia
1150 1675 1200 1713 et
1233 1681 1318 1712 ens
1343 1665 1614 1728 synonima,
1642 1673 1693 1713 et
1714 1681 1802 1729 per

424 1757 721 1803 consequens
739 1757 834 1788 vox
856 1741 1075 1788 essentia
1099 1741 1344 1803 superflua
1367 1748 1455 1788 est.

488 1817 552 1863 B.
590 1817 692 1863 Imo
734 1833 864 1874 vero,
900 1816 1223 1864 inconsistens
1263 1832 1372 1863 cum
1415 1816 1620 1864 veritate
1653 1816 1801 1873 fidei;

421 1900 547 1939 teste
591 1892 619 1939 J
624 1892 813 1939 ohanne
861 1892 1181 1949 Damasceno,
1229 1891 1388 1954 capite
1434 1891 1694 1940 undecimo
1741 1891 1802 1940 de

422 1968 752 2033 Empositione
767 1968 930 2016 Fidei.
969 1968 1067 2017 Qui
1092 1984 1202 2015 cum
1223 1967 1439 2026 dixisset,
1464 1967 1670 2015 Verbum
1675 1967 1804 2032 fac-

422 2051 520 2091 tum
543 2060 650 2091 esse
674 2043 920 2103 hominem,
945 2043 1139 2107 adjecit,
1167 2042 1303 2107 quod
1323 2049 1480 2091 tamen
1507 2043 1691 2091 Deitas
1714 2049 1803 2091 aut

422 2119 686 2166 incarnata
711 2126 798 2166 aut
828 2119 1096 2166 Immanata
1121 2124 1267 2175 esset,
1287 2117 1421 2165 nullo
1431 2124 1590 2182 paeto
1608 2117 1800 2166 audivi—

421 2211 539 2242 mus.
592 2195 909 2242 Manifestum
934 2211 1050 2258 ergo
1080 2203 1170 2251 est,
1190 2194 1239 2241 in
1265 2202 1375 2242 ente
1399 2194 1683 2257 simpliciter
1706 2194 1800 2243 dif-

420 2270 546 2317 ferre
568 2272 696 2318 inter
719 2287 770 2318 se
795 2286 879 2318 ens
905 2278 954 2318 et
978 2271 1254 2328 essentiam,
1292 2278 1342 2317 et
1378 2269 1532 2318 multo
1564 2269 1718 2333 magis
1747 2270 1800 2318 in

421 2346 676 2394 concretis.

485 2422 549 2468 A.
588 2421 711 2470 Quae
747 2437 893 2470 causa
927 2430 1030 2469 erat
1053 2422 1332 2470 doctoribus
1355 2421 1643 2481 affirmandi,
1667 2421 1801 2485 quod

420 2496 511 2543 nisi
546 2512 630 2544 ens
654 2506 703 2545 et
727 2497 938 2545 essentia
961 2498 1011 2544 in
1036 2497 1140 2545 Deo
1175 2497 1305 2545 idem
1329 2506 1504 2556 essent,
1529 2497 1800 2545 substantia

422 2571 585 2619 divina
607 2581 732 2620 esset
746 2572 1046 2634 composita?

485 2647 549 2693 B.
588 2647 716 2695 Quia
730 2647 963 2702 definitio,
980 2664 1087 2710 quae
1103 2656 1177 2695 est
1195 2649 1454 2711 explicatio
1472 2647 1694 2696 essentiae
1714 2647 1799 2696 de-

422 2721 796 2780 finitae‚vocatur
810 2722 955 2785 vulgo
975 2739 1005 2770 a
1022 2723 1319 2787 philosophis
1339 2725 1445 2787 ipsa
1462 2724 1685 2772 essentia.
1712 2724 1797 2783 Ut,

419 2797 458 2843 si
483 2797 699 2845 definitio
722 2798 931 2846 hominis
955 2798 1017 2845 sit
1051 2798 1229 2846 animal
1265 2799 1516 2857 rationale,
1540 2799 1799 2847 essentiam

419 2880 594 2920 vocant
617 2872 795 2920 animal
820 2873 1071 2932 rationale,
1091 2882 1140 2921 et
1163 2875 1484 2937 compositam
1501 2891 1605 2923 esse
1629 2874 1799 2923 dicunt
