1968 3236
448 231 543 271 426
777 240 846 272 DE
869 238 1127 272 CIV1TATE
1156 237 1512 271 CHRISTlANA.

188 371 414 404 Μηχωι,
450 349 731 411 proceribus
766 349 933 396 Galliae
969 357 1143 395 contra
1178 364 1342 411 regem
1368 364 1536 396 eorum
1562 349 1834 396 Henricum

202 429 397 501 m
451 425 664 472 tertium.
719 425 902 471 Paucos
918 432 1036 487 puto
1063 440 1167 471 esse
1190 425 1451 487 principes,
1477 424 1560 487 qui
1583 424 1768 488 injusta
1783 433 1834 473 et

201 507 401 537 ecdesiastica-
450 500 759 548 incommoda
794 500 899 547 haec
923 516 1027 548 esse
1052 516 1150 547 non
1177 501 1422 554 sentiant;
1458 499 1544 548 sed
1576 499 1698 547 illud
1733 515 1833 548 non

450 576 642 624 sufficit,
713 576 905 624 Debent
929 578 1059 624 enim
1078 577 1341 624 decernere
1365 576 1562 624 tandem
1589 592 1652 623 an
1675 591 1832 639 reges,

449 668 510 699 an
535 651 714 699 subditi
746 668 848 699 esse
883 653 1050 700 velint.
1138 653 1363 700 Pluribus
1405 651 1614 699 dominis
1652 651 1834 699 servire

447 728 653 790 populus
672 743 770 775 non
792 736 972 790 potest.
1043 729 1406 776 Sublevandum
1425 744 1543 792 ergo
1568 735 1640 775 est
1657 743 1687 775 a
1704 727 1833 790 regi-

448 803 537 850 bus
572 803 685 861 suis,
718 803 975 866 imperium
1011 804 1063 851 in
1102 804 1327 851 manibus
1350 804 1560 867 propriis
1583 803 1833 867 integrum

447 878 782 936 retinentibus,
802 878 877 926 vel
901 880 951 926 in
975 896 1147 927 manus
1168 880 1312 943 Papae
1330 879 1576 943 integrum
1590 879 1829 927 tradenti-

447 954 535 1000 bus
557 974 568 1007 ;
604 962 660 1001 ut
683 954 767 1012 illi,
794 955 878 1017 qui
902 955 1100 1002 obedire
1123 955 1282 1018 parati
1317 963 1445 1013 sunt,
1476 955 1527 1002 in
1553 955 1834 1003 obedientia

447 1045 533 1075 sua
567 1036 902 1091 protegantur.
973 1030 1236 1078 Distinctio
1272 1030 1401 1078 enim
1431 1031 1623 1094 imperii
1648 1037 1832 1095 tempo-

447 1102 576 1150 ralis
601 1111 649 1151 et
671 1104 976 1167 spiritualis,
1001 1106 1151 1153 verba
1185 1122 1319 1153 mera
1350 1113 1477 1164 sunt,
1513 1114 1564 1154 et
1599 1106 1833 1154 dividitur

447 1180 701 1242 imperium
726 1196 826 1227 non
861 1181 1021 1229 minus
1055 1182 1326 1244 periculose
1360 1197 1448 1244 per
1487 1182 1832 1230 admissionem

447 1256 700 1317 potestatis
723 1255 924 1304 alterius
945 1257 1221 1315 indireetoe,
1247 1273 1392 1320 quam
1414 1257 1634 1306 directae.

516 1331 612 1378 Sed
659 1332 907 1380 veniamus
954 1334 1057 1396 jam
1104 1333 1167 1381 ad
1205 1342 1496 1396 argumenta
1532 1333 1830 1381 Bellarmini.

450 1406 671 1455 Quorum
711 1408 923 1469 primum
959 1417 1066 1462 est;
1096 1415 1330 1472 potestas
1365 1409 1529 1456 civilis
1563 1409 1832 1472 subjicitur

438 1483 687 1545 potestati
710 1483 972 1547 spirituali
990 1503 1007 1532 .·
1043 1500 1169 1549 ergo
1194 1484 1238 1531 is
1262 1484 1349 1548 qui
1365 1500 1643 1549 supremam
1657 1491 1833 1549 potes-

447 1564 597 1604 tatem
623 1558 771 1605 habet
805 1559 1140 1623 spiritualem,
1163 1561 1255 1623 jus
1290 1560 1440 1608 habet
1476 1560 1758 1624 imperandi
1781 1560 1832 1608 in

440 1633 704 1697 principes
751 1636 1069 1698 temporales,
1113 1642 1163 1683 et
1209 1635 1508 1700 disponendi
1553 1635 1615 1683 de
1665 1652 1832 1684 eorum

448 1709 802 1772 temporalibus
828 1711 877 1758 in
902 1711 1077 1759 ordine
1112 1711 1184 1759 acl
1212 1710 1525 1776 spiritualia.
1597 1711 1746 1760 Quod
1768 1712 1832 1760 ad

447 1782 807 1833 distinctionem
836 1786 1016 1834 attinet
1051 1787 1391 1850 temporalium
1415 1796 1466 1834 et
1489 1787 1832 1851 spiritualium,

446 1858 694 1907 videamus
734 1862 785 1909 in
827 1878 923 1925 quo
965 1879 1110 1911 sensu
1150 1864 1256 1911 fieri
1279 1864 1451 1927 possit,
1475 1872 1531 1911 ut
1556 1863 1654 1912 dici
1674 1864 1832 1927 possit

447 1935 549 1982 sine
573 1937 886 1992 absurditate,
918 1946 1212 2001 potestatem
1247 1939 1567 2002 temporalem
1600 1939 1832 2003 potestati

446 2011 680 2073 spirituali
717 2014 986 2076 subjectam
1022 2031 1141 2063 esse.
1213 2015 1336 2062 Cum
1361 2014 1567 2062 dicimus
1590 2014 1722 2062 enim
1742 2031 1832 2079 po-

446 2095 672 2135 testatem
691 2090 922 2151 potestati
941 2091 1186 2139 subditam
1207 2106 1327 2146 esse,
1345 2090 1721 2154 intelligendum
1737 2098 1828 2150 est,

443 2170 529 2209 aut
550 2163 702 2221 illum,
727 2165 811 2227 qui
834 2181 981 2213 unam
1006 2167 1170 2224 habet,
1197 2167 1282 2226 illi,
1308 2167 1393 2230 qui
1426 2167 1575 2215 habet
1609 2167 1828 2226 alteram,

445 2238 691 2286 subditum
724 2255 842 2298 esse,
870 2241 947 2288 vel
978 2250 1275 2304 potestatem
1306 2258 1454 2290 unam
1489 2258 1594 2291 esse
1617 2242 1681 2291 ad
1712 2242 1830 2291 alte-

445 2328 546 2360 ram
584 2321 640 2362 ut
674 2315 888 2363 medium
922 2316 986 2364 ad
1019 2317 1183 2365 finem.
1255 2318 1537 2381 Intelligere
1573 2318 1704 2367 enim
1727 2334 1829 2367 non

444 2405 714 2450 possumus,
739 2398 1033 2453 potestatem
1056 2407 1222 2450 unam,
1246 2393 1348 2441 sive
1377 2394 1458 2456 jus
1490 2409 1643 2441 unum
1666 2393 1717 2442 in
1740 2410 1828 2457 po-

445 2471 668 2512 testatem
693 2465 854 2521 aliam,
878 2465 928 2513 id
951 2474 1040 2524 est,
1059 2468 1139 2530 jus
1161 2468 1309 2527 aliud,
1333 2476 1628 2532 potestatem
1652 2469 1729 2517 vel
1746 2469 1828 2533 jus

445 2537 622 2586 habere
645 2539 931 2603 imperandi.
1003 2541 1130 2589 Nam
1154 2543 1413 2606 subjectio,
1434 2544 1707 2610 imperium,
1719 2546 1827 2608 jus,

444 2622 493 2660 et
525 2620 760 2677 potestas
797 2614 1071 2664 accidentia
1107 2625 1222 2665 sunt
1258 2635 1357 2667 non
1392 2627 1707 2683 potestatum,
1741 2620 1828 2669 sed

444 2704 775 2750 personarum.
846 2691 1069 2739 Potestas
1094 2692 1291 2754 quidem
1315 2711 1414 2743 una
1437 2696 1579 2744 alteri
1603 2696 1826 2745 subordi-

443 2771 557 2810 nata
580 2781 683 2812 esse
708 2773 884 2827 potest,
905 2766 1314 2828 quemadmodum
1331 2785 1409 2817 ars
1427 2770 1638 2819 faciendi
1658 2771 1828 2836 ephip-

442 2837 522 2899 pia
556 2839 649 2887 arti
686 2840 937 2902 equitandi
963 2842 1279 2892 subordinata
1314 2861 1417 2893 esse
1459 2854 1636 2909 potest.
1719 2846 1826 2895 Etsi
