1968 3236
200 416 303 450 CAP.
324 417 392 451 III.

200 471 390 494 *w*

195 508 241 537 De
254 510 372 546 quibus-

196 552 263 580 dam
277 553 370 590 objec-

194 595 322 623 tionibus
335 605 400 624 con-

448 275 543 318 568
761 285 1051 318 APPENDIX
1079 284 1151 317 AD
1179 283 1520 317 LEVIATHAN.

443 411 577 454 num,
603 396 688 444 sed
721 395 1035 454 infirmitatis,
1061 403 1112 442 et
1134 411 1164 442 a
1189 394 1384 442 Christo
1407 394 1548 442 facile
1583 394 1833 443 condona-

442 479 564 520 tum.

511 549 575 596 A.
612 547 799 595 Eodem
834 547 1008 610 capite,
1033 547 1243 594 affirmat
1275 546 1466 594 licitum
1494 561 1598 594 esse
1632 546 1831 610 regibus

196 641 242 667 tm
259 639 427 668 mathan.
446 623 731 671 Christianis
755 622 1097 670 administrare
1122 630 1443 669 sacramenta.

511 700 576 746 B.
614 700 795 746 Omnes
817 699 920 745 fere
943 698 1154 745 ministri
1179 698 1394 745 ecclesiae
1419 696 1719 760 Anglicanae,
1745 713 1832 745 an-

444 792 508 822 no
532 775 690 838 primo
715 774 896 836 reginae
933 773 1250 831 Elizabethae,
1270 773 1398 821 idem
1436 781 1696 820 senserunt
1719 789 1831 820 cum

443 851 542 898 illo.
614 850 768 897 Simul
809 849 938 896 enim
963 865 1019 896 ac
1043 849 1214 912 regina
1244 856 1577 912 suprematum
1613 848 1830 897 ecclesiae

443 926 534 974 sibi
552 925 857 974 vendicasset
876 924 1035 972 emisit
1054 924 1286 972 mandata
1304 924 1542 987 quaedam,
1558 940 1646 988 per
1661 941 1830 973 omnes

443 1001 688 1058 dioeceses,
737 1016 846 1062 quae
890 999 1125 1047 mandata
1176 1000 1439 1063 appellavit
1484 999 1828 1063 injunctiones.

446 1077 664 1130 Quarum
686 1092 785 1123 una
808 1082 927 1134 erat,
953 1084 1010 1123 ut
1040 1075 1204 1123 clerici
1228 1092 1396 1123 omnes
1421 1092 1532 1123 cum
1550 1076 1830 1139 juramento

442 1159 852 1214 recognoscerent
867 1151 1085 1198 ecclesiae
1104 1158 1436 1214 suprematum
1455 1152 1566 1214 jure
1583 1150 1830 1214 pertinere

441 1228 504 1275 ad
527 1227 746 1290 reginam
772 1234 822 1274 et
840 1242 1143 1274 successores
1159 1242 1286 1274 suos.
1323 1226 1471 1274 Multi
1489 1235 1654 1273 autem
1673 1234 1828 1285 erant,

441 1302 542 1367 qui,
560 1303 725 1365 jurare
761 1302 1042 1360 noluerunt,
1079 1302 1223 1360 hanc,
1263 1309 1319 1349 ut
1355 1302 1448 1365 ipsi
1483 1301 1728 1360 dicebant,
1765 1302 1828 1350 ob

440 1366 662 1434 causam3
689 1378 821 1442 quod
839 1394 896 1426 eo
915 1393 1162 1436 concesso,
1175 1393 1276 1425 una
1291 1377 1576 1425 conceditur
1590 1377 1828 1441 reginam,

440 1455 479 1502 si
493 1455 624 1513 velit,
639 1470 779 1518 posse
794 1454 1135 1502 administrare
1151 1462 1472 1501 sacramenta.
1509 1453 1827 1501 Manifestum

439 1531 554 1578 hinc
574 1539 662 1590 est,
688 1531 872 1578 clerum
895 1530 1034 1578 illum
1057 1529 1337 1588 credidisse,
1362 1530 1412 1577 in
1437 1545 1729 1594 quocunque
1752 1545 1830 1577 re-

440 1607 619 1655 sideret
651 1607 868 1654 ecclesiae
900 1613 1223 1669 suprematus,
1249 1605 1407 1653 eidem
1438 1621 1631 1669 quoque
1665 1605 1827 1664 licere,

439 1682 628 1745 quoties
661 1683 781 1740 vult,
807 1698 865 1729 ea
897 1682 1062 1729 omnia
1098 1681 1457 1741 administrare,
1482 1698 1591 1745 quae
1615 1697 1644 1729 a
1667 1697 1829 1729 sacer-

437 1759 631 1806 dotibus
651 1758 980 1806 administrari
1005 1758 1178 1805 solent.
1217 1757 1462 1805 Caeterum
1481 1756 1544 1804 ad
1557 1756 1826 1804 tollendum

436 1835 715 1897 scrupulum
739 1835 870 1882 hunc
893 1833 1144 1897 rescripsit
1175 1834 1361 1897 regina,
1385 1849 1636 1896 nunquam
1661 1832 1752 1880 sibi
1775 1833 1827 1880 in

435 1910 597 1957 animo
633 1910 781 1958 fuisse
819 1909 964 1957 aliam
1003 1909 1095 1957 sibi
1131 1909 1607 1957 administrationem
1631 1916 1718 1957 aut
1739 1924 1828 1972 po-

434 1991 661 2032 testatem
685 2001 947 2044 assumere,
987 2000 1133 2047 quam
1158 2001 1256 2047 qua
1289 1985 1366 2032 usi
1403 1993 1520 2033 sunt
1557 1985 1701 2032 Pater
1723 1985 1827 2048 ejus

437 2061 680 2108 Henricus
705 2069 755 2108 et
772 2060 925 2108 frater
941 2059 1215 2108 Eduardus.
1285 2060 1448 2123 Atque
1470 2060 1566 2107 hoc
1589 2060 1827 2123 rescripto

435 2151 525 2183 nec
567 2136 926 2184 successoribus
960 2135 1058 2183 suis
1095 2135 1324 2184 masculis
1361 2142 1656 2199 potestatem
1692 2134 1827 2183 illam

436 2211 705 2275 derogavit,
751 2228 843 2259 nec
888 2211 980 2259 sibi
1016 2211 1295 2274 arrogavit3
1332 2211 1488 2259 sciens
1524 2210 1825 2274 prohibitum

436 2302 540 2334 esse
563 2287 777 2335 foeminis
801 2287 936 2350 loqui
959 2287 1010 2334 in
1035 2287 1268 2334 ecclesiis.

502 2362 567 2410 A.
605 2363 763 2426 Caput
795 2362 1222 2425 quadragesimum
1259 2362 1460 2410 tertium
1494 2369 1655 2409 totum
1689 2361 1741 2409 in
1765 2377 1824 2410 eo

436 2438 752 2497 consumitur,
790 2447 846 2486 ut
886 2439 1062 2502 probet
1100 2438 1350 2501 peccatori
1380 2437 1642 2501 poenitenti
1675 2436 1824 2484 fidem

435 2512 578 2559 aliam
602 2513 665 2559 ad
688 2513 894 2560 salutem
925 2514 1251 2561 necessariam
1274 2529 1374 2561 non
1397 2528 1517 2570 esse,
1542 2528 1690 2576 quam
1714 2528 1825 2576 quae

436 2588 713 2635 continetur
728 2589 777 2635 in
792 2589 886 2636 hoc
901 2605 998 2636 uno
1013 2588 1236 2647 articulo,
1246 2588 1414 2635 Jesum
1433 2603 1542 2635 esse
1554 2587 1823 2636 Christum.

502 2663 565 2710 B.
605 2663 661 2710 In
686 2663 767 2711 illo
791 2663 997 2711 articulo
1031 2663 1187 2710 multa
1219 2663 1549 2721 continentur,
1573 2669 1631 2710 ut
1652 2662 1824 2710 Jesum

436 2752 539 2784 esse
575 2738 749 2785 Filium
786 2739 892 2797 Dei,
917 2754 1082 2801 regem
1116 2738 1417 2797 Judaeorum,
1442 2744 1823 2786 restauratorem

436 2812 573 2874 regni
598 2812 703 2859 Dei.
774 2813 935 2861 Etiam
959 2828 1136 2876 scopus
1159 2812 1415 2876 Evangelii
1438 2812 1561 2861 alius
1595 2828 1696 2861 non
1731 2819 1822 2872 est,

438 2894 491 2933 ut
523 2895 731 2936 testatur
766 2888 1015 2937 Johannes
1042 2888 1290 2951 apostolus
1334 2889 1434 2950 (xx.
1458 2889 1562 2949 31),
1589 2903 1733 2951 quam
1769 2896 1825 2936 ut
