1968 3236
140 387 242 420 CAP.
258 388 358 421 XIX.

155 443 347 465 κ-Ὗ--ο

118 483 164 510 De
177 483 332 519 generibus

117 526 268 554 civitatum
282 536 335 564 per

116 569 338 604 institutionem,

117 615 147 640 et
169 613 204 640 de
227 621 338 642 sueces-

116 656 196 684 sione
211 657 248 684 ad
261 666 337 684 sum-

118 708 195 727 mam
210 703 387 738 potestatem.

406 245 496 287 146
905 253 975 286 DE
1004 253 1281 286 olvl‘rA'rE.

400 372 475 412 est
505 371 722 427 potestas
748 380 951 422 summa,
978 380 1124 427 quam
1160 365 1438 413 monarchis
1470 365 1738 413 infantibus
1761 381 1791 413 a

401 441 706 488 curatoribus
730 440 843 487 suis.

471 516 766 578 Quanquam
781 515 1036 563 civitatum
1053 531 1249 580 genera,
1268 523 1323 564 ut
1342 516 1456 575 dixi,
1474 517 1571 564 tria
1593 524 1788 564 tantum

404 591 516 650 sint,
540 590 840 650 monarchia,
867 591 1181 651 democratia,
1221 599 1271 639 et
1301 592 1638 648 aristocratia3
1675 609 1792 641 con-

405 667 732 714 siderantibus
766 673 932 715 tamen
972 667 1193 715 civitates
1229 668 1497 731 singulares
1529 685 1638 732 quae
1660 684 1793 716 nunc

404 751 533 801 sunt,
559 749 608 790 et
632 758 742 805 quae
765 758 854 805 per
879 750 1120 791 terrarum
1145 744 1315 791 orbem
1339 744 1456 792 olim
1475 744 1627 804 fuere,
1651 745 1795 808 plura

401 819 609 866 fortasse
626 818 940 867 videbuntur.
1010 819 1234 883 Exempli
1258 835 1418 878 causa,
1434 836 1640 883 regnum
1660 820 1794 884 quod

400 901 605 943 vocatur
619 894 894 953 electivum,
903 894 989 942 ubi
1004 911 1243 942 summam
1256 902 1551 958 potestatem
1558 912 1648 959 pro
1657 903 1795 944 certo

402 970 566 1034 aliquo
588 977 810 1033 tempore
827 970 978 1019 habet
995 987 1082 1018 rex
1099 992 1111 1026 ;
1135 971 1229 1029 vel,
1249 971 1332 1034 qui
1350 979 1647 1035 potestatem
1664 987 1796 1019 sum-

403 1063 535 1094 mam
557 1046 922 1094 haereditariam
947 1046 1147 1110 quidem
1182 1047 1346 1104 habet,
1369 1064 1399 1095 a
1423 1048 1608 1095 civibus
1632 1054 1796 1096 autem

401 1122 690 1178 limitatam;
727 1138 837 1185 quae
876 1122 1046 1170 formae
1086 1122 1337 1186 regiminis
1362 1139 1391 1170 a
1413 1123 1657 1187 plerisque
1691 1139 1797 1171 mo-

403 1198 620 1246 narchiae
643 1198 954 1261 appellantur
976 1217 986 1246 :
1024 1198 1159 1257 item,
1180 1198 1352 1246 civitas
1377 1198 1704 1247 democratice
1719 1199 1798 1246 vel

406 1274 741 1322 aristocratice
781 1274 1071 1338 gubernata,
1114 1273 1155 1321 si
1197 1273 1445 1322 civitatem
1481 1275 1627 1322 aliam
1666 1274 1796 1322 bello

405 1350 586 1398 victam
605 1350 697 1397 sibi
715 1349 915 1398 obedire
931 1357 1093 1412 cogat,
1112 1357 1162 1397 et
1179 1365 1268 1413 per
1281 1350 1572 1413 praefectum
1586 1350 1797 1398 aliumve

405 1426 684 1473 ministrum
708 1432 863 1489 regat,
882 1425 1038 1472 videri
1051 1424 1179 1472 forte
1197 1432 1378 1488 potest,
1397 1433 1600 1489 propter
1616 1433 1799 1474 coetum

405 1508 673 1564 regentem,
684 1500 904 1563 regimen
920 1500 1304 1548 democraticum
1317 1501 1395 1549 vel
1409 1501 1799 1549 aristocraticum

408 1593 526 1625 esse.
599 1576 696 1624 Sed
716 1591 818 1638 non
843 1583 925 1624 est'
939 1576 1024 1624 ita.
1094 1576 1267 1639 Neque
1297 1576 1427 1624 enim
1445 1593 1586 1640 reges
1609 1583 1800 1639 tempo-

407 1653 541 1711 rarii,
574 1668 734 1716 neque
771 1668 928 1715 reges,
967 1651 1142 1715 quibus
1176 1659 1395 1714 potestas
1431 1653 1801 1716 circumscripta

408 1735 497 1787 est,
522 1729 700 1776 summi
724 1735 854 1786 sunt,
880 1727 967 1775 sed
1004 1743 1304 1775 summorum
1328 1728 1555 1776 ministri.
1625 1728 1799 1792 Neque

406 1804 671 1867 provincia,
690 1819 799 1866 quae
815 1803 1126 1851 democratiae
1142 1810 1226 1851 aut
1244 1803 1560 1866 optimatibus
1580 1804 1801 1869 subjecta

409 1887 499 1938 est,
523 1879 712 1943 regitur
742 1895 772 1926 a
796 1878 993 1926 civitate
1030 1878 1314 1926 dominante
1354 1878 1680 1927 democratice
1714 1887 1801 1928 aut

408 1955 757 2014 aristocratice,
783 1953 870 2002 sed
891 1954 1219 2001 monarchice.

477 2032 639 2081 Primo
663 2037 828 2078 autem
850 2045 952 2088 rex,
978 2031 1116 2092 cujus
1139 2036 1358 2092 potestas
1378 2045 1490 2077 cum
1507 2030 1610 2078 vita
1631 2031 1801 2079 termi-

409 2114 572 2167 natur,
587 2106 754 2170 quales
767 2105 991 2154 nonnulli
1006 2105 1154 2153 hodie
1169 2112 1284 2153 sunt
1300 2105 1351 2153 in
1366 2106 1483 2154 orbe
1499 2106 1799 2162 Christiano;

411 2191 498 2232 aut
526 2184 567 2231 is
605 2183 689 2247 qui
718 2197 958 2230 summam
982 2181 1180 2244 quidem
1203 2181 1353 2229 habet
1375 2189 1689 2244 potestatem,
1715 2182 1802 2231 sed

410 2267 522 2324 post
543 2266 737 2322 tempus
770 2265 960 2306 certum
983 2257 1060 2304 vel
1093 2256 1157 2304 ad
1179 2257 1383 2320 alicujus
1406 2257 1606 2306 alterius
1628 2258 1802 2306 volun-

411 2343 566 2384 tatem
602 2333 958 2397 deponendam,
995 2332 1153 2396 qualis
1195 2339 1300 2380 erat
1336 2333 1584 2396 quondam
1630 2331 1802 2383 Romae

413 2413 625 2461 dictator
645 2431 657 2466 ;
693 2409 735 2458 si
753 2409 1046 2457 successoris
1061 2408 1274 2471 eligendi
1290 2416 1586 2472 potestatem
1606 2409 1801 2468 habeat,

412 2503 513 2536 non
535 2494 608 2535 est
623 2484 836 2548 'amplius
859 2483 1127 2532 monarcha
1162 2484 1502 2547 temporarius,
1527 2485 1614 2533 sed
1648 2485 1802 2549 impe-

413 2565 542 2612 rium
577 2562 728 2610 habet
758 2559 848 2608 sibi
873 2566 923 2607 et
949 2558 1226 2607 haeredibus
1250 2558 1363 2606 suis.
1435 2559 1523 2608 Sin
1557 2566 1802 2624 potestate

414 2640 498 2688 illa
521 2644 702 2695 careat,
726 2635 852 2684 alter
889 2641 964 2683 est
986 2634 1064 2682 vel
1091 2634 1238 2682 homo
1261 2634 1339 2682 vel
1364 2642 1534 2694 coetus,
1571 2635 1656 2699 qui
1690 2643 1803 2700 post

413 2716 541 2764 illius
564 2713 754 2763 obitum
778 2726 944 2774 regem
966 2726 1147 2759 novum
1172 2710 1351 2774 eligere
1374 2718 1552 2774 potest.
1622 2711 1721 2760 Sed
1742 2711 1801 2771 is,

415 2791 500 2855 qui
532 2791 628 2838 hoc
662 2793 838 2852 potest,
871 2802 1109 2835 summam
1140 2793 1433 2850 potestatem
1469 2794 1583 2836 ante
1614 2787 1800 2836 habuit.

413 2868 544 2915 Dare
562 2865 693 2914 enim
711 2862 868 2923 alteri,
885 2863 1018 2926 quod
1041 2863 1143 2926 ipse
1162 2878 1261 2911 non
1279 2863 1442 2923 habet,
1458 2879 1603 2913 nemo
1621 2870 1800 2928 potest.
