1968 3236
494 238 565 272 DE
593 237 850 272 clvl'rA'rE
877 239 1232 273 CHRISTIANA.
1461 230 1558 277 363

173 352 291 400 bere
324 350 575 399 adorando
610 351 825 408 obedire,
860 359 978 398 tunc
1008 352 1100 399 sibi
1122 351 1365 415 permittit
1399 358 1450 399 et
1475 352 1557 415 jus
1586 374 1688 406 ομ»,
1709 373 1823 405 xm.

175 426 391 492 postulat
421 426 554 490 quod
585 426 690 474 aliis
723 435 904 490 negat:
940 427 1071 490 quod
1094 436 1170 475 est
1192 427 1353 475 verbis
1388 427 1559 475 Serva-

14 512 18 519 ’
107 501 115 507 ’
177 503 299 552 toris
315 503 471 551 nostri
495 503 810 561 contrarium,
830 503 1054 561 dicentis,
1075 503 1198 562 (Luc
1215 503 1278 551 vi.
1295 504 1404 563 31),
1421 502 1560 567 quic-

174 578 306 644 quid
340 578 491 626 vultis
531 585 588 626 ut
608 578 825 641 faciant
871 578 1006 625 vobis
1042 578 1273 637 homiues,
1308 578 1368 627 id
1388 578 1562 643 facite

178 652 288 702 illis
301 670 322 709 ,⁰
355 662 407 701 et
442 662 615 701 contra
652 653 812 716 legem
853 663 1058 712 naturae,
1097 669 1204 717 quae
1244 662 1320 702 est
1354 654 1435 702 lex
1467 653 1561 702 Dei

179 736 365 778 aeoerna
405 736 455 776 et
491 729 781 787 indubitata,
819 746 880 777 ne
899 729 1086 793 sacius
1109 729 1280 788 alteri,
1314 729 1451 794 quod
1469 729 1563 777 tibi

159 803 295 867 fieri
316 820 411 851 non
431 804 521 851 vis,

248 879 383 928 Quid
405 894 522 942 ergo
547 878 765 926 dicemus
789 878 851 926 de
888 880 1181 943 martyribus
1199 880 1294 928 illis
1317 880 1560 938 omnibus,

180 955 245 1004 de
276 955 452 1019 quibus
487 955 697 1018 legimus
732 955 783 1002 in
818 955 1034 1003 historiis
1074 955 1277 1019 aliisque
1310 956 1563 1019 legendis?

180 1032 278 1090 An,
302 1030 435 1095 quod
468 1031 595 1078 vitas
634 1046 744 1078 suas
775 1030 878 1078 sine
906 1030 1193 1079 necessitate
1215 1032 1561 1095 projecerunt?

182 1106 618 1171 Respondebimus,
641 1107 878 1165 homines,
903 1107 986 1171 qui
1029 1106 1251 1178 eligionis
1269 1123 1415 1156 causa
1433 1107 1564 1156 occi-

181 1182 225 1231 si
247 1190 377 1238 sunt,
412 1182 782 1246 distinguendos
815 1198 934 1230 esse.
1000 1122 1183 1231 {lorum
1217 1185 1362 1241 enim,
1394 1184 1478 1232 alii
1499 1183 1565 1232 ad

182 1258 549 1323 praedicandum
583 1259 747 1306 vocati
781 1267 831 1307 et
865 1259 999 1307 missi
1030 1259 1241 1319 fuerant,
1273 1269 1324 1308 et
1358 1276 1566 1324 regnum

186 1334 367 1383 Christi
389 1334 550 1397 palam
571 1334 792 1398 profiteri
822 1334 873 1381 in
907 1350 958 1382 se
986 1345 1298 1398 receperant.
1350 1335 1432 1383 alii
1459 1351 1568 1384 rur-

186 1424 268 1457 sus
290 1410 450 1457 vocati
473 1425 572 1456 non
597 1417 752 1465 erant,
769 1425 927 1472 neque
945 1409 1037 1456 ab
1024 1409 1083 1457 lis
1106 1410 1446 1473 requirebatur
1467 1427 1570 1459 am-

185 1483 312 1548 plius
337 1500 484 1548 quam
508 1500 594 1531 sua
618 1485 852 1547 cujusque
874 1484 996 1532 fides
1015 1486 1228 1548 propria.
1298 1486 1504 1545 Priores,
1528 1487 1570 1535 si

186 1569 395 1608 mortem
427 1559 556 1623 passi
587 1568 700 1607 sunt
728 1575 786 1607 eo
818 1560 1029 1619 nomine,
1054 1561 1186 1624 quod
1206 1562 1320 1609 huie
1343 1562 1568 1622 articulo,

184 1635 355 1684 Jaeum
400 1652 431 1683 a
473 1643 634 1683 morte
680 1636 1024 1684 resuscitatum
1070 1653 1191 1696 esse,
1236 1639 1569 1687 testimonium

187 1711 519 1775 praebuerunt,
543 1718 781 1774 martyres
797 1711 993 1775 proprie
1011 1711 1130 1760 dicti
1153 1721 1309 1762 erant.
1378 1714 1596 1779 Martyr

189 1786 320 1834 enim
339 1786 519 1834 Christi
540 1787 736 1850 proprie
754 1795 828 1835 est
850 1787 947 1845 ille,
968 1788 1051 1851 qui
1067 1790 1437 1838 resurrectionis
1453 1791 1482 1839 J
1486 1806 1573 1839 esu

190 1861 377 1910 Christi
396 1861 535 1910 testis
558 1870 659 1916 est;
694 1861 745 1909 id
769 1862 902 1926 quod
925 1864 1095 1911 testari
1117 1880 1261 1914 nemo
1284 1866 1461 1929 potuit,
1479 1867 1575 1915 nisi

189 1937 276 2000 qui
310 1944 527 1984 versatus
563 1953 676 1984 cum
707 1953 765 1984 eo
798 1946 905 1985 erat
926 1938 979 1986 in
1001 1947 1147 1998 terra,
1172 1948 1258 1988 aut
1279 1949 1392 2004 post
1414 1958 1566 1990 resur·

190 2011 458 2060 rectionem
481 2013 585 2075 ejus
608 2012 746 2060 illum
768 2013 973 2062 viderat.
1024 2015 1221 2064 Testem
1243 2018 1374 2066 enim
1396 2018 1574 2067 vidisse

193 2094 388 2150 oportet
421 2088 551 2151 quod
584 2095 824 2143 testatum
871 2089 1054 2156 alioqui
1090 2093 1423 2142 testimonium
1468 2097 1575 2159 ejus

192 2160 423 2210 idoneum
441 2178 541 2211 non
559 2171 647 2211 est.
685 2164 832 2213 Quod
853 2174 1019 2214 autem
1036 2167 1118 2215 alii
1136 2178 1375 2233 martyres
1393 2171 1576 2219 Christi

193 2235 389 2299 proprie
411 2252 511 2285 non
533 2237 646 2296 sint,
669 2239 981 2288 manifestum
1017 2251 1093 2290 est
1120 2259 1180 2291 ex
1210 2245 1370 2292 verbis
1408 2246 1576 2294 Sancti

197 2310 328 2359 Petri
353 2312 485 2369 (Act.
510 2312 542 2360 i.
566 2318 649 2372 21,
670 2316 790 2374 22)·
862 2314 1075 2380 Oportet
1097 2333 1228 2402 ergo
1248 2336 1310 2367 ex
1332 2320 1411 2367 his
1433 2321 1575 2380 viris,

194 2402 280 2451 qm
273 2385 547 2435 nobiseum
562 2394 677 2435 sunt
694 2391 1010 2454 congregati,
1031 2391 1082 2439 in
1099 2393 1228 2440 omni
1245 2400 1465 2459 tempore
1480 2411 1576 2460 quo

197 2459 406 2508 intravit
441 2468 492 2508 et
527 2462 679 2511 exivit
715 2465 847 2512 inter
874 2482 963 2513 nos
998 2467 1238 2516 Dominus
1265 2469 1429 2529 Jesus,
1454 2471 1576 2520 inci-

186 2534 340 2599 piens
375 2551 407 2583 a
443 2534 743 2601 baptismate
773 2538 1019 2589 Johanm's
1047 2559 1201 2608 usque
1230 2545 1279 2592 in
1317 2545 1445 2593 diem
1475 2562 1577 2610 qua

197 2616 479 2674 assumptus
501 2617 579 2659 est
601 2627 635 2659 a
669 2613 824 2674 nobis,
848 2622 1020 2665 testem
1051 2620 1434 2668 resurrectionis
1468 2622 1577 2684 ejus

197 2682 445 2732 nobiscum
453 2686 582 2748 fieri
603 2703 745 2735 unum
767 2705 830 2737 ex
854 2690 984 2739 istis.
1032 2693 1128 2741 Ubi
1150 2695 1405 2758 perspicue
1427 2695 1578 2759 signi-

198 2759 390 2816 ficatur,
437 2761 522 2824 qui
556 2760 739 2811 Christi
770 2768 1140 2816 resurrectionis
1170 2771 1309 2818 testis
1343 2781 1433 2830 est,
1457 2786 1577 2820 eun·

197 2832 311 2882 dem
333 2844 559 2898 oportere
582 2836 831 2887 Christum
852 2840 1043 2900 vidisse,
1077 2853 1126 2892 et
1150 2860 1237 2907 per
1259 2861 1579 2910 consequenS,

1614 429 1801 448 -r—-r

1609 469 1654 497 De
1667 472 1806 506 potestate
