1968 3236
100 345 201 378 CAP.
219 345 335 378 xxll.

123 399 311 421 s—-q-—ae

106 437 151 466 De
165 443 299 475 systema-

104 481 184 510 tibus
197 483 315 511 civium.

373 202 464 245 180
866 212 936 244 DE
963 212 1237 246 clvrrA'rE.

435 324 638 372 Foedera
661 323 853 381 civium,
880 324 1108 387 quoniam
1127 333 1328 388 propter
1342 332 1563 373 mutuam
1582 324 1748 383 defien-

369 400 553 448 sionem
575 399 681 447 fieri
704 399 888 446 foedera
921 400 1092 459 solent,
1118 401 1168 448 in
1193 401 1404 460 civitate,
1431 418 1538 463 quae
1571 401 1749 448 civium

368 476 587 524 omnium
610 474 768 522 foedus
790 491 1045 522 commune
1070 483 1157 534 est,
1183 477 1457 524 necessaria
1481 493 1578 524 non
1605 483 1746 530 sunt3

368 551 454 599 sed
472 558 696 613 suspecta
719 557 832 597 sunt
855 551 1042 598 consilii
1062 560 1235 599 contra
1259 552 1506 600 civitatem
1521 552 1657 607 initi3
1700 558 1750 599 et

366 634 625 690 propterea
649 632 762 672 sunt
785 626 966 685 illicita,
991 634 1324 690 vocanturque
1348 628 1494 691 vulgo
1525 628 1750 690 conjura-

367 702 525 750 tiones
560 709 610 749 et
654 701 890 749 factiones
912 723 923 757 ;
961 702 1149 764 quoties
1195 711 1358 750 autem
1399 703 1577 750 civium
1622 703 1749 750 vires

369 794 478 826 suas
493 778 600 840 conj
607 777 891 839 ungentium
911 778 1165 825 consilium
1185 778 1490 841 incognitum
1506 786 1594 836 est,
1609 786 1667 825 ut
1682 778 1750 825 ci-

367 853 509 902 vitati
524 852 865 916 periculosum,
890 853 1124 917 injustum
1143 861 1191 901 et
1209 854 1389 916 injuste
1404 854 1614 902 celatum
1637 861 1726 901 est.

436 929 485 977 Si
509 936 727 991 potestas
751 945 940 977 summa
970 930 1021 976 in
1064 937 1193 977 coetu
1224 946 1402 993 magno
1440 930 1517 988 sit,
1541 944 1750 992 parsque

367 1004 511 1062 illius,
533 1004 721 1051 caeteris
738 1004 916 1063 insciis,
934 1005 1190 1053 consilium
1205 1005 1405 1053 seorsim
1420 1005 1616 1068 capiant
1631 1021 1751 1067 quo-

368 1079 516 1127 modo
541 1087 722 1127 coetum
747 1087 906 1128 totum
924 1081 987 1128 ad
1011 1081 1267 1129 arbitrium
1299 1097 1438 1129 suum
1462 1081 1752 1144 gubernent,

368 1155 518 1203 factio
543 1163 616 1203 est
646 1162 695 1203 et
719 1165 986 1204 conventus
1010 1156 1206 1205 illicitus
1235 1157 1488 1205 hominum
1510 1172 1599 1220 per
1620 1156 1752 1204 frau-

371 1230 482 1278 dem
506 1231 569 1279 ad
592 1231 896 1290 seditionem,
913 1233 1189 1281 ambitionis
1205 1233 1414 1297 propriae
1439 1248 1600 1290 causa,
1621 1231 1753 1280 deci-

369 1322 485 1370 pere
500 1307 812 1370 cupientium.

437 1382 494 1429 In
520 1382 798 1430 civitatibus
817 1383 1056 1443 omnibus,
1077 1384 1118 1431 si
1137 1384 1242 1446 quis
1261 1384 1378 1432 civis
1393 1384 1556 1447 plures
1576 1383 1754 1432 habeat

370 1458 575 1506 famulos
599 1465 648 1506 et
663 1474 826 1506 servos
852 1475 997 1522 quam
1022 1459 1238 1507 conditio
1259 1460 1362 1523 ejus
1377 1466 1426 1507 et
1449 1475 1526 1507 res
1550 1458 1752 1523 agendae

371 1534 636 1597 postulant,
674 1533 822 1582 factio
870 1542 944 1582 est
979 1534 1160 1582 illicita,
1231 1535 1353 1582 Cum
1394 1534 1523 1582 enim
1559 1544 1753 1598 protec-

372 1608 556 1657 tionem
574 1609 749 1657 habeat
774 1610 1000 1668 civitatis,
1021 1610 1315 1658 defensionis
1334 1626 1480 1658 causa
1498 1611 1544 1658 vi
1562 1610 1753 1674 privata

372 1701 472 1732 non
498 1684 700 1748 indiget.

442 1760 719 1809 Concursus
757 1761 924 1824 populi
965 1768 1176 1825 systema
1216 1768 1320 1816 est;
1356 1762 1442 1809 sed
1469 1762 1753 1825 irregulare,

375 1836 488 1899 quia
534 1836 636 1884 sine
678 1852 896 1900 personae
941 1837 1146 1885 unitate.
1218 1837 1428 1885 Licitum
1469 1845 1632 1885 autem
1676 1837 1754 1885 vel

373 1912 598 1960 illicitum
643 1919 732 1971 est,
769 1919 914 1975 prout
952 1929 1097 1960 causa
1137 1913 1460 1960 concurrendi
1497 1912 1648 1972 licita,
1676 1913 1755 1960 vel

375 1987 769 2035 concurrentium
791 2003 1020 2035 numerus
1044 1987 1228 2035 civitati
1251 1987 1548 2051 periculosus
1566 1996 1654 2036 est.
1703 1988 1756 2036 Si

376 2079 521 2111 causa
533 2064 667 2126 justa
704 2071 754 2111 et
799 2064 998 2127 cognita
1037 2063 1115 2121 sit,
1141 2078 1405 2110 concursus
1442 2063 1604 2111 licitus
1646 2071 1720 2111 est
1740 2084 1753 2118 ;

377 2138 532 2201 qualis
573 2146 646 2187 est
673 2155 939 2187 concursus
974 2139 1225 2188 hominum
1257 2138 1320 2186 ad
1358 2155 1561 2202 pompas
1602 2146 1653 2186 et
1692 2138 1757 2186 ad

376 2214 624 2262 theatrum
646 2230 849 2262 numero
872 2231 970 2262 non
994 2214 1207 2262 insolito.
1276 2214 1404 2261 Nam
1446 2215 1486 2261 si
1525 2230 1757 2263 numerus

377 2291 521 2339 solito
545 2290 800 2353 insigniter
814 2291 970 2354 major
988 2290 1066 2348 sit,
1083 2290 1139 2349 is,
1157 2290 1240 2353 qui
1258 2306 1453 2337 causam
1471 2290 1755 2353 legitimam,

378 2382 528 2430 quare
572 2365 875 2413 multitudini
921 2373 1073 2413 tantae
1118 2364 1358 2423 interfuit,
1405 2365 1609 2413 reddere
1656 2381 1756 2414 non

376 2449 558 2506 potest,
583 2441 771 2490 consilii
795 2441 1009 2509 seditiosi
1033 2440 1254 2488 conscius
1282 2440 1598 2504 judicabitur.
1670 2441 1755 2500 Ut,

379 2534 489 2565 cum
507 2517 638 2565 mille
660 2516 882 2564 homines
910 2515 1215 2579 magistratui
1239 2516 1317 2563 vel
1335 2516 1489 2579 judici
1514 2516 1756 2580 supplica-

377 2593 564 2641 tionem
589 2593 810 2651 offerant,
834 2591 911 2639 lex
934 2591 1139 2640 fortasse
1163 2591 1316 2639 civilis
1335 2592 1470 2640 nulla
1499 2592 1755 2655 prohibet;

379 2685 644 2717 concursus
668 2676 832 2716 tamen
855 2668 934 2715 ille
958 2667 1195 2715 tumultus
1231 2676 1306 2715 est
1344 2667 1617 2727 seditiosus,
1643 2667 1758 2731 quia

377 2760 465 2807 per
482 2760 633 2792 unum
652 2743 729 2791 vel
744 2742 866 2791 duos
880 2743 1100 2791 homines
1115 2741 1244 2789 idem
1258 2743 1364 2790 fieri
1379 2742 1554 2805 potuit.
1625 2741 1757 2790 Mul-

377 2819 537 2867 titudo
561 2826 739 2878 autem,
765 2834 875 2882 quae
899 2833 1187 2867 concursum
1212 2817 1436 2866 illicitum
1455 2817 1633 2877 reddit,
1656 2832 1758 2866 non
