1968 3236
418 275 511 318 324
739 284 808 318 DE
836 283 1091 318 clv1⁷rATE
1120 283 1475 318 cnms'rrANA.

168 414 371 448 xxxvm,
415 395 609 444 coeleste
631 396 823 460 proprie
846 396 1024 443 dicitur
1044 417 1056 451 ;
1083 395 1210 443 cives
1232 395 1395 444 autem
1419 396 1558 459 regni
1586 395 1714 444 illius
1741 396 1792 444 in

174 468 360 491 κ-Ὗ-α

138 509 182 537 De
195 510 400 548 significatione

416 478 546 518 terra
573 471 826 534 degebant,
862 471 1248 534 regebanturque
1278 488 1308 520 a
1338 472 1430 520 Dei
1473 471 1792 534 vicegerenti-

135 561 223 589 qum
242 553 351 582 habent
370 554 400 581 in
415 548 520 606 bus,
545 563 715 610 nempe
739 548 891 606 Mose,
915 547 1161 605 Eleazaro,
1185 548 1468 611 caeterisque
1491 547 1688 595 summis
1705 547 1792 595 Ju-

138 596 294 633 Scripturis
306 597 401 625 Sacris

137 639 284 675 vocabula,
297 644 349 669 etc.

418 622 630 670 daeorum
653 622 998 681 sacerdotibus,
1024 639 1177 685 usque
1201 623 1264 670 ad
1286 630 1507 686 tempora
1539 623 1791 671 Samuelis.

418 698 675 761 Postquam
697 698 844 745 etiam
863 699 1092 746 Servator
1115 709 1282 746 noster
1295 715 1382 761 per
1395 699 1792 762 praedicationem

417 774 744 821 ministrorum
783 790 979 822 suorum
1014 773 1210 822 Judaeos
1247 774 1310 821 ad
1345 774 1670 822 obedientiam
1699 773 1792 821 Dei

415 849 728 905 revocaverit,
763 855 812 896 et
841 849 1090 897 vocaverit
1119 856 1304 912 gentes,
1330 864 1535 912 regnum
1571 850 1664 896 erit
1694 865 1793 896 coe-

414 925 531 972 leste
572 941 767 982 novum,
805 924 906 972 sine
947 924 1047 972 ulla
1087 924 1392 983 necessitate,
1434 924 1486 971 in
1529 923 1792 987 Scripturis

415 1007 690 1063 apparente,
726 1016 1038 1048 ascensurum
1073 1016 1176 1047 esse
1210 999 1458 1047 hominem
1492 999 1555 1046 ad
1587 998 1792 1047 felicita-

415 1083 515 1124 tem
546 1092 680 1124 suam
711 1075 855 1123 altius
897 1092 1042 1138 quam
1073 1075 1135 1123 ad
1165 1091 1415 1122 scamnum
1438 1074 1617 1137 pedum
1643 1074 1792 1138 Regis

416 1151 489 1199 sui
520 1151 739 1199 coelestiS.
809 1151 866 1198 In
902 1151 1216 1208 contrarium,
1248 1150 1484 1213 scriptum
1519 1149 1792 1197 invenimus

419 1227 612 1289 (Johan.
653 1226 720 1274 iii.
748 1227 858 1288 13):
910 1226 1042 1290 quod
1081 1242 1215 1273 nemo
1263 1225 1313 1272 in
1351 1225 1523 1272 coelum
1564 1225 1794 1272 ascendit

405 1308 599 1367 praeter
633 1318 736 1349 eum
768 1302 850 1365 qui
885 1319 917 1349 α
949 1301 1073 1350 coelo
1106 1300 1378 1359 descendit,
1408 1318 1578 1364 nempe
1612 1299 1793 1348 Filium

414 1378 636 1437 hominis,
652 1378 737 1442 qui
755 1384 830 1425 est
851 1378 900 1425 in
919 1377 1058 1425 coelo.
1098 1377 1222 1424 Item
1238 1377 1420 1437 (Actor.
1438 1377 1486 1424 ii.
1503 1377 1584 1438 34)
1600 1375 1663 1424 ad
1679 1393 1790 1440 pro-

412 1453 622 1501 bandam
657 1453 836 1501 Christi
870 1453 1216 1510 ascensionem,
1241 1459 1383 1500 utens
1416 1452 1575 1499 verbis
1611 1452 1793 1500 Psalm-

414 1530 521 1577 istae
549 1530 690 1590 (Psal.
715 1546 792 1578 xv.
825 1530 903 1591 10)
926 1548 936 1576 ε
985 1529 1099 1576 Non
1122 1528 1372 1592 relinques
1397 1528 1608 1575 animam
1638 1544 1794 1576 meam

415 1604 466 1652 in
490 1605 698 1668 irfferno,
723 1623 811 1653 nec
831 1604 972 1653 dabis
995 1611 1216 1652 Sanctum
1240 1610 1370 1651 tuum
1392 1603 1560 1651 videre
1584 1618 1791 1668 corrup-

415 1679 622 1727 tionem:
664 1680 781 1728 dicit
817 1682 987 1728 Petrus
1022 1695 1121 1727 non
1163 1696 1221 1727 ea
1266 1679 1326 1726 de
1366 1678 1552 1726 Davide
1600 1678 1686 1726 sed
1731 1678 1792 1726 de

417 1753 609 1802 Christo
650 1755 780 1803 dicta
820 1772 954 1812 esse;
1002 1756 1215 1819 probans
1252 1771 1311 1802 ex
1351 1770 1423 1813 eo,
1464 1753 1595 1817 quod
1634 1753 1794 1802 David

415 1846 508 1877 non
533 1831 758 1878 ascendit
781 1831 831 1878 in
855 1831 1040 1879 coelum.
1113 1830 1208 1879 Sed
1231 1830 1344 1878 huic
1368 1830 1476 1878 loco
1499 1829 1793 1893 respondere

416 1904 586 1967 aliquis
609 1906 800 1968 poterit,
821 1907 951 1970 quod
972 1907 1064 1955 etsi
1081 1922 1288 1970 corpora
1311 1922 1478 1954 eorum
1501 1921 1602 1953 non
1624 1921 1793 1953 ascen-

416 1995 527 2027 sura
572 1989 711 2028 erant
755 1981 807 2029 in
846 1983 1021 2031 coelum
1067 1991 1181 2031 ante
1229 1982 1356 2030 diem
1398 1981 1571 2045 judicii
1617 1981 1792 2038 ultimi,

414 2054 588 2102 animae
622 2063 784 2103 tamen
816 2073 983 2105 eorum
1028 2058 1350 2107 ascenderunt
1386 2057 1528 2105 simul
1560 2065 1708 2120 atque
1732 2072 1793 2104 ex

415 2130 696 2193 corporibus
742 2147 907 2179 eorum
953 2142 1288 2188 excesserant;
1344 2133 1475 2196 quod
1515 2132 1793 2180 confirmari

414 2204 606 2254 videtur
647 2221 706 2252 ex
741 2207 899 2255 verbis
940 2209 1209 2257 Servatoris
1248 2208 1401 2256 nostri
1445 2208 1583 2270 (Luc.
1607 2224 1686 2255 xx.
1712 2211 1792 2265 37,

415 2280 519 2342 38),
544 2280 627 2343 qui
666 2281 875 2343 probans
908 2285 1310 2332 resurrectionem
1342 2300 1400 2331 ex
1432 2283 1592 2331 verbis
1625 2283 1793 2340 Mosis,

414 2355 482 2403 sie
506 2355 652 2409 dicit;
688 2355 916 2402 Mortuos
934 2365 1302 2406 resurrecturos
1319 2375 1427 2407 esse
1459 2358 1608 2406 etiam
1630 2365 1791 2407 osten-

413 2430 491 2478 dit
522 2430 709 2488 Mose-5,
733 2430 819 2493 qui
851 2431 922 2478 ad
955 2433 1124 2481 rubum
1149 2434 1406 2483 Dominum
1429 2434 1675 2492 invocans,
1699 2451 1792 2499 ap-

401 2505 570 2568 pellat
609 2506 767 2553 Deum
799 2504 1090 2566 Abraham,
1128 2510 1285 2557 Deum
1326 2509 1513 2568 Isaac-i,
1555 2515 1606 2557 et
1632 2510 1792 2558 Deum

410 2580 619 2629 Jacobi:
655 2596 748 2628 non
785 2587 862 2627 est
899 2583 1025 2629 enim
1067 2584 1206 2631 Deus
1242 2592 1554 2643 mortuorum,
1590 2584 1685 2632 sed
1720 2584 1791 2632 vi-

409 2655 632 2703 ventium.
715 2654 812 2703 Sed
847 2656 887 2703 si
922 2658 1069 2705 verba
1103 2658 1184 2706 illa
1220 2660 1537 2724 intelligenda
1570 2669 1684 2709 sunt
1729 2661 1791 2709 de

409 2729 768 2778 immortalitate
792 2730 981 2790 animae,
1007 2749 1106 2780 non
1139 2734 1188 2781 id
1210 2737 1422 2798 probant
1461 2736 1591 2800 quod
1613 2738 1791 2801 proba-

410 2811 511 2852 tum
536 2805 689 2854 voluit
713 2805 951 2866 ChristuS,
975 2823 1164 2871 nempe,
1189 2812 1593 2861 resurrectionem
1617 2829 1789 2877 corpo-

408 2879 491 2938 riS,
533 2897 639 2943 quae
685 2889 759 2929 est
804 2881 1142 2932 immortalitas
1188 2886 1412 2937 hominiS.
1494 2888 1627 2936 Dicit
1671 2905 1788 2953 ergo
