1968 3236
449 227 545 280 378
772 239 842 272 DE
870 236 1127 271 CIVITATE
1156 236 1510 271 cnms'rtANA.

181 370 412 405 cmuxm.
449 351 630 414 scripta
659 350 792 397 nulla
831 353 963 396 erat:
1000 348 1218 396 nondum
1258 349 1389 396 enim
1419 346 1655 411 populum
1693 361 1836 394 suum

201 426 398 504 Im
448 428 600 475 ullum
622 425 916 489 peculiarem
940 424 1032 471 sibi
1060 424 1292 486 elegerat,
1317 440 1409 472 nec
1444 423 1590 471 aliam
1621 422 1835 470 homini-

198 509 398 539 ecclesissstim
446 504 536 550 bus
562 501 760 549 dederat
791 501 947 563 legem
970 507 1150 562 praeter
1171 500 1303 563 leges
1326 500 1590 548 naturales.
1676 498 1833 547 Deca-

447 578 545 641 logi
573 586 736 625 autem
771 576 879 623 duae
915 583 1054 623 erant
1088 576 1283 635 tabulae,
1320 591 1527 640 quarum
1562 574 1721 639 prima
1749 575 1830 638 jus

449 654 635 716 regium
661 653 877 700 continet
899 673 910 707 ;
948 667 1124 715 nempe
1148 652 1322 714 primo,
1347 668 1410 700 ne
1431 651 1640 715 populus
1663 650 1836 698 adora-

447 736 523 776 ret
568 737 653 775 aut
690 727 892 775 serviret
936 727 1026 774 diis
1071 727 1310 789 gentium,
1346 727 1422 775 his
1456 726 1616 774 verbis
1656 725 1832 787 (Exod.

448 821 524 851 xx.
548 805 598 866 3)
626 822 636 850 ε
675 803 789 850 Non
810 802 1014 849 habebis
1041 802 1161 850 deo-s·
1186 802 1375 850 alienos
1394 818 1560 850 eoram
1582 818 1671 849 me.
1710 801 1833 851 Qui-

446 880 535 926 bus
566 879 726 926 verbis
756 878 1077 941 prohibentur
1105 877 1303 925 obedire
1330 877 1407 925 vel
1442 878 1678 925 honorem
1716 875 1832 924 dare

444 955 546 1018 regi
578 954 655 1002 vel
688 953 866 1001 rectori
899 954 996 1012 alii,
1022 970 1168 1016 quam
1195 953 1266 1001 illi
1302 953 1385 1016 qui
1418 969 1507 1016 per
1541 953 1734 1000 Mosem
1768 951 1832 999 ad

444 1046 525 1077 eos
549 1030 741 1078 locutus
761 1036 847 1076 est.
919 1029 1161 1087 Secundo,
1177 1046 1238 1076 ne
1257 1028 1524 1093 imaginem
1546 1029 1652 1091 ejus
1669 1027 1830 1092 faee-

444 1111 571 1162 rent,
596 1105 648 1151 id
672 1112 759 1162 est,
782 1119 845 1151 ne
868 1104 959 1151 sibi
990 1120 1251 1167 personam
1287 1104 1362 1151 sui
1397 1102 1832 1166 representativam

443 1180 659 1228 facerent
677 1182 820 1243 juxta
842 1180 1120 1242 phantasias
1145 1195 1285 1241 suas3
1322 1178 1409 1226 sed
1431 1187 1489 1226 ut
1512 1177 1643 1226 Mosi
1665 1177 1832 1226 obedi-

442 1263 566 1303 rent.
646 1255 828 1313 Tertio,
852 1272 913 1302 ne
943 1262 1191 1303 sumerent
1224 1271 1394 1302 nomen
1418 1254 1522 1301 Dei
1556 1253 1607 1301 in
1641 1269 1830 1312 vanum,

443 1331 493 1378 id
527 1337 615 1389 est,
638 1347 701 1378 ne
737 1330 797 1377 de
831 1346 946 1393 rege
981 1345 1068 1378 suo
1099 1338 1284 1378 temere
1316 1329 1646 1392 loquerentur,
1670 1344 1830 1392 neque

437 1407 516 1469 jus
562 1406 814 1469 regnandi,
840 1414 927 1453 aut
962 1422 1020 1453 ea
1055 1422 1164 1469 quae
1211 1422 1241 1453 a
1276 1405 1418 1453 Mose
1453 1405 1829 1468 imperarentur,

443 1482 760 1544 disputarent.
832 1482 1038 1540 Quarto,
1086 1497 1383 1544 unoquoque
1431 1480 1510 1528 die
1551 1480 1761 1544 septimo
1800 1496 1831 1528 a

443 1557 688 1604 laboribus
712 1557 810 1605 suis
829 1558 1065 1620 jubentur
1088 1557 1407 1620 requiescere,
1433 1556 1659 1619 diemque
1691 1555 1830 1603 illum

443 1631 492 1678 in
525 1632 629 1680 Deo
661 1632 852 1695 publice
887 1633 1173 1681 honorando
1210 1632 1465 1681 collocare.
1534 1631 1722 1680 Tabula
1754 1647 1826 1679 se·

442 1708 602 1755 cunda
626 1708 783 1755 officia
807 1708 1024 1756 continet
1048 1708 1228 1756 civium
1243 1709 1294 1756 in
1311 1707 1557 1763 concives3
1582 1715 1654 1766 ut,
1673 1706 1828 1756 hono-

442 1797 496 1830 ra
540 1792 795 1845 parentes:
833 1801 894 1831 ne
941 1784 1166 1833 occidas:
1202 1800 1303 1832 non
1349 1782 1690 1830 moechabere:
1726 1798 1828 1831 non

440 1857 694 1905 furabere:
726 1859 964 1922 judicium
995 1859 1116 1907 falso
1151 1859 1431 1907 testimonio
1466 1873 1567 1906 non
1605 1873 1826 1906 corrum—

440 1949 553 1995 pes:
591 1933 813 1997 denique,
851 1935 1077 1998 injuriam
1111 1950 1452 1998 quamcunque
1487 1933 1712 1996 proximo
1753 1933 1827 1981 fa-

441 2008 599 2056 ciendi
618 2025 679 2056 ne
705 2010 851 2057 corde
871 2010 1067 2073 quidem
1085 2011 1336 2059 eonsilium
1359 2025 1535 2058 sumes.
1574 2008 1827 2058 Quaeritur

434 2084 552 2145 jam,
578 2085 683 2147 quis
706 2085 817 2144 fuit,
840 2086 922 2148 qui
939 2087 1116 2134 tabulis
1140 2087 1273 2134 hisce
1298 2086 1399 2134 vim
1424 2084 1563 2133 dedit
1585 2084 1826 2148 obligato-

440 2156 576 2205 riam.
645 2159 858 2207 Dubium
892 2177 990 2208 non
1025 2169 1112 2220 est,
1141 2162 1258 2224 quin
1292 2161 1426 2224 leges
1461 2159 1607 2207 factae
1640 2158 1826 2207 fuerint

439 2233 499 2279 ab
524 2234 628 2296 ipso
653 2235 772 2283 Deo.
844 2236 1088 2285 Quoniam
1113 2244 1277 2285 autem
1300 2237 1408 2299 lege
1432 2235 1639 2299 obligari
1662 2242 1824 2298 potest

440 2323 596 2366 nemo,
624 2310 706 2372 qui
724 2311 882 2358 nescit
905 2327 967 2359 an
992 2328 1021 2359 a
1044 2328 1158 2375 rege
1182 2313 1284 2360 lata
1308 2312 1371 2360 sit
1394 2326 1549 2359 necne
1569 2329 1581 2358 z
1619 2326 1823 2374 quomo-

440 2382 501 2429 do
526 2383 731 2446 obligari
755 2385 913 2447 potuit
936 2387 1144 2449 populus
1170 2387 1464 2435 Israeliticus
1487 2386 1551 2434 ad
1585 2393 1823 2450 praestan-

440 2457 549 2505 (lam
574 2460 796 2508 omnibus
819 2460 1007 2523 legibus
1034 2462 1263 2511 Mosaicis
1278 2461 1621 2519 obedientiam,
1640 2461 1740 2526 qui,
1759 2477 1823 2510 ne

438 2533 501 2580 ad
534 2542 750 2582 montem
787 2535 920 2583 Sinai
955 2536 1243 2585 accederent
1277 2546 1328 2585 et
1362 2537 1479 2600 quid
1526 2536 1655 2585 Mosi
1690 2536 1823 2585 Deus

439 2606 627 2656 locutus
666 2616 741 2657 est
774 2610 1014 2667 audirent,
1039 2612 1272 2673 prohibiti
1296 2612 1522 2660 fuerant?
1588 2611 1669 2661 Ad
1691 2611 1824 2675 quod

440 2683 724 2745 respondeo,
748 2684 912 2747 legum
935 2685 1126 2732 illarum
1160 2687 1363 2749 aliquas,
1388 2703 1579 2751 nempe,
1607 2687 1822 2736 tabulam

439 2762 698 2809 secundam
734 2762 867 2826 leges
901 2764 1148 2811 naturales
1185 2764 1373 2813 divinas
1397 2773 1604 2814 aeternas
1627 2781 1748 2825 esse,
1772 2772 1823 2814 et

439 2850 525 2896 per
548 2852 598 2884 se
622 2837 850 2901 obligare.
903 2838 972 2886 De
998 2839 1162 2887 tabula
1186 2841 1359 2903 prima,
1385 2840 1592 2890 difficilis
1614 2841 1821 2890 fortasse
