1968 3236
423 281 517 324 258
915 288 984 321 DE
1012 285 1282 320 oivrrA'rE.

157 423 257 455 CAP.
274 422 404 454 xxxl.
425 401 602 457 divino,
621 400 879 447 dictamina
910 398 1038 445 circa
1061 396 1324 459 majestatis
1353 395 1528 442 divinae
1563 394 1788 442 honorem

182 478 368 557 m
423 484 472 524 et
485 475 676 523 cultum.

186 563 238 591 Dei
251 562 384 591 natumst
489 550 719 598 Consistit
733 549 883 595 honor
902 548 951 594 in
969 546 1260 610 cogitatione
1278 545 1563 593 honorantis
1580 545 1788 603 interna,

422 642 607 689 nempe,
631 627 681 672 in
709 624 933 687 opinione
974 638 1117 685 quam
1146 622 1205 669 de
1242 621 1461 685 potentia
1489 627 1538 667 et
1572 621 1789 668 bonitate

422 702 622 764 quisque
644 701 791 747 habet
814 699 939 746 illius
957 714 1099 759 quem
1117 697 1357 745 honorare
1376 696 1567 743 dicitur.
1622 696 1790 743 Hono-

422 777 571 824 rantis
589 791 702 838 ergo
725 775 881 822 Deum
898 781 986 830 est,
1003 773 1062 820 de
1079 772 1298 835 potentia
1312 780 1361 819 et
1376 771 1591 818 bonitate
1609 770 1788 829 divina,

422 858 653 914 quantum
685 849 909 913 possibile
957 855 1044 905 est,
1081 847 1551 910 magnificentissime
1596 846 1788 894 sentire.

426 926 597 973 Cultus
616 933 775 972 autem
800 925 937 987 signa
953 924 1035 970 illa
1053 930 1180 981 sunt,
1200 923 1372 986 quibus
1397 923 1466 970 ita
1488 922 1667 969 sentire
1685 922 1790 970 aliis

422 1002 674 1048 indicatur.
750 999 919 1047 Cultus
960 999 1088 1046 enim
1127 998 1322 1061 proprie
1359 1013 1507 1061 opera
1541 997 1618 1044 vel
1653 997 1791 1045 labor

423 1077 500 1124 ille
524 1085 610 1135 est,
636 1093 778 1139 quem
814 1076 1015 1138 quisque
1038 1075 1089 1122 in
1117 1091 1220 1122 rem
1252 1073 1490 1136 impendit
1526 1088 1791 1136 quamcun-

423 1168 530 1215 que,
553 1159 608 1199 ut
631 1153 691 1199 ab
715 1151 796 1198 illa
818 1151 907 1198 sibi
943 1151 1124 1198 bonum
1160 1149 1356 1212 aliquod
1394 1148 1623 1196 obtineat.
1693 1148 1790 1196 Res

423 1235 582 1275 autem
606 1227 715 1285 illae,
738 1226 867 1274 unde
890 1227 1070 1274 bonum
1095 1233 1421 1288 expectamus,
1445 1225 1522 1272 vel
1549 1224 1600 1271 in
1623 1232 1794 1272 nostra

422 1310 657 1366 potestate
681 1310 809 1360 sunt,
834 1303 902 1350 ita
924 1309 979 1349 ut
1001 1302 1198 1359 bonum,
1235 1300 1366 1364 quod
1387 1306 1635 1364 praestant,
1658 1299 1794 1348 labo-

424 1395 526 1426 rem
549 1387 767 1426 nostrum
792 1386 1022 1441 sequatur
1043 1377 1355 1431 naturaliter3
1390 1376 1467 1424 vel
1486 1376 1536 1423 in
1552 1383 1794 1439 potestate

425 1461 589 1501 nostra
606 1469 702 1500 non
723 1461 850 1511 sunt,
866 1460 915 1500 et
931 1452 1132 1516 proinde
1151 1452 1306 1499 labori
1319 1459 1488 1500 nostro
1510 1467 1600 1515 pro
1622 1451 1793 1499 volun-

424 1536 524 1576 tate
547 1536 714 1576 nostra
735 1545 834 1575 non
857 1528 1166 1591 respondent,
1191 1528 1276 1575 sed
1298 1543 1387 1591 pro
1411 1534 1587 1575 natura
1611 1543 1791 1575 rerum.

426 1604 482 1650 In
505 1619 647 1651 sensu
668 1603 839 1667 primo,
864 1619 1006 1667 quem
1029 1611 1172 1652 terrae
1205 1602 1527 1667 impendimus
1559 1603 1791 1661 laborem,

424 1678 582 1725 cultus
616 1686 664 1726 et
698 1678 891 1726 cultura
927 1679 1118 1726 dicitur.
1188 1679 1246 1727 In
1280 1694 1424 1726 sensu
1451 1677 1679 1736 seeundo,
1706 1678 1792 1726 ubi

423 1754 571 1801 animi
608 1754 855 1801 hominum
895 1754 957 1802 ad
995 1755 1290 1802 voluntatem
1328 1762 1544 1801 nostram
1585 1752 1793 1801 ducendi

426 1837 552 1886 sunt,
578 1844 675 1876 non
697 1845 784 1891 per
805 1830 917 1887 vim,
943 1830 1027 1877 sed
1056 1846 1143 1892 per
1170 1829 1342 1884 officia,
1367 1829 1528 1876 cultus
1552 1836 1627 1876 est
1649 1845 1793 1877 omne

426 1904 570 1951 officii
610 1919 776 1966 genus,
816 1921 910 1967 quo
953 1906 1068 1968 ipsis
1105 1904 1326 1968 placendi
1363 1904 1577 1952 studium
1611 1904 1794 1954 indica-

425 1987 535 2033 tur3
572 1978 731 2042 qualia
753 1988 865 2026 sunt
896 1979 1022 2042 ipsos
1051 1980 1263 2038 laudare,
1283 1979 1609 2042 magnificare,
1638 1980 1793 2028 admi-

425 2055 536 2112 rari,
555 2061 645 2102 etc.
1962 2073 1968 2100 ι

492 2130 567 2177 Ab
601 2130 783 2177 honore
818 2130 1019 2188 interno,
1048 2146 1236 2194 nempe,
1273 2130 1501 2193 opinione
1536 2130 1794 2194 magnifica

428 2205 487 2253 de
518 2204 587 2252 rei
609 2205 901 2253 honorandae
924 2206 1139 2268 potentia
1173 2213 1222 2253 et
1255 2205 1491 2264 bonitate,
1526 2214 1794 2255 nascuntur

428 2288 526 2328 tres
550 2281 750 2327 affectus
776 2301 787 2335 ;
823 2297 972 2338 amor,
998 2283 1079 2344 qui
1098 2282 1304 2330 refertur
1327 2281 1387 2329 ad
1406 2282 1706 2338 bonitatem;
1742 2290 1793 2332 et

426 2371 541 2419 spes
564 2363 612 2403 et
635 2362 802 2412 metus,
820 2372 926 2418 quae
944 2358 1206 2420 respiciunt
1223 2357 1284 2405 ad
1299 2357 1581 2420 potentiam.
1651 2358 1791 2418 Item,

427 2438 524 2478 tres
559 2438 718 2494 partes
752 2430 907 2478 cultus
947 2433 1146 2490 externi,
1187 2432 1311 2489 laus,
1349 2433 1706 2497 magrzficatio,
1741 2442 1793 2483 et

427 2505 714 2564 benedictio,
756 2506 854 2552 sive
900 2514 955 2553 ut
999 2507 1260 2570 loquuntur
1294 2507 1464 2565 Graeci,
1496 2509 1792 2573 μακαρίσμοςς

426 2596 628 2643 quarum
663 2596 761 2628 una
804 2580 1085 2639 bonitatem,
1122 2583 1273 2630 altera
1318 2583 1601 2646 potentiam,
1647 2585 1794 2634 tertia

423 2655 704 2704 felicitatem
723 2655 959 2703 attribuit.

493 2731 640 2794 Signa
662 2730 859 2779 honoris
883 2730 1042 2792 aliqua
1066 2739 1192 2786 sunt,
1215 2739 1318 2779 tum
1342 2732 1392 2780 in
1416 2733 1663 2782 attributis
1685 2742 1792 2783 tum

427 2805 476 2853 in
495 2806 778 2865 actionibus,
802 2820 909 2868 quae
931 2804 1000 2852 ita
1022 2813 1134 2852 sunt
1158 2806 1466 2862 naturaliter3
1501 2815 1556 2856 ut
1578 2807 1628 2856 in
1652 2808 1792 2857 attri-

427 2879 571 2939 butis,
592 2880 947 2943 bonm,justus,
965 2878 1204 2938 liberalis,
1220 2888 1269 2928 et
1291 2881 1491 2937 similia3
1516 2883 1566 2931 in
1589 2883 1792 2932 actioni-
