1968 3236
719 253 789 286 nn
816 252 1091 287 ctvrrArss.
1490 244 1586 287 243

204 362 354 421 entia,
379 370 428 411 et
450 362 654 427 proinde
677 364 939 412 concordia
961 365 1155 424 civium,
1181 380 1279 413 non
1314 363 1459 412 modo
1486 380 1587 413 non
1620 386 1723 419 eff,
1740 385 1855 418 xxx,

202 437 448 487 florebunt
482 441 626 497 eiveS‚
651 439 737 487 sed
769 439 936 488 civitas
958 440 1093 487 brevi
1116 448 1334 504 tempore
1357 439 1584 488 dissolve·
1602 440 1843 510 Dem-

203 519 311 563 tur:
347 513 494 578 iique,
519 515 602 578 qui
637 515 740 562 sine
770 531 970 563 summae
1004 515 1258 578 potestatis
1291 515 1586 563 authoritate
1603 524 1829 563 miimpmnti*

204 588 449 652 corrigere
464 597 657 637 tantum
675 590 922 638 civitatem
940 590 1133 648 vellent,
1151 607 1258 638 eam
1277 590 1474 639 tandem
1487 607 1587 639 non

203 664 468 727 corrigent,
483 663 569 711 sed
587 664 866 713 destruent:
904 666 1311 729 quemadmodum
1334 666 1384 714 in
1406 666 1597 725 fabula,

205 739 335 789 Pelei
357 739 470 787 filiae
494 739 729 803 decrepiti
754 740 905 803 patris
922 737 1227 803 juventutem
1250 756 1482 789 renovare
1505 757 1588 790 cu-

202 814 406 880 pienteS,
422 815 623 863 consilio
640 815 828 864 Medeae
843 817 976 864 illum
993 816 1343 875 dissecuerunt,
1358 823 1409 864 et
1422 817 1587 865 nescio

203 891 379 954 quibus
397 891 561 939 herbis
579 892 843 940 commistis
866 900 1146 955 coquentes,
1164 892 1463 951 occiderunt,
1486 908 1587 940 non

202 975 515 1015 renovarunt.
588 967 881 1030 Hujusmodi
911 967 1230 1016 reformandae
1254 967 1463 1015 civitatis
1486 976 1588 1016 stu—

204 1041 355 1100 dium,
370 1042 525 1090 simile
544 1051 618 1090 est
636 1045 740 1107 eJus
759 1043 889 1106 quod
906 1042 1192 1106 prohibetur
1209 1059 1238 1091 a
1253 1043 1356 1091 Deo
1377 1043 1427 1090 in
1446 1042 1588 1091 deca-

203 1116 305 1181 logi
327 1118 558 1167 mandato
598 1119 771 1182 primo,
802 1135 894 1166 non
922 1117 1127 1166 habebis
1162 1134 1328 1166 coram
1357 1134 1432 1166 me
1468 1118 1587 1166 deos

205 1191 413 1240 alienos.

273 1268 516 1326 Secundo,
532 1268 740 1317 docendi
758 1277 871 1317 sunt
889 1285 950 1317 ne
968 1269 1171 1332 alicujus
1189 1269 1308 1317 civis
1325 1269 1402 1317 vel
1416 1276 1587 1327 coetus,

204 1352 531 1407 praeterquam
564 1346 756 1404 summi,
781 1361 908 1408 quan
1010 1361 1207 1414 ,cunque
1231 1345 1480 1409 conspicui
1503 1352 1589 1392 aut

205 1418 466 1467 virtutibus
500 1419 788 1478 admirandi,
818 1420 954 1468 cultu
986 1415 1014 1468 1‘
1091 1420 1401 1479 seducantur,
1429 1427 1486 1467 ut
1519 1419 1589 1467 illi

205 1494 532 1543 obedientiam
571 1503 656 1543 aut
694 1496 933 1543 honorem
973 1511 1174 1543 summae
1206 1494 1439 1558 potestati
1478 1510 1590 1557 pro-

205 1570 367 1635 prium
391 1570 627 1629 deferant,
653 1578 703 1619 et
725 1587 814 1635 pro
848 1586 1058 1635 persona
1091 1571 1304 1618 civitatis
1326 1585 1591 1634 repraesen-

204 1645 359 1694 tativa
391 1645 619 1694 habeant.
691 1647 895 1710 Signum
931 1646 1060 1694 enim
1094 1653 1169 1694 est
1190 1645 1426 1710 populum
1449 1661 1591 1693 suum

204 1721 414 1771 amantis
450 1721 718 1786 zelotypia:
756 1722 885 1770 cives
907 1728 1071 1769 autem
1093 1721 1343 1769 blanditiis
1367 1728 1416 1769 et
1438 1737 1591 1784 popu-

203 1796 378 1846 larium
393 1797 671 1845 adulatione
693 1805 749 1845 ut
767 1797 1063 1846 seducantur
1079 1796 1197 1859 pati,
1218 1797 1354 1860 quasi
1378 1795 1589 1844 civitatis

202 1873 486 1937 prostitutio
532 1873 755 1937 quaedam
792 1880 882 1931 est,
922 1880 972 1921 et
1006 1871 1330 1935 transgressio
1370 1871 1589 1919 mandati

205 1947 422 1997 secundi.

270 2023 438 2072 Tertia
451 2031 541 2082 est,
556 2031 614 2072 ut
632 2023 900 2072 doceantur
922 2039 1069 2086 quam
1090 2039 1238 2086 grave
1254 2022 1317 2070 sit
1333 2029 1590 2086 peccatum

205 2113 396 2147 summo
427 2099 703 2162 imperanti,
727 2099 828 2146 sive
851 2099 892 2146 is
917 2098 1181 2146 monarcha
1203 2098 1268 2145 sit
1291 2097 1391 2145 sive
1415 2105 1587 2155 coetus,

206 2173 511 2230 maledicere,
535 2173 597 2221 de
620 2174 842 2237 potentia
864 2174 967 2237 ejus
991 2173 1254 2237 disputare,
1272 2172 1350 2220 vel
1373 2187 1590 2236 quocun-

208 2263 302 2313 qne
318 2249 465 2297 modo
483 2249 622 2297 illum
634 2249 729 2297 nisi
745 2249 944 2297 honoris
958 2265 1105 2296 causa
1116 2248 1390 2302 nominare;
1415 2247 1589 2310 quibus

207 2324 352 2373 rebus
369 2325 625 2389 contingat
639 2333 695 2373 ut
711 2341 741 2373 a
765 2325 949 2373 civibus
965 2324 1103 2388 parvi
1119 2325 1222 2383 fiat,
1242 2332 1294 2372 et
1312 2322 1590 2371 obedientia

0 2453 1 2457 ,
79 2439 86 2449 »,
208 2413 391 2459 eorum,
415 2400 467 2448 in
498 2416 595 2463 qua
630 2400 853 2448 consistit
888 2400 1100 2448 civitatis
1124 2399 1271 2458 salus,
1294 2398 1588 2455 remittatur,

188 2489 319 2543 *quae
339 2475 558 2524 mandati
579 2476 711 2524 tertii
733 2475 1054 2539 transgressio
1078 2482 1166 2523 est.

276 2549 466 2600 Quarta
498 2559 588 2610 est,
621 2560 693 2607 ut,
724 2552 839 2615 quia
869 2551 1077 2615 populus
1111 2550 1270 2598 officia
1302 2564 1391 2597 sua
1425 2547 1590 2595 doceri

208 2638 310 2674 non
329 2633 508 2690 potest,
522 2642 681 2689 neque
704 2627 812 2690 quis
834 2626 913 2685 sit,
937 2627 1016 2675 cni
1033 2625 1230 2674 obedire
1255 2625 1446 2681 debeat,
1465 2622 1590 2671 scire

209 2699 304 2749 nisi
324 2715 357 2749 a
374 2701 683 2765 propriarum
705 2702 1080 2766 occupationum
1102 2699 1430 2764 temporibus;
1465 2705 1588 2746 tem-

33 2817 55 2823 „
210 2789 333 2847 pora
348 2776 572 2840 quaedam
589 2777 879 2836 eximantur,
887 2776 1062 2843 quibus
1080 2775 1143 2824 ad
1160 2773 1455 2823 audiendum
1473 2772 1589 2820 doc-

66 2843 110 2915 -2-25‘
131 2895 133 2899 ,
211 2855 342 2899 toree
363 2865 478 2900 suos
500 2852 759 2900 convenire
781 2851 971 2910 debeat,
989 2860 1041 2900 et
1062 2851 1146 2899 ubi
1168 2850 1299 2914 legoe
1322 2848 1590 2897 recitentur

1354 2938 1387 2972 R
1404 2941 1423 2971 2
