1968 3236
510 250 581 283 Dr.
608 250 859 283 clver'rE
886 249 1238 283 cums-rhum.
1459 239 1555 282 343

191 365 330 407 rante
352 360 653 409 constitutos.
723 361 987 424 Scripturae
1010 361 1139 408 enim
1162 360 1337 418 Sacrae,
1364 359 1415 407 in
1449 358 1554 422 qui-

192 431 284 481 bus
306 433 451 482 hodie
473 435 685 498 loquitur
709 436 853 494 Deus,
879 444 991 483 sunt
1014 436 1166 483 instar
1199 435 1376 483 montis
1408 434 1556 493 Sinai,

192 506 246 556 in
280 508 453 571 quibus
485 511 680 559 termini
711 520 822 558 sunt
861 511 1020 574 positi,
1044 527 1215 574 nempe
1237 510 1368 574 leges
1390 525 1558 558 eorum

194 583 276 647 qui
299 599 554 647 personam
579 586 665 633 Dei
692 586 740 634 in
765 594 895 634 terra
918 593 1280 649 repraesentant.
1349 585 1460 633 Illas
1482 601 1557 633 as-

193 658 370 722 picere,
402 668 453 707 et
486 660 597 708 inde
635 660 819 708 discere
861 662 1017 709 Deum
1050 661 1235 720 timere,
1272 660 1558 724 permissum

195 740 297 788 est;
331 734 419 782 sed
452 735 772 798 interpretari,
797 736 847 783 id
879 744 966 794 est,
1004 736 1191 783 curiose
1231 735 1471 799 inquirere
1510 742 1560 784 et

195 810 417 867 scrutari,
433 811 550 874 quid
568 811 674 870 illis,
691 827 811 874 quos
835 812 964 859 Deus
988 819 1200 860 rectores
1219 819 1406 860 nostros
1428 811 1559 870 fecit,

195 883 386 944 dixerit,
401 895 451 934 et
468 886 656 949 judices
675 887 992 950 nosmetipsos
1011 886 1171 934 facere
1202 894 1366 935 utrum
1387 903 1476 935 nos
1492 887 1563 935 ita

194 967 381 1023 regant,
406 961 531 1008 sicut
554 961 659 1009 illos
692 961 836 1024 jussit
867 962 1012 1020 Deus,
1048 962 1282 1010 terminos
1315 962 1499 1026 positos
1533 979 1564 1010 a

195 1034 299 1084 Deo
322 1036 660 1084 transcendere
684 1044 773 1084 est.

262 1110 389 1159 Dum
408 1111 529 1158 vixit
549 1111 724 1170 Moses,
748 1111 908 1159 nullus
933 1126 986 1159 er
1014 1110 1105 1171 ‘pin
1129 1112 1300 1159 castris
1323 1111 1562 1160 Israelita-

195 1201 306 1234 rum
340 1186 595 1249 propheta,
633 1195 717 1234 aut
748 1187 943 1250 spiritus
1013 1186 1129 1234 ivini
1163 1194 1456 1246 ostentator,
1470 1187 1564 1235 nisi

198 1277 319 1324 quos
345 1261 507 1309 Moses
532 1263 897 1325 approbaverat,
926 1270 976 1309 et
1008 1262 1180 1325 quibus
1221 1261 1565 1310 authoritatem

199 1336 411 1385 dederat.
498 1338 815 1401 Septuaginta
860 1345 1049 1386 tantum
1092 1336 1404 1401 prophetasse
1448 1343 1565 1384 tunc

199 1411 442 1471 dicuntur,
461 1412 548 1460 sed
570 1429 658 1476 per
687 1413 908 1476 spiritum
948 1412 1131 1467 Mosis;
1166 1419 1216 1460 et
1244 1427 1362 1475 quos
1403 1412 1565 1460 Moses

198 1486 424 1551 elegerat.
478 1488 603 1535 Nam
622 1489 789 1548 (Num.
805 1488 869 1536 xi.
897 1488 974 1550 16)
993 1487 1112 1535 dicit
1126 1487 1257 1535 Deus
1270 1487 1335 1535 ad
1354 1487 1562 1535 Mosem:

202 1561 471 1628 Congo-ega
523 1563 640 1610 mihi
684 1563 1041 1628 septuag-uinta
1086 1563 1219 1611 viros
1265 1563 1326 1610 de
1370 1562 1565 1610 senibus

199 1637 431 1694 Israelis,
459 1655 581 1703 quos
614 1646 665 1686 tu
697 1639 843 1696 nosti,
866 1638 1002 1703 quod
1020 1655 1160 1686 sene-s·
1174 1637 1358 1703 populi
1380 1638 1482 1686 sint
1505 1655 1566 1686 ac

199 1713 451 1778 magistri.
523 1714 614 1762 His
637 1721 797 1762 autem
821 1713 1046 1777 spiritum
1069 1713 1204 1762 dedit
1223 1714 1352 1762 Deus
1375 1714 1566 1777 spiritui

201 1787 352 1836 Mosis
388 1789 701 1845 conformem,
738 1797 794 1837 ut
829 1796 1020 1837 constat
1055 1805 1114 1836 ex
1148 1805 1271 1837 vers.
1302 1795 1395 1837 25:
1436 1789 1567 1837 Des-

200 1863 461 1928 conditque
491 1864 730 1911 Dominus
746 1881 847 1928 per
869 1863 1052 1922 nubem,
1077 1871 1126 1911 et
1150 1864 1380 1928 loquutus
1403 1871 1479 1912 est
1498 1865 1571 1912 ad

200 1954 321 1997 eum,
363 1938 598 2002 afferens
638 1939 699 1986 de
744 1939 931 2003 spiritu
963 1939 1048 2003 qui
1079 1946 1192 1986 erat
1230 1940 1279 1987 in
1320 1939 1481 1998 Mose,
1517 1946 1568 1987 et

202 2012 330 2060 dam
364 2014 688 2077 septuaginta
717 2014 856 2062 viris.
927 2015 1085 2078 Hujus
1121 2014 1215 2062 loci
1255 2030 1371 2078 ergo
1403 2031 1569 2063 sensus

203 2095 293 2146 est,
333 2089 639 2151 septuaginta
671 2089 779 2137 illos
809 2090 939 2138 viros
978 2090 1202 2153 spiritum
1236 2090 1459 2138 habuisse
1497 2090 1571 2153 ip-

203 2163 303 2211 sius
339 2163 504 2221 Mosis,
536 2164 699 2228 illique
744 2165 1003 2229 prophetas
1043 2165 1189 2214 fuisse
1234 2165 1570 2213 subordinatos

205 2238 257 2286 in
292 2238 704 2288 administratione
743 2241 880 2304 regni
925 2241 1030 2289 Dei.
1113 2241 1299 2304 Colligo
1345 2241 1474 2299 hinc,
1520 2240 1570 2287 in

206 2313 402 2361 civitate
443 2313 715 2363 Christiana
743 2316 1047 2379 prophetare,
1081 2324 1166 2363 aut
1196 2316 1370 2363 docere
1400 2323 1572 2381 contra

207 2387 479 2436 doctrinam
505 2404 535 2436 a
562 2404 748 2438 summo
776 2390 1041 2454 imperante
1080 2390 1355 2447 stabilitam,
1389 2389 1483 2437 civi
1514 2389 1571 2437 li·

208 2478 318 2511 cere
340 2463 537 2511 nemini.

274 2538 471 2586 Mortuo
496 2539 702 2598 Aarone,
726 2555 943 2604 regnum,
979 2549 1034 2588 ut
1066 2539 1196 2603 quod
1223 2546 1327 2587 erat
1350 2538 1572 2587 sacerdo-

208 2613 322 2671 tale,
360 2613 538 2661 virtute
571 2613 702 2677 pacti
730 2614 794 2662 ad
828 2614 1110 2663 Eleazarum
1148 2613 1383 2677 pervenit,
1419 2613 1571 2662 filium

209 2688 430 2747 AaroniS,
453 2703 692 2736 summum
713 2690 1026 2738 sacerdotem.
1097 2690 1255 2752 Atque
1278 2688 1413 2736 illum
1445 2704 1573 2737 sum-

208 2780 339 2812 mam
373 2763 551 2812 habere
580 2772 868 2828 potestatem
895 2765 1159 2815 declaravit
1192 2764 1337 2822 DeuS,
1361 2779 1419 2811 eo
1450 2770 1573 2812 tem-

210 2855 344 2903 pore,
369 2854 465 2902 quo
486 2838 718 2888 Joshuam
740 2839 913 2897 ducem
935 2840 1052 2889 fecit
1074 2838 1388 2889 exercituum.
1442 2838 1574 2888 Dicit

1605 381 1706 414 CAP.
1724 381 1803 413 xl„

1611 435 1798 455 bq—-ae

1594 477 1638 505 ne
1651 477 1719 514 jure
1737 475 1819 512 regni.

1594 521 1649 549 Dei
1672 519 1703 548 iu
1729 519 1818 547 Abn-

1592 563 1688 594 hamo.
1714 562 1805 595 Mose,

1594 606 1714 635 summis
1730 613 1820 634 suaer-

1594 650 1719 683 dotibu&
1734 651 1764 677 et
1779 656 1821 675 ro-

1593 693 1678 731 gibus
1698 691 1821 721 suano.
