1910 3236
79 378 181 410 CAP.
198 379 277 411 XV.

86 432 276 455 ἣ--γ--κ

89 474 131 501 De
143 473 256 511 legibus

340 238 429 281 122
866 248 936 280 DE
963 247 1205 282 HOMINE.

331 367 420 408 est.
490 359 663 407 Ethica
698 365 860 407 autem
895 358 988 406 alia
1017 375 1118 407 non
1141 366 1231 419 est,
1254 366 1433 423 praeter
1457 360 1712 408 scientiam

331 452 498 484 earum
521 452 684 483 rerum
709 451 816 497 quae
840 435 891 482 in
927 435 1265 498 congressibus
1300 443 1348 483 et
1371 435 1605 483 societate
1627 435 1714 483 ho-

86 520 198 546 Μυῖα
213 517 286 545 ῡῑῑῑε·
332 512 515 559 minum
540 512 680 558 bonae
701 511 776 558 vel
794 510 935 558 malae
959 517 1087 558 sunt.
1138 510 1287 558 Bonae
1312 518 1477 558 autem
1500 519 1550 559 et
1572 510 1712 558 malae

332 587 560 634 dicuntur
585 586 767 634 eaedem
791 602 867 634 res
891 603 921 634 a
945 586 1145 634 diversis
1180 586 1477 644 hominibus,
1511 593 1712 650 propter

330 663 582 710 hominum
621 662 881 725 appetitus,
916 661 1206 719 aversiones,
1243 661 1636 720 consuetudines,
1661 668 1711 709 et

332 737 578 785 doctrinas
597 737 810 785 diversas
834 738 1020 785 diverse
1040 758 1052 792 ;
1088 744 1138 784 et
1152 737 1442 800 quandoque
1460 737 1521 784 ab
1540 737 1711 785 eodem

334 813 547 871 homine,
570 820 769 876 propter
791 814 1112 861 mutationem
1135 813 1416 872 voluntatis,
1442 812 1611 861 eadem
1633 829 1711 861 res

332 889 477 936 modo
502 890 631 936 bona
654 889 799 937 modo
822 889 951 937 mala
973 889 1259 952 appellatur.

398 963 518 1011 Inde
537 971 699 1012 autem
723 965 946 1012 oriuntur
961 964 1327 1027 disputationeS,
1352 964 1711 1023 controversiae,

333 1047 382 1087 et
405 1038 602 1087 tandem
626 1040 823 1087 bellum.
895 1039 1142 1088 Quamdiu
1165 1055 1281 1102 ergo
1298 1039 1518 1086 homines
1534 1039 1713 1102 privati

331 1116 447 1164 boni
483 1124 533 1164 et
566 1116 681 1164 mali
715 1132 991 1164 mensuram
1027 1115 1229 1173 faciunt,
1268 1115 1456 1162 tamdiu
1491 1114 1713 1162 homines

332 1199 445 1239 sunt
467 1192 518 1238 in
541 1191 821 1240 conditione
838 1191 952 1239 belli
977 1191 1194 1239 omnium
1214 1197 1386 1238 contra
1404 1205 1588 1237 omnes.
1624 1190 1713 1238 Pa-

332 1283 438 1315 cem
462 1283 577 1331 ergo
600 1269 779 1315 bonam
799 1283 902 1315 esse
928 1268 1239 1325 confitentur,
1264 1272 1586 1329 quaeruntque
1609 1281 1713 1313 om-

330 1360 431 1391 nes.
504 1345 676 1407 Itaque
701 1343 862 1391 media
885 1343 949 1390 ad
971 1359 1142 1406 pacem
1166 1341 1439 1390 necessaria
1460 1342 1592 1389 bona
1609 1356 1713 1389 esse

330 1420 498 1482 negari
518 1436 614 1467 non
639 1428 818 1483 potest.
888 1419 1013 1466 Sunt
1035 1426 1199 1466 autem
1219 1418 1314 1474 illa,
1334 1417 1540 1481 justitia,
1563 1416 1713 1480 grati-

329 1495 466 1553 tudo,
502 1495 755 1554 modestia,
775 1495 994 1558 aequitas,
1029 1502 1079 1541 et
1111 1501 1301 1541 caeterae
1337 1493 1474 1556 leges
1508 1500 1711 1540 naturae.

331 1571 470 1619 Bona
505 1571 656 1634 igitur
691 1570 893 1618 moralia
927 1577 1056 1628 sunt,
1092 1569 1143 1616 id
1179 1577 1267 1627 est,
1292 1569 1526 1623 virtutes3
1563 1574 1613 1616 et
1634 1567 1713 1615 his

330 1647 575 1694 contraria
597 1647 739 1705 mala,
763 1646 814 1693 id
838 1653 925 1705 est,
953 1645 1082 1693 vitia.
1171 1644 1396 1692 Scientia.
1417 1651 1583 1691 autem
1617 1643 1714 1690 vir-

329 1730 491 1770 tutum
509 1729 558 1769 et
576 1721 805 1769 vitiorum
821 1728 894 1768 est
908 1720 1215 1784 philosophia
1228 1719 1438 1767 moralis.
1476 1718 1715 1766 Doctrina

330 1813 446 1860 ergo
471 1797 531 1844 de
548 1797 736 1860 legibus
755 1805 943 1844 naturae
957 1811 1075 1843 vera
1098 1803 1173 1843 est
1196 1794 1370 1843 ethica.
1443 1794 1714 1857 Scriptores

330 1873 493 1931 ethici,
519 1873 611 1920 etsi
635 1872 829 1920 easdem
861 1879 1131 1935 agnoscant
1149 1871 1355 1918 virtutes
1374 1877 1523 1932 atque
1542 1869 1712 1917 eadem

329 1948 463 2007 vitia,
503 1949 551 1996 in
596 1965 691 2011 quo
737 1956 902 1996 tamen
940 1947 1163 1995 consistit
1197 1946 1388 1994 bonitas
1428 1945 1624 1993 virtutis
1663 1953 1713 1994 et

329 2040 479 2087 quare
502 2023 757 2071 laudabilis
782 2023 845 2071 sit
867 2039 967 2070 non
989 2023 1225 2080 videntes,
1247 2021 1452 2069 virtutes
1470 2021 1589 2069 alias
1613 2037 1714 2070 non

330 2107 637 2163 agnoverunt
672 2115 818 2162 quam
845 2099 1107 2162 passiones,
1133 2097 1218 2145 sed
1241 2097 1538 2152 mediocres;
1576 2097 1714 2160 quasi

327 2174 581 2234 fortitudo,
601 2191 700 2222 non
724 2190 871 2222 causa
894 2173 980 2222 sed
998 2172 1179 2237 gradus
1197 2171 1436 2220 audendi:
1474 2180 1522 2219 et
1537 2172 1713 2222 libera-

328 2251 458 2309 litas,
482 2267 583 2299 non
608 2266 754 2298 causa
777 2249 863 2298 sed
881 2249 1125 2312 quantitas
1150 2248 1253 2295 dati
1281 2256 1424 2295 esset.

394 2327 672 2375 Dictamina
694 2326 799 2374 haec
822 2325 1024 2373 rationis
1049 2340 1227 2372 nomen
1251 2323 1447 2386 quidem
1482 2323 1712 2372 obtinue-

327 2411 443 2451 runt
464 2403 643 2467 legum,
685 2402 771 2450 sed
809 2401 1074 2464 improprie
1110 2400 1366 2447 dictarum.
1437 2400 1562 2448 Sunt
1580 2400 1712 2448 enim

329 2478 389 2526 de
409 2479 467 2527 iis
490 2479 651 2537 rebus,
676 2494 786 2541 quae
803 2477 866 2525 ad
885 2476 1308 2525 conservationem
1323 2475 1576 2523 hominum
1594 2492 1710 2524 con-

327 2555 528 2613 ducunt,
562 2559 754 2602 tantum
788 2553 1105 2600 theoremata.
1176 2551 1275 2598 Lex
1310 2557 1490 2610 autem,
1514 2551 1711 2615 proprie

327 2630 472 2688 dicta,
514 2637 587 2679 est
609 2645 704 2677 vox
730 2627 1030 2692 imperantis,
1064 2627 1141 2674 vel
1175 2626 1365 2689 prolata
1396 2627 1473 2674 vel
1508 2627 1708 2691 scripta,

326 2706 396 2754 ita
428 2713 486 2753 ut
520 2721 703 2764 omnes,
729 2703 813 2768 qui
836 2702 1034 2751 obedire
1057 2709 1303 2761 tenentur,
1340 2702 1499 2751 sciant
1533 2718 1706 2751 vocem

327 2783 430 2845 ejus
451 2797 568 2830 esse.
