1910 3236
616 436 824 486 INDEX
863 436 1179 485 CAPITUM.

600 727 705 753 PARS
737 726 887 753 PRIMA.
945 727 996 753 DE
1028 726 1208 752 nonme,

137 2882 207 2923 2⁸.
231 2880 296 2920 De
312 2880 482 2934 Legibus
499 2849 687 2924 civilibus
720 2851 731 2862 ’

134 800 204 821 CAP-
1597 799 1662 817 PAG.

227 838 467 878 Introductio
1641 842 1656 877 1

164 906 199 943 1.
224 901 289 942 De
307 902 429 941 Sensu
1636 907 1661 942 5

158 969 200 1007 2.
227 966 290 1006 De
307 965 585 1017 Imaginatione
1638 968 1662 1007 7

163 1032 202 1070 8.
229 1029 292 1069 De
310 1028 594 1080 Consequentia
612 1030 692 1067 sive
711 1028 820 1067 Serie
839 1029 1158 1080 Imaginationum
1619 1031 1663 1068 14

163 1098 202 1135 4.
229 1092 294 1132 De
313 1093 495 1132 Sermone
605 1121 614 1129 .
1612 1095 1659 1132 21

162 1161 203 1199 5.
227 1157 293 1197 De
311 1156 475 1195 Ratione
492 1164 532 1194 et
550 1155 730 1194 Scientia.
957 1185 967 1194 .
1073 1186 1083 1195 .
1188 1186 1199 1195 .
1304 1186 1313 1195 .
1420 1186 1430 1194 .
1612 1160 1659 1197 81

163 1225 205 1263 6.
229 1220 294 1260 De
313 1220 515 1270 Principiis
534 1221 691 1258 internis
710 1219 845 1259 Motus
867 1219 1094 1267 voluntarii,
1113 1234 1201 1272 qum
1216 1222 1331 1272 vulgo
1350 1228 1535 1260 vocantur

349 1283 548 1323 Passiones
949 1312 958 1321 .

163 1349 204 1390 7.
230 1346 294 1386 De
312 1347 567 1386 Discat-suum
588 1348 719 1385 Animi
740 1348 1132 1387 Determinationibns
1611 1353 1658 1389 51

162 1413 202 1450 8.
228 1409 294 1450 De
311 1410 528 1449 Virtutibus
541 1409 763 1448 Intellectus
1611 1416 1664 1453 54·

161 1475 202 1514 9.
228 1471 294 1511 De
312 1472 567 1512 scientiarum
586 1472 869 1511 Distributione
1610 1479 1663 1516 66

141 1537 202 1577 10.
226 1535 291 1575 De
310 1535 498 1581 Potentia,
517 1535 730 1587 Dignitate,
748 1544 788 1575 et
806 1537 966 1576 Honore
1611 1544 1663 1580 68

138 1603 202 1641 11.
229 1600 293 1639 De
313 1599 510 1639 Varietate
524 1600 681 1639 Morum
1611 1608 1662 1646 77

138 1665 202 1705 12.
229 1664 295 1704 De
311 1663 515 1716 Religione
717 1693 726 1701 .
951 1694 962 1704 .
1069 1695 1078 1703 .
1533 1697 1544 1706 .
1612 1672 1663 1710 85

142 1729 204 1768 13.
230 1728 294 1768 De
325 1727 558 1767 Conditione
588 1729 750 1768 Generis
781 1729 967 1775 Humani,
1013 1737 1201 1782 quatenus
1229 1732 1278 1770 ad
1309 1732 1544 1771 Felicitatem

16 1804 21 1823 ἑ
345 1792 447 1831 vitae
459 1793 656 1843 praesentia
670 1793 807 1831 attinet
1611 1799 1663 1839 97

4 1873 25 1877 “
50 1902 54 1903 ⁷
138 1858 203 1896 14.
229 1854 295 1894 De
311 1856 477 1895 Duabus
490 1857 622 1907 primis
639 1855 810 1907 Legibus
829 1857 1078 1896 Naturalibus
1536 1890 1546 1899 .
1589 1864 1664 1902 102

18 1952 21 1954 .
139 1922 203 1960 16.
230 1918 295 1959 De
311 1919 483 1972 Legibus
501 1920 661 1958 Naturae
673 1921 757 1959 aliis
1535 1954 1546 1963 .
1591 1927 1660 1964 111

53 2019 55 2022 .
140 1985 204 2024 16.
227 1982 293 2022 De
310 1983 487 2022 Per-onis
500 1990 539 2022 et
554 1985 794 2023 Anthou-ibus
1589 1992 1662 2029 123

26 2146 63 2173 -;·
575 2113 683 2139 rans
713 2114 921 2142 stemma.
978 2116 1032 2142 nn
1060 2117 1283 2144 cml-mn..

140 2184 201 2226 17.
229 2182 293 2222 De
309 2174 1049 2231 Csm,Gene1-atione‚et'nefinitione
1062 2189 1240 2230 civitatis
1421 2221 1431 2230 .
1537 2219 1548 2230 .
1589 2195 1664 2236 127

78 2255 86 2299 ᾗ
141 2249 205 2287 18.
230 2245 296 2286 De
311 2246 409 2286 Jure
427 2247 651 2287 habentium
678 2249 877 2290 Summam
898 2251 1144 2299 Potestatem,
1162 2255 1201 2292 in
1216 2254 1382 2294 civitate
1399 2268 1468 2306 per
1487 2256 1549 2294 In-

31 2327 39 2364 g
51 2347 55 2363 2
67 2361 75 2369 ,
92 2367 94 2369 ‚
344 2312 583 2351 stitutionem
718 2341 729 2351 .
1419 2347 1429 2356 ,
1538 2349 1547 2358 ,
1591 2323 1668 2361 132

143 2375 203 2416 19.
226 2374 291 2415 De
308 2374 525 2414 Generibua
545 2375 755 2416 Civitatum
772 2391 843 2429 per
859 2379 1156 2424 Institutionem,
1174 2388 1214 2420 et
1230 2382 1279 2420 de
1299 2381 1548 2422 Successione

23 2438 82 2491 ¹³22,ss
344 2438 394 2477 nd
413 2437 613 2478 Summam
633 2439 867 2481 Potestatem
953 2472 963 2481 .
1538 2475 1549 2485 .
1593 2449 1661 2487 141

135 2501 205 2541 ω.
229 2499 293 2540 De
309 2500 495 2540 Dominio
513 2501 681 2542 Paterno
698 2511 739 2543 et
755 2504 967 2557 Despotieo
1538 2540 1547 2548 .
1590 2515 1668 2552 150

83 2604 85 2606 .
137 2565 203 2604 21.
227 2562 293 2604 De
308 2564 507 2604 Libertate
521 2566 675 2605 civium
834 2596 845 2606 .
1537 2602 1546 2611 ,
1590 2578 1666 2616 159

137 2627 205 2667 Ω.
229 2625 296 2668 De
312 2627 592 2681 Syatematibus
610 2629 766 2670 Civium
953 2662 962 2670 .
1067 2662 1079 2673 .
1538 2667 1547 2675 .
1591 2642 1667 2681 170

140 2691 208 2731 88.
232 2689 298 2730 De
313 2689 519 2731 Potamia
538 2693 707 2733 Summae
726 2695 917 2736 Ministris
935 2696 1107 2737 Publicis
1303 2729 1312 2736 .
1538 2730 1548 2740 .
1591 2706 1660 2743 181

143 2755 211 2795 2}-
236 2753 302 2794 De
317 2754 494 2796 Civitatis
511 2757 709 2798 Facultate
726 2759 922 2800 Nutritiva
940 2769 980 2800 et
997 2762 1231 2802 Generatim
1304 2791 1313 2800 .
1538 2795 1549 2805 .
1592 2771 1667 2808 185

139 2819 206 2859 2⁵·
234 2817 299 2859 De
316 2819 459 2859 emh·
449 2820 485 2860 ὀ
1537 2859 1549 2870 .
1591 2835 1669 2873 190

1538 2898 1667 2936 ,196
