1968 3236
540 244 611 277 nn
638 244 826 278 uacuo
853 245 1256 281 TENEBRARUM.
1494 234 1588 286 507
1619 240 1626 247 ·

202 367 206 371 ’
272 351 512 402 Lemures
535 356 724 418 quoties
759 356 903 405 alicui
935 358 1274 416 irascerentur,
1297 357 1493 406 mittere
1516 357 1589 405 di·
1605 379 1710 413 cAp,
1726 380 1870 414 xum.

205 428 442 477 cebantur
464 446 522 477 ex
548 446 635 478 suo
658 448 862 480 numero
886 432 1097 495 aliquem
1122 434 1204 496 qui
1235 433 1373 481 illum
1405 433 1589 497 suggil-

203 503 342 552 laret.
410 506 738 554 Ecclesiastici
762 508 895 566 item,
921 509 961 555 si
986 508 1173 556 civitati
1195 508 1273 556 vel
1308 508 1413 572 regi
1443 508 1589 556 aliem

202 591 538 639 succenseant,
564 582 784 630 subditos
822 599 935 630 suos
959 584 1322 647 superstitiosos
1347 591 1398 631 et
1420 584 1589 632 incan-

203 661 333 703 tatos
355 656 700 716 immittebant,
718 657 799 720 qui
824 658 1060 706 seditione
1083 659 1219 706 illum
1237 659 1587 723 suggillarent3

201 730 351 778 etiam
387 731 649 795 aliquando
684 732 928 796 principes
961 733 1207 781 faciebant
1240 741 1297 782 ut
1326 734 1453 782 alter
1474 750 1588 799 sug-

200 804 394 868 gillaret
416 807 638 855 alterum.

268 881 440 945 Neque
466 882 675 931 lemures
699 899 857 947 neque
881 882 1056 931 clerici
1079 899 1255 931 uxores
1279 884 1481 932 ducunt.

266 956 592 1005 Ecclesiastici
629 958 689 1006 de
726 958 941 1015 decimis,
967 966 1018 1006 et
1058 959 1397 1022 imperitorum
1430 959 1587 1008 homi-

198 1046 334 1089 num,
358 1033 533 1096 quibus
570 1034 747 1082 terrori
778 1041 907 1092 sunt,
933 1034 1280 1083 donationibus
1318 1051 1588 1083 cremorem

199 1114 344 1156 terrae
366 1110 640 1172 accipiunt;
667 1104 1150 1173 quemadmoduffffin
1172 1111 1338 1159 fabula
1356 1110 1587 1160 dicuntur

199 1182 410 1231 lemures
435 1200 705 1233 cremorem
727 1185 868 1233 lactis
891 1185 1107 1248 ligurire.
1467 1207 1477 1211 ‘

266 1259 324 1307 In
358 1276 512 1324 regno
546 1261 781 1308 lemurum
820 1261 977 1324 qualis
1001 1261 1066 1309 sit
1088 1268 1300 1318 moneta,
1323 1277 1423 1309 non
1446 1277 1586 1325 repe-

197 1334 324 1383 ritur
352 1336 403 1384 in
434 1337 665 1392 historia;
702 1336 1143 1385 ecclesiasticorum
1171 1344 1332 1384 autem
1371 1346 1583 1396 moneta,

198 1426 344 1474 quam
386 1412 650 1476 accipiunt,
685 1412 855 1460 eadem
892 1412 1089 1475 quidem
1123 1420 1199 1460 est
1233 1428 1345 1460 cum
1390 1419 1587 1460 moneta

196 1485 463 1541 laicorum;
507 1487 593 1535 sed
634 1503 779 1551 quam
815 1486 1026 1545 solvunt,
1062 1487 1475 1547 canonizationes,
1511 1489 1585 1536 in-

197 1559 478 1625 dulgentiae,
502 1569 553 1610 et
577 1562 735 1610 missae
757 1570 886 1609 sunt.

262 1635 517 1696 Lemures,
540 1645 868 1700 praeterquam
902 1637 953 1685 in
986 1645 1122 1685 metu
1145 1645 1196 1685 et
1216 1638 1476 1701 phantasia
1497 1638 1585 1686 ho-

196 1712 384 1761 minum
423 1713 776 1776 imperitorum,
818 1713 1129 1761 existentiam
1169 1714 1352 1761 nullam
1384 1713 1583 1763 habent.

197 1787 279 1836 Sic
316 1804 509 1852 quoque
543 1795 758 1852 potestas
794 1788 937 1851 Papae
972 1788 1251 1852 spiritualis,
1278 1798 1418 1837 extra
1442 1805 1583 1837 suum

196 1863 348 1927 ipsius
371 1863 641 1911 dominium
665 1864 950 1928 temporale,
975 1863 1027 1911 in
1050 1864 1153 1912 solo
1193 1872 1329 1912 metu
1360 1865 1584 1913 consistit

196 1940 773 1988 excommunicationum.

263 2015 437 2079 Neque
461 2031 579 2079 ergo
605 2017 824 2064 Henrico
838 2016 959 2063 VIII
984 2023 1034 2063 et
1058 2015 1260 2078 Reginae
1283 2015 1582 2064 Elizabethae

195 2097 493 2153 potestatem
530 2091 662 2139 illam
703 2108 763 2139 ex
802 2090 981 2154 Anglia
1018 2091 1194 2154 ejicere
1229 2090 1423 2138 difficile
1459 2099 1580 2138 erat.

196 2165 354 2229 Ejecti
397 2173 578 2223 autem,
625 2175 676 2214 et
719 2182 807 2230 per
850 2166 1105 2214 missiones
1146 2166 1343 2229 papales
1391 2166 1579 2222 Chinae,

195 2240 414 2304 Japanae,
438 2248 489 2287 et
512 2241 665 2289 Indiae
688 2241 795 2289 loca
828 2241 966 2289 arida
998 2249 1331 2305 peragrantes,
1356 2241 1462 2304 quis
1487 2242 1580 2289 scit

197 2331 261 2363 an
297 2330 398 2363 non
434 2315 638 2364 redituri
673 2317 771 2364 sint
805 2317 1003 2380 spiritus
1038 2317 1122 2375 illi,
1147 2316 1223 2363 vel
1257 2316 1339 2363 alii
1374 2331 1578 2363 numero

195 2390 375 2455 plures,
399 2398 449 2438 et
470 2391 697 2455 pejores?
766 2391 880 2440 Non
915 2392 1044 2439 enim
1083 2390 1290 2439 Romani
1322 2390 1411 2438 soli
1448 2399 1577 2450 sunt,

197 2466 281 2530 qui
304 2465 368 2514 ad
391 2466 606 2515 ecclesiae
629 2466 844 2530 aspirant
866 2467 1099 2531 regimen,
1119 2465 1479 2530 praetendentes
1497 2467 1579 2529 jus

196 2541 429 2590 divinum.

243 2617 528 2665 Tractatum
542 2617 674 2665 hunc
693 2617 754 2665 de
771 2625 1013 2681 potestate
1037 2617 1165 2666 civili
1183 2625 1233 2664 et
1251 2614 1580 2663 ecclesiastica

196 2692 259 2739 ad
281 2692 429 2739 finem
448 2693 551 2755 jam
573 2691 866 2755 perductum
888 2709 1000 2740 cum
1023 2706 1438 2754 recognoscerem,
1456 2690 1578 2738 nihil

196 2769 246 2815 in
270 2783 329 2816 eo
347 2767 511 2815 inveni
534 2782 693 2831 neque
717 2775 890 2815 contra
905 2783 1099 2816 sensum
1116 2766 1381 2829 Scripturae
1398 2766 1576 2821 Sacroe,

195 2858 354 2906 neque
377 2850 548 2890 contra
570 2842 702 2906 leges
723 2843 896 2906 patriae
919 2859 1040 2891 meae
1071 2841 1237 2890 civiles
1271 2847 1357 2889 aut
1379 2840 1576 2890 ecclesi-

1642 436 1833 457 κ--Ψῂμ

1574 509 1584 518 ,
1627 481 1671 509 De
1685 482 1792 519 quibus

1625 525 1749 562 quaestui

1625 568 1743 596 suerunt
1757 572 1824 596 ante

1625 611 1710 640 dicun
1724 612 1858 640 tenebrae.
