1910 3236
127 357 230 389 CAP.
251 359 348 392 XIV.

139 410 329 434 κ-Ὓῂκ

103 452 148 480 De
163 453 278 482 duabus
295 456 350 492 pri-

101 496 157 523 mis
169 496 283 533 legibus
301 508 349 527 na-

101 539 254 574 turalibus,
268 545 296 568 et
314 543 349 570 de

100 585 304 613 contractibus.

395 218 484 260 106
908 231 979 263 DE
1008 231 1252 266 ΗοΜΙΝΕ.

386 345 552 386 autem
583 341 776 403 prolata
800 358 905 390 esse
934 343 995 390 de
1027 351 1249 407 tempore
1273 355 1515 408 praesente
1547 348 1626 395 vel
1649 364 1777 412 prae-

384 415 547 474 terito,
585 424 642 463 ut
666 417 745 474 do,
772 417 906 476 dedi,
933 419 1162 478 concedO,
1189 422 1423 470 concessi.
1495 423 1625 470 Nam
1649 424 1689 471 si
1713 424 1774 471 de

384 490 551 538 futuro
577 500 705 550 sunt,
731 499 787 539 ut
823 493 969 552 dabo,
995 495 1273 555 concedam,
1298 498 1552 546 continent
1575 499 1773 561 quidem

383 567 708 614 transferendi
727 569 850 630 juris
874 570 1262 632 promissionem,
1286 573 1372 620 sed
1394 574 1612 622 nondum
1636 576 1772 639 quic·

383 657 529 704 (1113111
551 642 868 691 transferunt.

448 717 741 766 Contractus
765 719 918 782 signa,
943 735 1031 783 per
1054 737 1355 784 consequens
1378 724 1626 772 interdum
1654 734 1769 774 sunt

380 795 743 856 consequentiae
789 796 1065 854 verborum,
1113 798 1360 846 interdum
1405 802 1768 864 consequentiae

379 869 572 928 silentii,
589 871 836 919 interdum
857 874 1219 935 consequentiae
1237 876 1503 933 actionum,
1518 876 1766 924 interdum

378 945 527 992 etiam
569 948 932 1010 consequentiae
979 948 1311 998 omissionum.
1382 951 1440 997 In
1484 951 1766 1000 universum

376 1028 539 1068 autem
563 1022 756 1085 signum
781 1030 1062 1071 contractus
1084 1041 1172 1087 per
1197 1042 1514 1088 consequens,
1535 1035 1610 1074 est
1629 1028 1765 1090 quic-

376 1097 495 1159 quid
541 1099 875 1146 contrahentis
920 1099 1227 1148 voluntatem
1273 1102 1598 1150 contrahendi
1644 1104 1763 1151 satis

374 1172 573 1221 indicat.

439 1249 602 1296 Verba
625 1249 743 1308 sola,
769 1250 809 1296 si
834 1249 894 1297 de
917 1249 1084 1298 futuro
1110 1258 1239 1309 sunt,
1264 1252 1543 1300 donationis
1567 1253 1762 1316 signum

371 1324 601 1372 idoneum
625 1341 725 1372 non
761 1333 888 1373 sunt.
960 1326 1088 1374 Nam
1122 1328 1273 1375 verba
1311 1328 1434 1387 haec,
1460 1344 1578 1376 cras
1615 1328 1760 1386 dabo,

371 1399 650 1462 significant
673 1401 891 1449 nondum
911 1402 1118 1462 dedisse,
1145 1414 1194 1451 et
1216 1404 1423 1467 proinde
1435 1405 1517 1467 jus
1540 1404 1762 1454 nondum

370 1476 660 1524 translatum
685 1492 804 1535 esse,
829 1477 915 1524 sed
950 1493 1162 1526 manere.
1235 1479 1320 1527 Sin
1345 1479 1405 1527 de
1428 1480 1660 1542 praesenti
1682 1482 1759 1529 vel

367 1552 619 1613 praeterito
643 1552 755 1610 sint,
781 1560 837 1600 ut
857 1553 920 1600 do
943 1554 1020 1601 vel
1039 1554 1158 1602 dedi
1180 1555 1455 1603 habendum
1481 1571 1614 1614 cras,
1638 1563 1758 1605 tunc

363 1627 443 1688 jus
467 1627 734 1674 crastinum
757 1635 890 1675 recte
914 1629 1223 1686 transfertur,
1243 1630 1391 1694 idque
1414 1630 1462 1677 vi
1478 1632 1755 1690 verborum,

368 1702 459 1749 etsi
499 1703 766 1751 voluntatis
812 1704 1004 1767 signum
1045 1705 1178 1752 aliud
1211 1706 1399 1753 nullum
1423 1706 1500 1753 sit.
1571 1707 1757 1770 Magna

366 1778 497 1825 enim
521 1779 796 1827 differentia
818 1788 891 1827 est
914 1780 1043 1828 inter
1073 1781 1180 1828 volo
1217 1782 1307 1828 hoc
1332 1788 1464 1829 tuum
1488 1797 1597 1829 esse
1620 1799 1754 1842 cras,

366 1862 416 1901 et
440 1870 557 1902 cras
583 1854 676 1902 tibi
700 1855 791 1902 hoe
816 1855 961 1902 dabo.
1034 1857 1162 1903 Nam
1186 1857 1286 1904 illic.
1311 1857 1435 1914 τοῖο,
1460 1866 1753 1920 praesentem

365 1938 416 1977 et
453 1937 638 1978 certam
677 1931 1006 1984 voluntatem:
1043 1932 1123 1979 hic
1162 1932 1394 1990 futuram,
1419 1932 1470 1979 id
1495 1941 1569 1980 est
1593 1933 1753 1982 incer-

362 2012 479 2064 tam,
511 2006 563 2054 id
604 2013 679 2054 est
711 2006 912 2066 nullam,
948 2007 1163 2063 indicat;
1200 2009 1316 2071 quia
1349 2008 1615 2057 voluntatis
1651 2026 1751 2058 suae

363 2082 588 2130 crastinae
628 2082 852 2130 dominus
898 2098 1042 2131 nemo
1090 2093 1178 2131 est.
1250 2084 1355 2132 Illic
1401 2100 1518 2147 ergo
1560 2085 1642 2147 jus
1690 2085 1751 2133 de

360 2166 602 2221 praesente
621 2158 766 2206 debet
789 2158 1012 2222 intelligi.

425 2233 731 2292 Athlotheta,
763 2234 815 2281 in
838 2234 1104 2281 certamine
1139 2249 1325 2292 cursus,
1347 2235 1652 2297 pervenienti
1684 2236 1750 2284 ad

357 2316 539 2357 metam
555 2309 714 2373 primo
738 2309 993 2372 praemium
1016 2308 1260 2372 promittit
1283 2309 1443 2356 verbis
1462 2309 1523 2357 de
1546 2309 1744 2367 futuro;

357 2385 578 2433 debitum
601 2394 766 2433 tamen
790 2385 859 2433 illi
882 2386 1137 2448 praemium
1162 2392 1253 2440 est,
1274 2401 1569 2448 quamquam
1591 2386 1746 2450 gratis

357 2461 541 2521 datum,
575 2462 703 2525 quia,
728 2461 820 2509 nisi
857 2461 909 2509 id
947 2461 1179 2510 voluisset
1216 2461 1505 2520 athlotheta,
1529 2462 1639 2511 illos
1679 2463 1745 2511 ad

355 2544 604 2586 certamen
627 2553 726 2585 non
749 2537 1017 2585 invitasset.

422 2614 479 2661 In
504 2613 836 2662 contractibus
870 2613 1017 2661 etiam
1047 2614 1128 2676 jus
1163 2612 1340 2660 transit
1380 2629 1466 2675 per
1490 2613 1640 2662 verba
1679 2613 1742 2662 de

350 2689 534 2749 futuro,
558 2705 734 2753 nempe
757 2688 841 2737 ubi
864 2688 1118 2736 translatio
1138 2687 1263 2750 juris
1287 2697 1458 2736 mutua
1482 2697 1572 2736 est.
1610 2689 1742 2738 Nam

351 2765 433 2828 qui
456 2765 694 2828 promisit,
717 2764 829 2812 ideo
852 2763 1115 2812 transferre
1144 2763 1225 2826 jus
1250 2779 1390 2811 suum
1413 2764 1536 2812 velle
1560 2763 1741 2814 intelli-

346 2840 494 2903 gitur,
520 2840 633 2904 quia
654 2841 854 2898 bonum,
878 2847 1078 2902 propter
1101 2838 1234 2902 quod
1272 2839 1511 2902 promisit,
1530 2840 1634 2903 Jam
1657 2855 1738 2889 ac-
