1910 3236
397 214 452 255 14
909 217 979 250 DE
1007 215 1249 249 HOMINE.

147 357 248 388 ρΑΡ,
266 357 333 388 111,
459 333 549 380 Est
589 338 753 379 autem
798 330 891 377 hoc
939 328 1217 376 scholarum
1264 342 1402 390 opus,
1451 343 1559 390 quae
1605 335 1772 376 tamen

112 411 375 490 Dfflne·
390 407 669 471 hujusmodi
689 405 932 453 doctrinas
957 403 1132 466 saepius
1157 410 1466 466 promovent,
1485 420 1630 467 quam
1654 421 1771 453 con-

390 485 566 532 futant.
638 482 920 530 Nescientes
939 479 1069 526 enim
1084 479 1447 542 imaginationis
1468 487 1517 527 et
1535 481 1771 529 sensionis

394 568 631 614 naturam,
652 558 828 605 docent
848 572 955 618 quae
981 554 1274 614 didicerunt,
1296 555 1377 602 alii
1400 555 1771 619 imaginationes

395 637 510 685 oriri
534 653 562 683 a
586 634 766 696 seipsis,
805 632 855 679 id
879 638 952 679 est
976 632 1080 678 sine
1105 646 1265 689 causa,
1305 631 1386 678 alii
1411 632 1527 679 oriri
1557 632 1772 696 plerum-

394 728 487 775 que
517 728 546 758 a
580 710 861 762 voluntate3
899 706 1320 770 cogitationesque
1354 707 1507 755 bonas
1543 707 1772 771 inspirari

393 789 439 835 in
467 785 710 833 hominem
735 801 764 831 a
787 784 906 842 Deo,
933 790 981 829 et
998 782 1149 830 malas
1170 799 1200 830 a
1226 782 1462 838 Diabolo;
1488 784 1566 831 vel
1585 783 1772 847 cogita-

393 863 548 910 tiones
577 862 729 908 bonas
759 859 951 906 infundi
982 858 1032 905 in
1060 859 1308 907 hominem
1345 876 1375 907 a
1407 860 1529 917 Deo,
1559 861 1710 908 malas
1743 877 1773 908 a

392 938 611 986 Diabolo.
683 935 866 983 Dicunt
881 935 977 993 alii,
1000 951 1184 992 sensus,
1211 951 1318 982 cum
1339 936 1584 999 recipiunt
1607 952 1773 984 rerum

392 1013 589 1076 species,
623 1028 702 1059 eas
741 1011 986 1059 communi
1019 1011 1181 1058 sensui
1218 1011 1427 1071 tradere,
1464 1028 1773 1060 communem

391 1105 584 1137 sensum
614 1087 899 1151 phantasiae,
937 1086 1245 1149 phantasiam
1283 1087 1547 1147 memoriae,
1586 1104 1772 1136 memo-

390 1166 512 1213 riam
532 1163 716 1227 judicio
735 1185 745 1218 ;
781 1162 946 1209 multis
963 1162 1123 1209 verbis
1147 1163 1269 1210 nihil
1292 1163 1502 1227 intelligi
1518 1163 1770 1212 facientes.

458 1238 765 1302 Imaginatio,
792 1254 898 1300 quae
922 1238 973 1284 in
996 1237 1194 1285 homine
1218 1238 1375 1286 aliove
1399 1239 1597 1287 animali
1621 1256 1651 1288 a
1675 1255 1774 1287 ser-

393 1332 535 1364 mone
549 1315 625 1362 vel
649 1315 753 1362 aliis
774 1313 922 1377 signis
937 1314 1226 1362 voluntariis
1245 1315 1478 1374 nascitur,
1499 1316 1773 1380 appellatur

394 1391 672 1439 intellectus
692 1409 709 1445 ;
768 1390 1136 1453 communisque
1194 1397 1267 1438 est
1327 1392 1607 1440 hominibus
1660 1409 1773 1440 cum

392 1467 576 1515 bestiis.
647 1466 791 1513 Canis
817 1466 961 1525 enim,
999 1466 1353 1514 consuetudine
1390 1467 1578 1526 doctus,
1603 1468 1772 1516 vocari

394 1559 444 1590 se
490 1543 566 1590 vel
612 1543 742 1605 abigi
783 1559 812 1590 a
857 1542 1053 1590 domino
1098 1542 1372 1606 intelliget3
1421 1544 1552 1607 quod
1588 1544 1773 1593 facient

394 1619 541 1667 etiam
565 1619 659 1665 alia
682 1618 834 1665 multa
852 1617 1094 1665 animalia.
1166 1618 1462 1667 Intellectus
1481 1620 1566 1683 qui
1584 1620 1774 1669 homini

392 1694 648 1758 peculiaris
673 1703 760 1753 est,
787 1702 860 1742 est
885 1694 1167 1741 intellectus
1191 1710 1293 1742 non
1318 1695 1474 1743 solum
1488 1696 1772 1756 voluntatis,

395 1771 480 1819 sed
521 1771 665 1818 etiam
713 1778 1039 1834 conceptuum
1077 1778 1127 1818 et
1169 1771 1524 1834 cogitationum
1565 1772 1774 1820 aliorum

393 1847 659 1903 hominum,
682 1863 768 1910 per
792 1847 1010 1910 sequelas
1028 1854 1077 1894 et
1092 1854 1377 1895 contextum
1391 1849 1774 1912 appellationum

395 1939 557 1970 rerum
581 1924 631 1970 in
655 1924 1016 1982 affirmationes,
1033 1923 1336 1986 negationes,
1353 1925 1569 1988 aliasque
1588 1925 1773 1973 formu-

393 1999 464 2046 las
508 1998 752 2061 loquendi,
801 1998 1068 2063 conceptiO.
1139 2000 1302 2063 Atque
1349 2000 1409 2048 de
1454 2001 1550 2049 hoc
1595 2017 1775 2065 genere

395 2075 675 2123 intellectus
701 2075 915 2123 dicemus
938 2075 1080 2123 infra.

911 2381 1124 2430 CAPUT
1160 2382 1250 2430 III.

496 2511 556 2542 DE
583 2511 939 2549 CONSEQUENTIA
964 2515 1066 2546 SIVE
1092 2515 1228 2546 SERIE
1255 2514 1667 2547 IMAGINATIONUM.

393 2597 503 2644 PER
539 2598 713 2646 seriem
745 2598 1148 2662 imaginationum
1171 2599 1392 2663 intelligo
1416 2599 1774 2647 successionem

391 2673 533 2720 unius
557 2674 866 2737 cogitationis
890 2675 952 2722 ad
975 2675 1147 2731 aliam;
1185 2691 1348 2738 quam,
1366 2681 1422 2722 ut
1445 2674 1775 2738 distinguatur

393 2764 421 2795 a
444 2748 662 2796 discursu
683 2749 957 2808 verborum,
983 2751 1173 2814 appello
1199 2750 1474 2799 discursum
1499 2750 1772 2798 mentalem.

462 2824 668 2873 Quando
685 2825 857 2888 aliquis
873 2825 932 2873 de
950 2842 1003 2874 re
1019 2842 1308 2890 quacunque
1333 2826 1532 2890 cogitat,
1551 2827 1776 2890 proxima.
