1968 3236
423 237 518 278 496
755 246 825 279 DE
854 246 1039 280 REGNO
1066 246 1470 282 TENEBRARUM.

153 376 255 408 οΑΡ,
277 376 404 411 XLVI.
423 363 642 420 tempore
675 356 874 404 Carolus
899 357 1126 419 Magnus,
1151 374 1237 405 rex
1261 359 1444 419 Galliae,
1470 360 1803 409 Romanorum

173 430 366 500 m
423 433 587 480 hostes
633 432 928 479 Lombardos
970 433 1230 495 superavit,
1278 434 1449 482 eodem
1490 436 1588 483 Leo
1628 437 1802 485 tertius

172 514 310 564 ⁸b‚i¹¹⁸¹11
330 559 336 566 ,
426 508 680 556 schismate
705 508 859 554 Roma
883 508 1109 570 expulsus
1145 515 1232 556 est.
1303 509 1515 557 Leonem
1539 518 1702 559 autem
1726 529 1802 560 re-

171 557 366 596 Phss⁰⁸⁰ph¹⁸'
426 583 563 630 duxit
598 582 813 640 Carolus,
853 590 900 630 et
931 583 979 630 in
1018 592 1204 647 papatu
1244 586 1582 641 confirmavit;
1619 595 1669 634 et
1703 587 1801 635 Leo

423 657 609 721 imperii
660 657 974 705 occidentalis
1019 658 1363 722 imperatorem
1403 660 1520 708 fecit
1558 661 1801 722 Carolum,

423 749 565 795 quem
588 733 779 795 publice
803 733 854 780 in
878 733 970 781 Dei
994 735 1190 782 nomine
1223 751 1405 783 corona
1441 737 1679 800 imperiali
1715 738 1802 787 do-

421 809 571 866 navit,
608 808 787 870 populo
829 809 1127 858 acclamante
1164 810 1304 858 Deus
1343 812 1499 860 dedit.
1586 813 1800 877 Regibus

421 884 537 931 hinc
562 884 729 932 Galliae
754 884 925 932 titulus
949 893 1213 948 perpetuus
1236 887 1344 946 fuit,
1379 887 1482 935 Dei
1501 889 1682 952 gratia
1709 905 1801 938 rex

426 959 627 1017 Gallioe,
654 968 703 1007 et
728 960 778 1007 in
802 977 950 1025 reges
980 960 1237 1026 Paparum
1274 962 1567 1011 dominatus.
1639 964 1800 1014 Quem

420 1035 720 1083 dominatum
767 1044 822 1084 ut
863 1045 1175 1085 conservaret
1214 1038 1446 1097 ecclesiae,
1490 1054 1638 1087 senex
1684 1041 1798 1099 Leo,

418 1111 773 1160 mundanarum
797 1128 958 1160 rerum
993 1114 1195 1176 peritus,
1232 1114 1484 1177 problema
1516 1115 1678 1162 nobile
1716 1131 1799 1163 ex-

418 1187 666 1249 cogitavit,
709 1204 871 1253 regna
913 1188 1312 1236 Christianorum
1359 1205 1533 1253 regum
1579 1190 1800 1255 ipsorum

417 1262 569 1309 armis
593 1263 752 1310 omnia
788 1264 838 1311 in
873 1281 927 1311 se
952 1265 1237 1328 transferre
1256 1283 1274 1320 ;
1310 1272 1358 1312 et
1380 1265 1602 1328 perfecit.

483 1339 598 1386 Post
611 1355 761 1386 unum
778 1339 907 1386 enim
925 1347 1009 1387 aut
1027 1340 1234 1387 alterum
1252 1357 1449 1398 annum,
1461 1340 1559 1388 Leo
1574 1341 1799 1404 pontifex

417 1414 642 1462 Carolum
661 1416 1006 1479 imperatorem
1024 1416 1086 1463 ad
1104 1416 1456 1464 universitates
1475 1432 1563 1479 per
1582 1416 1800 1465 dominia

417 1506 502 1537 sua
533 1490 873 1551 instituendas,
905 1492 990 1540 ubi
1021 1492 1175 1540 literae
1213 1500 1263 1539 et
1300 1492 1518 1540 scientiae
1556 1492 1798 1541 universae

417 1565 724 1625 docerentur,
749 1583 837 1630 per
870 1567 1035 1615 literas
1075 1583 1185 1615 suas
1216 1568 1440 1615 hortatus
1464 1575 1555 1616 est.
1626 1569 1797 1631 Itaque

417 1641 609 1689 Parisiis
633 1642 711 1690 ille
730 1643 1096 1690 universitatem
1121 1643 1276 1690 erexit
1293 1643 1502 1706 primam
1522 1665 1534 1699 ;
1560 1651 1610 1690 et
1624 1653 1798 1707 postea

415 1717 532 1764 alias
556 1717 635 1764 alii
659 1734 798 1780 reges
830 1718 882 1765 in
905 1718 1119 1766 dominio
1140 1718 1343 1781 quisque
1368 1734 1472 1776 suo,
1499 1718 1696 1767 structis
1720 1719 1796 1767 in-

416 1794 708 1857 structisque
733 1795 796 1842 ad
820 1794 982 1842 studia
997 1794 1228 1858 collegiis,
1246 1794 1434 1857 legibus
1453 1794 1516 1842 ad
1534 1795 1796 1842 arbitrium

412 1870 654 1931 pontificis
694 1871 901 1918 Romani
934 1870 1289 1934 gubernandas.
1365 1870 1491 1917 Tum
1532 1870 1729 1918 demum
1766 1887 1797 1919 a

411 1945 654 2008 magistris
678 1946 970 2004 Lombardo,
997 1946 1161 2003 Scoto,
1185 1946 1387 2003 Thoma,
1405 1961 1465 1993 ex
1486 1945 1796 2009 philosophia

411 2020 688 2068 Aristotelis
713 2028 761 2068 et
785 2021 1047 2084 Scripturis
1072 2021 1232 2068 Sacris
1268 2020 1539 2076 commista,
1564 2030 1682 2068 nata
1722 2030 1795 2070 est

411 2095 658 2159 theologia
676 2113 784 2159 quae
808 2097 988 2144 dicitur
1007 2096 1309 2145 scholastica.
1379 2097 1694 2144 Docebantur
1712 2113 1796 2144 au-

411 2178 510 2218 tem
547 2172 597 2219 in
633 2173 1029 2221 universitatibus
1067 2173 1242 2236 logica,
1280 2172 1496 2236 physica,
1536 2172 1793 2236 metaphy-

412 2247 526 2305 sica,
559 2247 733 2306 ethica,
774 2248 975 2310 politica
1010 2248 1302 2306 Aristotelis,
1328 2248 1465 2311 quasi
1499 2247 1793 2295 universitas

412 2323 722 2370 scientiarum
762 2323 812 2370 in
858 2339 956 2370 uno
994 2332 1134 2382 esset,
1172 2323 1385 2371 maximo
1424 2331 1543 2371 tunc
1574 2323 1793 2371 ecclesiae

410 2405 562 2459 patre,
602 2398 876 2445 Aristotele.
961 2399 1209 2461 Praecipue
1245 2415 1361 2446 vero
1402 2399 1465 2446 ad
1506 2398 1793 2446 verecundae

411 2472 750 2521 adolescentiae
794 2473 1006 2521 frontem
1052 2475 1456 2533 confirmandum,
1493 2475 1541 2522 in
1580 2474 1792 2537 disputa-

410 2546 623 2595 tionibus
659 2556 708 2595 et
743 2549 1176 2596 declamationibus
1208 2549 1415 2612 publicis
1457 2549 1791 2597 adolescentes

411 2623 774 2682 exercebantur,
812 2641 907 2687 quo
950 2624 1183 2671 Romanae
1221 2625 1439 2673 ecclesiae
1477 2624 1710 2688 dogmata
1742 2633 1791 2672 et

411 2698 647 2745 sustinere
672 2706 721 2746 et
744 2699 1007 2762 praedicare
1031 2707 1246 2761 possent.
1319 2700 1489 2763 Itaque
1524 2715 1613 2763 per
1636 2699 1790 2747 eccle-

411 2772 730 2833 siasticorum,
749 2791 804 2821 ex
827 2774 1219 2822 universitatibus
1238 2775 1287 2822 in
1314 2791 1482 2823 omnes
1505 2775 1607 2823 fere
1627 2775 1790 2823 Chris-

411 2847 530 2894 tiani
577 2848 706 2897 orbis
751 2851 910 2908 urbeS,
958 2849 1151 2913 oppida,
1190 2850 1446 2912 parochias
1487 2850 1788 2908 emissorum,
