1910 3236
676 287 748 321 m:
775 287 1021 321 HOMINE.
1480 278 1544 321 23

155 400 344 464 possint
379 399 505 447 alter
545 399 688 446 alteri
726 399 846 463 quid
892 399 1176 463 concipiunt
1221 404 1271 446 et
1316 396 1378 446 de
1422 413 1545 446 una-

156 491 349 541 quaque
380 491 432 523 re
468 475 704 539 cogitant,
740 475 954 538 quidque
990 476 1139 524 etiam
1178 474 1401 538 cupiunt,
1442 490 1545 522 me·

156 559 319 610 tuunt,
334 552 437 609 &c.,
452 550 743 614 significare.
785 550 988 613 Propter
1003 551 1134 599 hunc
1148 566 1291 598 usum
1304 557 1546 598 vocantur

155 627 323 692 signa.
396 626 525 674 Usus
566 625 805 674 sermonis
842 626 1075 688 speciales
1110 633 1225 674 sunt
1257 626 1326 684 hi,
1365 625 1543 689 primo,

156 718 278 767 quas
295 701 559 766 cogitando
574 717 739 749 rerum
753 702 1113 764 praeteritarum
1130 702 1209 750 vel
1226 702 1546 766 praesentium

156 794 326 827 causas
351 794 456 827 esse
479 778 765 842 reperimuS,
786 776 861 824 vel
885 792 995 840 quae
1012 794 1042 824 a
1058 778 1204 826 rebus
1221 777 1546 841 praesentibus

154 854 235 902 vel
256 854 520 919 praeteritis
542 852 751 918 produci
773 860 998 916 possunt,
1031 854 1371 909 conscribere,
1407 869 1547 901 nam-

156 946 253 995 que
275 931 390 979 hinc
413 931 640 979 oriuntur
662 937 809 977 artes.
882 928 1126 989 Secundo,
1151 937 1207 977 ut
1230 929 1547 978 ostendamus

155 1008 264 1056 aliis
294 1007 550 1055 scientiam
581 1022 611 1054 a
642 1004 784 1052 nobis
818 1004 1124 1067 acquisitam,
1161 1006 1460 1054 consulendo
1495 1015 1547 1054 et

156 1083 396 1133 docend0.
464 1082 648 1140 Tertio,
668 1089 725 1128 ut
745 1079 1097 1143 patefaciamus
1116 1080 1198 1127 alii
1216 1081 1324 1128 aliis
1342 1082 1548 1130 consilia

156 1169 210 1208 et
230 1159 510 1208 voluntates
533 1165 741 1215 nostras,
757 1172 854 1220 quo
871 1153 1044 1203 mutuo
1058 1156 1299 1219 possimus
1318 1157 1440 1205 alius
1463 1158 1546 1205 alii

156 1235 395 1285 auxiliari.
466 1235 675 1292 Quarto,
711 1248 936 1281 sermone
970 1232 1236 1296 aliquando
1277 1232 1353 1280 uti
1375 1249 1548 1296 possu-

158 1327 267 1360 mus
285 1311 350 1360 ad
373 1310 749 1359 delectationem
770 1309 849 1357 vel
873 1317 1217 1357 ornamentum
1241 1310 1548 1359 innocenter.

227 1387 321 1435 His
341 1387 512 1435 usibus
534 1385 838 1449 respondent
859 1385 1068 1434 totidem
1091 1387 1287 1434 abusus.
1359 1387 1548 1436 Primus

158 1471 249 1523 est,
289 1463 487 1526 quando
526 1462 750 1510 homines
798 1462 1123 1526 cogitationes
1169 1478 1299 1522 suas,
1345 1472 1550 1526 propter

157 1539 538 1588 inconstantiam
594 1538 968 1602 significationis
1014 1540 1278 1587 verborum
1332 1554 1549 1598 suorum,

156 1631 415 1680 perperam
455 1614 804 1670 conscribunt3
851 1623 909 1662 ut
948 1614 1146 1678 quando
1191 1631 1283 1679 pro
1330 1615 1550 1678 cogitato

157 1701 351 1756 ponunt
390 1691 443 1740 id
481 1691 613 1756 quod
647 1707 748 1739 non
780 1691 1035 1754 cogitant;
1072 1699 1221 1755 atque
1256 1691 1327 1740 ita
1364 1692 1549 1755 seipsos

157 1769 350 1817 fallunt.
421 1766 676 1816 Secundus
695 1775 786 1826 est,
812 1766 1009 1830 quando
1031 1767 1194 1815 verbis
1217 1774 1426 1815 utuntur
1448 1783 1551 1815 me-

159 1844 442 1908 taphoricis,
461 1843 514 1892 id
532 1851 621 1902 est,
637 1843 734 1891 alio
754 1859 901 1891 sensu
920 1859 1065 1906 quam
1082 1843 1145 1891 ad
1164 1858 1310 1906 quem
1325 1843 1552 1891 ordinata

160 1927 304 1976 sunt;
338 1928 487 1983 atque
518 1920 589 1968 ita
619 1919 873 1983 decipiunt
907 1919 1042 1967 alios.
1110 1919 1320 1978 Tertius,
1354 1920 1551 1983 quando

159 1997 464 2045 voluntatem
487 2012 627 2044 suam
664 2011 773 2043 eam
798 2011 903 2044 esse
940 1995 1194 2043 declarant
1224 1996 1404 2055 verbis,
1441 2013 1551 2060 quae

160 2087 333 2120 revera
345 2088 442 2119 non
469 2079 560 2119 est.
632 2071 869 2130 Quartus,
889 2071 1089 2135 quando
1104 2087 1328 2119 sermone
1344 2079 1554 2119 utuntur

160 2148 225 2196 ad
238 2147 518 2196 laedendum
530 2147 829 2211 proximum.
888 2148 1079 2196 Caetera
1097 2147 1329 2196 animalia
1342 2148 1553 2195 armavit

161 2232 342 2272 natura
384 2223 481 2271 alia
533 2223 778 2282 dentibuS,
829 2223 926 2271 alia
979 2224 1244 2279 cornibus;
1301 2223 1553 2271 hominem

162 2307 327 2348 autem
349 2299 589 2354 manibus,
612 2306 669 2346 ut
686 2298 883 2362 quando
901 2315 1024 2363 opus
1042 2306 1117 2347 est
1140 2299 1324 2347 laedant
1342 2299 1551 2346 hostem.

164 2375 264 2425 Sed
283 2375 454 2439 lingua
473 2374 653 2423 laedere
677 2374 918 2422 sermonis
935 2375 1114 2422 abusus
1133 2382 1224 2433 est,
1240 2374 1336 2422 nisi
1357 2373 1554 2437 quando

163 2451 377 2516 aliquem
411 2466 582 2515 regere
619 2450 910 2514 obligamur.
982 2450 1039 2499 Id
1075 2467 1192 2499 vero
1230 2450 1420 2498 loedere
1454 2465 1555 2497 non

165 2535 254 2587 est,
278 2527 367 2576 sed
389 2527 638 2591 corrigere
662 2534 712 2575 et
735 2526 1013 2575 emendare.

232 2603 414 2652 Modus
437 2619 535 2667 quo
558 2618 718 2651 sermo
741 2603 946 2650 inservit
971 2602 1222 2650 memoriae
1251 2615 1556 2663 consequen-

164 2678 361 2738 tiarum,
393 2678 616 2727 consistit
649 2679 701 2727 in
735 2679 990 2727 nominum
1023 2678 1333 2742 impositione
1366 2683 1415 2724 et
1438 2691 1557 2724 con-

165 2754 393 2804 nexione.

233 2829 495 2878 Nominum
534 2831 631 2880 alia
664 2838 779 2880 sunt
811 2831 1053 2896 propr-ia,
1088 2828 1417 2894 significantia
1450 2843 1557 2876 rem

1596 422 1701 455 CAP.
1718 422 1782 455 lv.

1591 516 1636 544 De
1650 525 1789 545 sermone.
