1968 3236
416 254 508 296 364
736 260 806 292 DE
834 256 1089 292 CIVITATE
1117 255 1467 288 cnms'nANA.

153 397 255 430 CAp,
276 397 384 429 xm,
418 372 549 436 quod
586 370 898 419 resurrexerit
940 376 1076 415 certo
1119 367 1281 415 scisse.
1350 367 1547 429 Alioqui
1588 367 1795 430 amplius

170 452 366 527 me
419 449 586 497 testari
621 464 719 495 non
753 453 930 508 potest,
968 460 1112 507 quam
1149 443 1278 506 quod
1314 459 1373 490 ex
1407 442 1794 490 antecessoribus

168 532 373 561 evoletiwica·
419 525 516 572 suis
539 523 588 570 id
611 522 847 575 audierit;
882 535 1040 582 neque
1077 527 1264 582 martyr
1287 526 1359 566 est
1381 518 1476 566 nisi
1506 526 1794 582 martyrum,
1867 516 1872 522 ’

418 600 468 647 id
492 607 566 646 est
590 605 773 660 martyr
802 595 1129 642 secundarius.

485 674 580 722 Qui
618 681 781 719 autem
821 671 884 718 ad
911 685 1303 732 unamquamque
1334 669 1621 727 doctrinam,
1646 684 1794 732 quam

416 751 515 813 ipse
539 749 598 796 ab
622 747 825 795 historia
848 747 961 793 vitae
986 745 1182 800 Christi,
1206 744 1282 791 vel
1313 745 1374 791 ab
1398 744 1520 792 actis
1557 752 1643 791 aut
1667 743 1795 807 epis-

413 825 523 872 tolis
546 822 873 886 apostolorum
894 819 1169 873 deduxerit3
1195 826 1243 866 et
1262 819 1360 882 qui,
1385 819 1563 882 privati
1584 817 1796 866 hominis

413 899 696 948 authoritati
720 898 942 954 confisus,
965 897 1097 959 leges
1122 895 1286 942 civiles
1311 895 1490 942 violare
1517 910 1661 942 ausus
1687 893 1794 942 fue-

414 977 493 1034 rit,
513 976 552 1022 is
576 975 636 1022 ab
661 975 844 1021 honore
869 972 1093 1035 martyris
1118 971 1313 1029 Christi,
1333 980 1437 1018 tum
1455 970 1674 1034 primarii
1687 977 1793 1018 tum

415 1050 701 1107 secundarii,
726 1050 870 1113 longe
894 1049 1045 1096 abest.
1097 1047 1283 1095 Unicus
1306 1047 1539 1095 articulus
1562 1046 1676 1094 fidei
1700 1053 1793 1103 est,

414 1144 503 1190 pro
532 1143 627 1189 quo
656 1126 779 1173 mori
811 1125 1036 1188 martyris
1068 1139 1246 1171 nomen
1282 1123 1605 1171 honorificum
1636 1137 1793 1170 mere-

415 1211 511 1250 tur.
546 1203 632 1250 Est
655 1210 816 1249 autem
840 1201 1072 1248 articulus
1096 1200 1192 1258 ille,
1217 1199 1386 1247 Jesum
1410 1215 1521 1246 esse
1541 1198 1793 1246 Christum

415 1278 464 1325 id
502 1287 590 1335 est,
615 1277 765 1335 illum,
791 1277 873 1340 qui
898 1293 986 1324 nos
1011 1283 1167 1323 morte
1191 1291 1278 1322 sua
1301 1275 1521 1331 redemit,
1547 1282 1596 1322 et
1619 1281 1792 1322 ventu-

414 1370 496 1401 rus
531 1355 707 1400 iterum
743 1360 830 1411 est,
867 1361 916 1399 et
950 1351 1089 1399 nobis
1124 1351 1174 1398 in
1209 1366 1362 1414 regno
1409 1349 1595 1397 coelesti
1640 1350 1793 1398 vitam

416 1438 647 1477 aeternam
691 1436 1039 1492 procuraturus
1086 1434 1173 1475 est.
1261 1427 1354 1474 Pro
1390 1425 1523 1473 omni
1569 1425 1795 1474 doctrina

417 1522 525 1568 quae
548 1505 682 1552 lucro
714 1505 788 1552 vel
818 1504 1071 1551 ambitioni
1094 1503 1295 1551 inservit
1318 1502 1667 1560 ministrorum,
1691 1517 1791 1549 non

415 1580 677 1643 requiritur
699 1588 755 1627 ut
778 1581 1064 1635 moriamur3
1099 1594 1258 1642 neque
1282 1594 1414 1626 mors
1438 1585 1510 1626 est
1534 1593 1641 1641 quae
1663 1592 1792 1624 mar-

416 1663 588 1718 tyrem,
613 1655 663 1702 id
686 1662 759 1702 est
781 1662 970 1712 testem,
994 1654 1128 1714 facit,
1149 1653 1235 1701 sed
1252 1652 1607 1707 testimonium;
1631 1667 1794 1716 neque

416 1731 466 1778 in
489 1731 652 1788 verbo,
677 1738 876 1794 martyr,
902 1730 1107 1793 amplius
1131 1729 1422 1787 continetur,
1443 1744 1587 1791 quam
1611 1727 1662 1775 in
1684 1744 1792 1776 ver-

416 1807 478 1854 bo
502 1806 657 1854 testis.
840 1799 842 1801 ’

482 1882 735 1940 Praeterea,
761 1882 800 1929 si
829 1882 935 1945 quis
968 1882 1031 1930 ad
1059 1881 1319 1929 articulum
1346 1881 1482 1928 illum
1522 1879 1793 1944 praedican-

418 1957 533 2004 dum
563 1958 736 2004 missus
770 1974 868 2005 non
895 1958 1058 2015 fuerit,
1083 1957 1170 2006 sed
1204 1956 1404 2005 consilio
1428 1972 1515 2004 suo
1538 1955 1674 2015 facit,
1699 1954 1793 2003 etsi

415 2032 551 2080 testis
576 2033 636 2080 sit
661 2033 840 2081 Christi
871 2034 1143 2096 primarius,
1167 2034 1244 2081 vel
1266 2032 1613 2096 apostolorum,
1649 2031 1794 2080 disci-

415 2107 653 2171 pulorum,
679 2108 756 2155 vel
789 2124 1122 2157 successorum
1147 2109 1372 2164 illorum;
1409 2124 1508 2156 non
1532 2116 1697 2156 tamen
1728 2107 1794 2156 ob

416 2199 521 2230 eam
545 2199 647 2231 rem
671 2192 877 2231 mortem
903 2185 1002 2247 pati
1027 2185 1292 2248 obligatum
1319 2184 1448 2247 quia,
1467 2199 1557 2231 nec
1580 2190 1794 2242 vocatus,

415 2273 505 2305 nec
529 2259 698 2306 missus
716 2259 854 2314 fecit;
879 2276 986 2319 nec,
1006 2261 1045 2307 si
1069 2261 1194 2308 forte
1213 2260 1463 2324 praemium
1483 2266 1792 2323 expectatum

415 2348 513 2380 non
537 2334 793 2396 acceperit,
819 2335 1051 2398 conqueri
1069 2336 1179 2398 jure
1203 2344 1378 2399 potest.
1449 2335 1640 2399 Martyr
1662 2334 1792 2383 enim

416 2423 572 2471 neque
595 2409 740 2471 primi
766 2425 923 2471 neque
947 2410 1147 2458 secundi
1170 2411 1351 2473 gradus
1370 2427 1473 2459 esse
1495 2419 1674 2474 potest,
1698 2410 1794 2459 nisi

417 2482 479 2529 ad
513 2483 877 2546 praedicandum
913 2485 1158 2532 Christum
1193 2487 1543 2534 authoritatem
1579 2492 1793 2549 potesta-

417 2565 611 2620 temque
651 2558 919 2621 legitimam
956 2560 1148 2618 habeat,
1178 2570 1234 2609 ut
1268 2563 1450 2610 habent
1478 2561 1562 2625 qui
1587 2561 1651 2609 ad
1679 2577 1794 2610 con·

419 2632 672 2680 vertendas
695 2642 867 2696 gentes
891 2634 1108 2682 infideles
1139 2636 1269 2683 mitti
1307 2637 1481 2684 solent.
1566 2636 1694 2684 Nam
1717 2635 1793 2694 iis,

419 2706 500 2767 qui
519 2707 619 2769 jam
643 2707 955 2766 crediderint,
975 2716 1099 2756 teste
1124 2726 1243 2773 opus
1267 2728 1366 2758 nou
1390 2719 1481 2769 est,
1498 2711 1584 2759 sed
1606 2711 1700 2759 illis
1719 2726 1795 2759 so-

419 2779 477 2827 lis
497 2781 576 2843 qui
597 2790 793 2845 negant,
819 2782 1061 2842 dubitant,
1086 2785 1161 2832 vel
1178 2802 1275 2833 non
1294 2786 1570 2835 audierunt.
1639 2787 1795 2851 Apos-

422 2853 544 2902 tolos
587 2855 940 2920 discipulosque
980 2874 1093 2906 suos
1112 2887 1115 2889 -
1133 2859 1194 2906 ad
1239 2861 1603 2922 praedicandum
1649 2877 1796 2910 evan-
