1968 3236
480 246 656 280 APPEN
667 246 763 280 mx
792 246 863 280 AD
893 246 1227 280 LEleTnAN.
1447 236 1535 278 551

168 356 555 421 disputabantur,
585 366 635 405 et
675 374 733 405 ex
771 357 1033 420 Scripturis
1069 357 1228 404 Sacris
1264 355 1543 404 refutaban-

166 440 264 482 tur.
331 432 408 480 Ad
433 442 701 481 extremum
733 434 773 481 si
797 433 1012 481 ecclesiae
1031 432 1217 495 judicio
1240 430 1542 480 subscribere

166 516 464 566 recusarent,
489 519 593 556 tum
617 509 812 557 demum
833 509 1151 571 privabantur
1182 507 1412 556 ecclesiis.
1480 506 1544 554 Et

167 582 404 647 siquidem
429 592 597 647 postea
620 585 850 648 populum
886 584 1057 632 haeresi
1081 599 1168 632 sua
1190 591 1451 646 pergerent
1471 581 1543 629 in-

166 659 328 717 ficere,
351 659 402 706 in
435 660 631 707 exilium
663 659 953 723 quandoque
976 659 1310 707 mittebantur.
1391 657 1544 706 Caete-

166 749 277 783 rum
300 734 370 782 illi
394 735 556 793 iidem,
575 736 615 783 si
639 736 797 798 posita
819 735 1126 783 contumacia
1148 742 1317 797 postea
1339 732 1546 780 subscri-

167 792 357 868 berent,
391 810 453 858 ab
490 811 780 874 imperatore
819 809 1233 863 restituebantur;
1280 808 1407 856 sicut
1441 807 1543 870 ipse

166 883 331 942 Arius,
349 894 608 948 postquam
631 886 744 933 fidei
769 901 868 933 suae
892 885 1243 932 consessionem
1266 882 1546 947 imperatori

169 959 399 1023 scriptam
434 960 663 1018 dedisset,
687 976 796 1022 quae
833 977 863 1007 a
893 959 1078 1023 judicio
1110 960 1307 1007 Patrum
1337 959 1544 1022 reliquo-

167 1049 293 1093 rum,
316 1042 373 1083 ut
403 1034 682 1098 imperatori
705 1034 976 1092 videbatur,
995 1051 1093 1082 non
1127 1034 1447 1098 discrepabat,
1471 1049 1546 1082 re-

168 1110 370 1158 stitutus
400 1109 522 1165 fuit;
561 1118 610 1158 et
635 1110 944 1168 Athanasius,
977 1108 1193 1172 qus-eum
1216 1110 1431 1172 recipere
1458 1126 1547 1157 no-

169 1185 278 1243 luit,
300 1186 363 1233 ob
398 1201 506 1233 eam
528 1201 632 1234 rem
656 1186 703 1234 in
730 1186 926 1234 exilium
949 1185 1123 1232 missus
1146 1193 1236 1232 est.
1466 1208 1477 1212 α

235 1261 301 1309 A.
336 1260 630 1308 Athanasius
664 1261 744 1309 ille
791 1276 994 1323 magnus
1027 1260 1200 1307 summi
1242 1260 1546 1323 imperatoris

169 1335 401 1384 mandato
438 1336 763 1384 obedientiam
797 1351 992 1399 negare,
1021 1344 1275 1399 peccatum
1310 1350 1412 1383 esse
1446 1351 1546 1383 non

168 1411 359 1476 putavit
379 1410 395 1458 ἒ

235 1486 303 1535 Β.
338 1486 416 1534 Ita
450 1486 676 1541 videtur3
722 1486 829 1534 loca
873 1494 1038 1534 tamen
1076 1485 1374 1533 Testamenti
1417 1485 1544 1532 Novi

152 1561 268 1621 ⁴illa,
283 1561 458 1625 quibus
481 1562 759 1610 obedientia
779 1562 1102 1625 potestatibus
1123 1561 1269 1609 etiam
1292 1561 1497 1609 ethnicis
1518 1577 1549 1608 a

170 1636 366 1686 Christo
403 1645 454 1686 et
486 1637 718 1701 apostolis
745 1637 1044 1701 praecipitur,
1069 1637 1276 1684 obscura
1298 1653 1395 1684 non
1420 1643 1547 1684 sunt.

171 1712 270 1762 Sed
291 1713 587 1761 Athanasius
612 1730 709 1777 quo
732 1713 836 1762 zelo
860 1713 1083 1760 haeresim
1103 1713 1334 1760 Arianam
1356 1712 1407 1759 in
1421 1712 1549 1760 Con-

171 1787 287 1837 cilio
309 1788 356 1836 N
360 1788 500 1837 iceno
522 1788 669 1852 paulo
692 1797 806 1836 ante
839 1796 1222 1852 oppugnaverat,
1245 1787 1416 1836 eodem
1438 1803 1548 1851 pos-

169 1870 253 1912 tea
273 1862 336 1912 de
353 1864 472 1912 Ario
490 1864 791 1912 restituendo
813 1864 905 1927 ipsi
929 1864 1211 1927 imperatori
1234 1879 1285 1911 se
1309 1863 1547 1927 opposuit.

171 1938 346 2003 Neque
366 1939 544 1987 mirum
566 1939 618 1987 id
638 1939 794 1987 videri
813 1939 987 1995 debet;
1023 1955 1134 1987 cum
1157 1939 1413 2001 theologiae
1436 1938 1549 1986 doc-

172 2020 321 2072 tores,
345 2013 462 2062 dum
495 2014 547 2062 in
580 2014 689 2063 loca
711 2015 793 2062 illa
817 2014 1081 2078 Scripturae
1107 2014 1285 2071 Sacrae,
1310 2030 1419 2076 quae
1442 2029 1549 2076 per·

173 2088 335 2137 tinent
366 2088 429 2137 ad
474 2099 765 2152 prementem
798 2089 1192 2147 controversiam,
1228 2088 1548 2136 intentissime

174 2163 455 2227 inspiciunt,
467 2163 576 2212 loca
591 2164 686 2212 alia
703 2180 812 2228 quae
831 2172 1054 2228 spectant
1073 2164 1135 2212 ad
1148 2165 1259 2226 jura
1276 2163 1548 2226 principum

174 2246 261 2287 aut
291 2238 603 2303 negligentia,
626 2249 713 2287 aut
748 2239 1007 2303 aliqnando
1040 2240 1186 2287 etiam
1223 2238 1384 2286 studio
1417 2254 1550 2301 spre-

174 2315 334 2378 tisque
371 2314 558 2378 legibus
589 2315 829 2374 humanis,
861 2324 1175 2380 praetereunt.
1245 2314 1341 2362 Sed
1373 2313 1447 2373 (ut
1474 2328 1548 2360 re-

177 2389 375 2438 deamus
397 2389 461 2437 ad
483 2389 823 2438 haereticorum
844 2393 1028 2454 poenas)
1047 2389 1294 2437 sciendum
1319 2397 1407 2447 est,
1423 2389 1550 2437 inter

177 2463 505 2512 ecclesiastica
539 2465 774 2527 supplicia
804 2465 1029 2513 ultimum
1065 2480 1167 2512 esse
1197 2463 1327 2527 quod
1350 2472 1551 2512 vocatur

177 2539 602 2588 anathematizatio
625 2539 725 2588 sive
747 2540 1198 2597 excommunicatio,
1222 2547 1271 2587 et
1294 2546 1552 2603 propterea

177 2614 323 2663 aliam
345 2630 537 2662 omnem
567 2631 759 2678 poenam
795 2616 1067 2680 dependere
1091 2632 1120 2662 a
1141 2622 1380 2678 potestate
1405 2614 1549 2663 civili.

179 2690 338 2739 Causa
359 2699 522 2738 autem
553 2706 703 2753 quare
726 2691 1072 2739 Constantinus
1089 2698 1139 2738 et
1162 2690 1326 2738 caeteri
1349 2690 1552 2753 impera-

180 2772 313 2812 tores
341 2764 549 2812 Romani
579 2764 754 2813 multas
775 2782 943 2829 poenas
966 2767 1015 2813 in
1039 2765 1292 2814 haereticos
1316 2766 1551 2814 constitu-

180 2848 339 2897 erunt,
358 2848 415 2887 ut
431 2839 642 2898 exilium,
658 2840 1032 2903 publicationem
1051 2841 1303 2899 bonorum,
1320 2840 1551 2889 librorum

1606 376 1707 409 CAP.
1727 376 1776 409 11.

1598 429 1784 446 ffl

1600 471 1770 500 Debere-i.
