1968 3236
490 261 558 295 nn
586 261 839 295 cxvrrATn
868 259 1219 294 cums-nami.
1439 247 1536 292 285

170 372 262 422 hoc
282 372 596 438 cognoscitur
618 372 831 436 spiritus
855 373 954 420 Dei
977 391 995 420 .·
1029 371 1182 420 omnis
1215 369 1426 436 spiritus
1455 369 1542 433 qui
1557 388 1821 424 maxxxw.

168 447 431 511 confitetur
448 446 614 494 Jeeum
634 446 880 493 Christum
900 447 948 494 in
965 463 1116 494 carne
1129 446 1333 502 venisse,
1351 461 1414 492 ex
1431 445 1541 492 Deo
1560 444 1824 528 &W

169 529 263 572 est.
299 522 521 587 Spiritus
539 522 755 570 hocloco
774 522 1015 584 significat
1029 521 1174 569 fidem
1198 519 1539 578 Christianam,
1556 544 1644 572 qnam
1666 533 1774 562 habent
1790 533 1823 561 ὴ.

170 598 272 647 sive
307 597 656 646 confessionem
689 614 783 644 non
818 598 981 645 fictam
1004 596 1193 645 articuli
1216 596 1375 659 hujus,
1393 594 1542 642 Jesus
1557 577 1826 657 ἶὲἂῗῖζῗ

169 680 249 722 eet
276 671 506 720 Christus
525 691 543 727 ;
578 689 674 719 non
699 673 1015 719 substantiam
1039 673 1386 735 incorpoream.
1557 662 1767 745 wh*
1782 662 1826 690 ᾗ»

235 749 397 797 Verba
439 748 536 806 illa,
578 749 716 809 (Luc.
753 748 815 795 iv.
860 750 923 808 1),
958 748 1105 795 ‹Iesu-5
1137 747 1322 812 plenus
1355 745 1543 811 spiritu

169 830 361 881 sancta,
384 839 472 887 pro
501 823 604 871 zelo
632 823 915 887 perficiendi
940 839 1060 887 opus
1082 822 1214 886 quod
1235 822 1326 886 ipsi
1350 838 1380 869 a
1403 821 1546 869 Patre

168 914 262 947 sno
295 898 577 946 mandatum
612 907 731 955 erat,
756 898 1024 961 intelligere
1058 897 1198 945 facile
1233 905 1338 951 est;
1372 896 1459 944 sed
1485 896 1546 944 de

174 973 368 1022 Christo
386 974 562 1032 dicere,
584 974 714 1038 quod
731 974 902 1037 plenus
922 982 1027 1022 erat
1044 973 1310 1022 substantia
1325 973 1549 1035 incorpo-

174 1065 274 1108 rea,
298 1049 627 1097 duriusculum
656 1057 743 1097 est.
813 1049 1021 1112 Spiritus
1058 1048 1291 1096 hactenus
1314 1063 1411 1095 non
1435 1047 1548 1094 sub-

170 1124 406 1173 stantiam
428 1124 776 1188 incorpoream,
800 1124 886 1172 sed
908 1124 984 1172 vel
996 1123 1330 1201 ‘substantiam
1353 1122 1548 1186 proprie

175 1199 359 1248 dictam
373 1207 422 1247 et
442 1199 635 1257 realem,
651 1199 726 1247 vel
744 1200 984 1263 significat
999 1199 1324 1262 metaphorice
1342 1198 1549 1261 gratiam

177 1274 389 1338 aliquam
413 1275 741 1322 excellentem.

245 1350 480 1414 Discipuli
504 1350 699 1409 Christi,
721 1366 831 1398 cum
849 1350 983 1397 illum
1000 1349 1218 1397 viderent
1241 1349 1439 1410 (Matth.
1454 1348 1550 1396 xiv.

180 1431 263 1484 26,
287 1434 339 1473 et
363 1426 516 1473 Marc.
549 1425 613 1472 vi.
652 1426 736 1486 49)
763 1424 1090 1472 ambulantem
1114 1440 1257 1487 super
1279 1440 1426 1480 mare,
1451 1424 1552 1472 dix-

179 1508 323 1550 erunt
340 1500 561 1564 spiritum
580 1516 684 1548 esse
705 1521 718 1555 ;
753 1516 852 1548 non
870 1499 1001 1562 quod
1017 1515 1127 1547 eum
1145 1499 1432 1562 phantasma
1448 1514 1553 1547 esse

177 1576 511 1625 existimarent
530 1597 542 1631 ;
568 1575 753 1624 dictum
768 1576 895 1623 enim
921 1582 1008 1634 est,
1022 1575 1154 1639 quod
1174 1575 1400 1623 viderunt
1418 1574 1554 1622 illum

171 1667 375 1705 ‹omnes3
409 1650 461 1698 id
487 1650 618 1714 quod
648 1667 678 1698 a
711 1659 886 1699 natura
919 1650 1309 1714 phantasmatum
1343 1650 1554 1698 alienum

175 1734 270 1775 eet.
338 1727 602 1775 Potuerant
623 1734 784 1774 tamen
807 1725 933 1774 forte
957 1725 1169 1784 credere,
1194 1726 1323 1789 quod
1346 1733 1472 1773 esset
1494 1741 1555 1772 ex

179 1817 294 1851 aere
315 1809 616 1865 compactum
642 1817 831 1864 corpus.
881 1800 1027 1850 Quod
1049 1801 1109 1848 de
1128 1801 1222 1849 illis
1244 1817 1435 1865 quoque
1458 1800 1554 1848 dici

185 1884 364 1942 potest,
402 1877 483 1940 qui
530 1877 742 1935 Petrum,
783 1893 810 1924 e
846 1893 1040 1925 carcere
1076 1893 1106 1925 a
1140 1877 1245 1925 Deo
1280 1877 1553 1934 liberatum,

181 1953 306 2013 (Act
317 1953 400 2000 xii.
423 1955 498 2012 15)
513 1951 740 1999 dixerunt
763 1967 866 1999 esse
890 1951 1133 2016 Angelum
1158 1953 1279 2015 ejus.
1349 1953 1475 2000 Nam
1494 1951 1555 1999 de

184 2027 463 2076 substantiis
476 2027 772 2090 incorporeis
791 2027 841 2074 in
859 2027 1110 2090 scripturis
1124 2027 1152 2075 J
1155 2027 1404 2076 udaeorum
1422 2043 1556 2075 men-

184 2103 256 2153 tio
278 2103 474 2152 omnino
491 2103 624 2151 nulla
642 2111 735 2158 est;
770 2103 855 2151 sed
874 2111 979 2151 tota
1001 2103 1084 2151 illa
1106 2102 1327 2151 doctrina
1349 2119 1378 2150 a
1400 2102 1555 2166 philo-

185 2178 349 2243 sophis
371 2177 551 2227 Graecis
573 2178 810 2241 originem
842 2178 990 2226 ducit.
1073 2178 1363 2242 Negandum
1394 2186 1557 2226 tamen

186 2270 285 2303 non
302 2262 392 2312 aet,
411 2253 527 2318 quin
552 2253 877 2317 apparitiones
899 2254 1073 2317 aliquae
1096 2253 1432 2302 substantiales
1454 2267 1556 2300 esse

182 2328 400 2394 possint3
439 2328 577 2391 (quid
610 2329 738 2376 enim
773 2337 846 2376 est
885 2328 1017 2392 quod
1046 2328 1176 2377 Deus
1205 2330 1437 2392 perficere
1459 2343 1558 2375 non

185 2403 384 2469 possiffl)
406 2418 563 2466 neque
586 2403 702 2466 quin
727 2403 840 2462 sint,
865 2403 1054 2466 quoties
1071 2419 1238 2451 eorum
1262 2419 1410 2467 opera
1427 2403 1557 2450 Deus

189 2479 360 2538 utitur,
375 2478 549 2542 angeli.
587 2478 783 2526 Habent
806 2486 968 2526 tamen
987 2478 1325 2537 dimensiones,
1341 2487 1390 2526 et
1412 2477 1558 2540 siqni-

186 2553 300 2604 dem
322 2554 449 2602 finiti
471 2561 601 2609 sunt,
623 2552 783 2600 locum
806 2553 1012 2616 implent
1041 2560 1090 2600 et
1120 2553 1300 2600 moveri
1327 2559 1558 2616 possunt;

186 2628 277 2677 sed
307 2645 406 2677 non
439 2628 726 2692 incorporei,
760 2628 811 2676 id
844 2635 932 2686 est,
966 2644 1066 2676 non
1098 2636 1211 2676 sunt
1245 2626 1435 2686 nullibi,
1469 2642 1560 2675 nec

188 2718 301 2752 cum
322 2704 580 2752 videantur
598 2719 701 2751 esse
724 2703 934 2767 aliquid,
960 2710 1072 2751 sunt
1094 2702 1232 2750 nihil.

257 2778 498 2844 Angelus,
516 2794 610 2827 vox
634 2778 817 2836 Graeca,
837 2778 968 2842 apud
991 2778 1267 2841 scriptoreS‚
1283 2783 1382 2824 tam
1398 2791 1560 2824 sacros

191 2868 337 2916 quam
362 2852 654 2917 prophanos‚
679 2851 921 2915 significat
943 2851 1173 2899 nuncium
1195 2872 1208 2905 ;
1233 2850 1282 2898 in
1301 2849 1563 2913 Scripturis
