1910 3236
555 615 1266 671 INTRODUCTIO.

215 989 513 1049 NATURAM,
538 990 588 1038 id
611 1000 699 1049 est,
724 991 870 1049 illam,
895 1008 989 1055 qua
1026 990 1259 1038 mundum
1300 990 1437 1039 Deus
1473 1006 1588 1038 con-

214 1082 338 1131 didit
361 1090 410 1130 et
433 1084 690 1146 gubernat,
716 1083 929 1131 divinam
953 1091 1124 1141 artem,
1150 1092 1349 1131 eatenus
1373 1084 1590 1131 imitatur

214 1189 293 1223 ars
315 1175 542 1233 humana,
565 1184 622 1223 ut
644 1175 796 1239 possit
833 1176 958 1223 inter
999 1175 1094 1223 alia
1126 1175 1396 1239 producere
1438 1175 1589 1223 artifi-

215 1266 336 1315 ciale
359 1267 552 1315 animal.
622 1268 740 1315 Cum
778 1267 906 1315 enim
930 1266 1030 1314 vita
1051 1267 1170 1314 nihil
1195 1267 1326 1314 aliud
1358 1268 1420 1315 sit
1444 1284 1589 1331 quam

214 1367 408 1407 artuum
444 1368 620 1418 motus,
646 1360 783 1422 cujus
817 1357 1109 1422 principium
1144 1366 1219 1406 est
1256 1359 1503 1407 internum
1538 1360 1589 1407 in

214 1460 352 1516 parte
386 1452 547 1514 aliqua
580 1450 797 1514 corporis
830 1449 1101 1513 principali,
1148 1450 1265 1513 quid
1299 1451 1460 1499 obstat
1495 1467 1590 1515 quo

214 1542 372 1590 minus
417 1543 634 1591 dicamus
679 1550 929 1590 automata
974 1542 1151 1600 omnia,
1198 1542 1296 1590 sive
1343 1544 1590 1614 machinas

213 1650 382 1683 omnes
408 1651 521 1698 quae
562 1636 623 1682 ab
659 1634 846 1683 clastris
880 1634 1146 1697 rotulisque
1180 1634 1311 1682 intus
1346 1634 1590 1698 dispositis

213 1734 399 1790 motum
439 1728 638 1786 habent,
681 1734 737 1775 ut
775 1727 1045 1790 horologia,
1093 1726 1144 1774 in
1186 1726 1369 1790 seipsis,
1409 1727 1589 1776 habere

213 1819 362 1868 etiam
386 1820 687 1868 artificialem
709 1820 859 1867 vitam
879 1819 895 1866 ἓ
965 1818 1099 1868 Quid
1133 1827 1208 1866 est
1231 1835 1316 1867 cor
1338 1819 1433 1867 nisi
1469 1820 1590 1868 elas-

213 1919 360 1970 trum,
407 1911 523 1975 quid
563 1911 702 1959 nervi
736 1911 831 1958 nisi
867 1910 1079 1969 chordae,
1116 1910 1233 1973 quid
1268 1912 1462 1960 articuli
1498 1912 1590 1960 nisi

213 2003 421 2051 totidem
445 2004 620 2052 rotulae
645 2008 857 2063 motum,
876 2003 1066 2067 qualem
1097 2003 1250 2051 voluit
1283 2004 1473 2064 artifex,
1496 2005 1590 2053 toti

210 2097 403 2160 corpori
427 2097 761 2161 impertientes
782 2097 798 2144 Ρ
868 2098 1039 2160 Neque
1062 2096 1242 2144 animal
1266 2103 1458 2145 tantum
1480 2097 1588 2145 imi-

211 2196 345 2238 tatur
367 2207 460 2250 ars,
485 2190 570 2239 sed
611 2191 759 2239 etiam
796 2190 1147 2238 nobilissimum
1182 2188 1477 2248 animalium,
1501 2190 1589 2236 ho-

212 2283 407 2331 minem.
509 2283 720 2346 Magnus
780 2282 860 2330 ille
918 2281 1199 2339 Leviathan,
1256 2298 1364 2344 quae
1421 2282 1588 2329 civitas

212 2374 497 2439 appellatur,
523 2375 767 2438 opificium
791 2375 909 2422 artis
933 2382 1008 2422 est
1042 2382 1092 2421 et
1129 2373 1275 2421 homo
1310 2373 1587 2431 artificialis,

214 2482 491 2531 quanquam
512 2466 711 2515 homine
738 2465 966 2524 naturali,
989 2472 1191 2529 propter
1226 2466 1362 2527 cujus
1396 2471 1589 2527 protec-

213 2558 396 2607 tionem
420 2566 469 2607 et
491 2559 696 2607 salutem
720 2559 1024 2623 excogitatus
1040 2565 1127 2616 est,
1144 2565 1192 2605 et
1207 2558 1332 2605 mole
1348 2564 1396 2604 et
1414 2556 1587 2603 robore

216 2650 370 2699 multo
397 2651 568 2714 major.
639 2651 693 2699 In
737 2666 834 2713 quo
871 2650 930 2709 εἱς,
955 2649 1041 2714 qui
1064 2665 1291 2697 summam
1326 2646 1470 2695 habet
1493 2663 1587 2712 po-

215 2748 458 2802 testatem,
494 2759 583 2807 pro
608 2744 773 2791 anima
808 2750 896 2800 est,
921 2757 1096 2805 corpus
1134 2750 1291 2789 totum
1314 2740 1587 2787 vivificante

216 2841 267 2883 et
289 2843 544 2891 movente;
579 2836 910 2900 magistratus
946 2842 993 2882 et
1025 2834 1280 2898 prafeeti,
1315 2832 1587 2881 artificiales

348 2941 471 2975 voL.
498 2942 548 2974 v.
1420 2938 1449 2970 B

237 3049 286 3106 Ιίι
355 3098 367 3110 .
