1968 3236
412 290 506 341 278
732 301 799 333 DE
828 298 1080 333 elvrrA'rE
1108 298 1458 332 cnms'rlANA.

134 436 390 468 cmxx-xm„
411 414 461 461 id
481 414 648 471 sciant,
666 413 757 460 nisi
775 430 804 459 a
820 414 920 459 Deo
940 412 1043 474 ipso
1063 411 1490 472 supernaturaliter
1514 410 1776 458 revelatum

175 492 354 509 “W
413 497 553 546 esset,
572 488 860 552 impossibile
879 496 965 534 est.
1004 486 1336 535 Quaestionem
1350 487 1476 533 hanc
1499 496 1778 549 proponunt

133 530 177 558 De
189 539 317 564 numero,
331 540 378 558 an-

130 574 271 620 tiquimte,
283 583 376 623 ὅσους).
413 566 492 612 alii
511 566 600 611 sic:
627 580 712 610 cur
729 563 970 610 credimus
987 562 1281 626 Scripturas
1300 579 1406 609 esse
1424 561 1616 609 verbum
1633 562 1734 610 Dei
1747 565 1776 610 2

131 616 394 697 Zssssffiiss’iiffi
411 641 487 687 cui
519 639 786 701 quaestioni,
812 638 938 700 quia,
970 645 1024 684 ut
1056 637 1106 684 id
1130 636 1329 684 credant
1357 637 1532 684 diversi
1559 638 1779 686 homines

132 711 196 731 “¹¹¹¹
209 712 361 731 mmmm·
408 723 604 778 propter
628 730 794 760 causas
819 713 1029 760 diversas
1053 712 1364 770 inducuntur,
1390 712 1636 775 responsio
1670 713 1778 760 uni-

408 789 600 837 versalis
626 789 728 836 dari
752 805 847 836 non
871 796 1045 851 potest.
1123 787 1415 835 Quaestionis
1449 794 1600 835 status
1634 803 1777 836 verus

407 869 484 915 hic
520 875 618 914 est:
657 884 755 930 qua
791 866 1095 913 authoritate
1133 865 1406 930 Scripturae
1441 866 1612 913 Sacroe
1642 867 1779 928 fiunt

406 943 558 1007 leges.

472 1018 722 1066 Quatenus
740 1034 840 1065 non
862 1017 1088 1064 differunt
1108 1016 1368 1079 Scripturae
1387 1032 1417 1063 a
1434 1015 1618 1080 legibus
1635 1024 1777 1064 natu-

403 1110 485 1150 rae,
511 1094 705 1140 dubium
732 1109 830 1140 non
854 1101 926 1140 est
950 1093 1066 1156 quin
1091 1093 1188 1140 sint
1210 1092 1341 1155 leges
1378 1092 1483 1150 Dei,
1508 1092 1771 1140 authorita-

402 1177 594 1231 temque
610 1169 788 1215 habent
803 1169 1038 1226 omnibus,
1054 1168 1137 1231 qui
1152 1167 1339 1215 ratione
1357 1167 1565 1215 naturali
1583 1168 1778 1231 praediti

403 1252 530 1303 sunt,
545 1244 862 1292 manifestam.
934 1245 1030 1292 Sed
1047 1243 1314 1292 authoritas
1335 1244 1439 1291 haec
1464 1243 1559 1290 alia
1580 1259 1679 1291 non
1702 1251 1778 1291 est

404 1336 547 1382 quam
573 1336 681 1382 quae
706 1319 939 1368 doctrinae
962 1320 1094 1368 omni
1116 1319 1303 1378 morali,
1328 1319 1368 1367 si
1391 1334 1506 1366 vera
1536 1319 1615 1378 sit,
1639 1318 1776 1367 attri-

402 1395 594 1442 buenda
617 1403 704 1442 est.

470 1471 522 1518 Si
566 1471 697 1535 leges
744 1488 772 1518 a
820 1471 926 1518 Deo
972 1471 1076 1534 ipso
1111 1470 1254 1518 factae
1289 1470 1399 1529 sint,
1435 1486 1610 1533 nempe
1644 1469 1776 1533 leges

405 1547 577 1594 divinae
610 1547 844 1610 positivae,
880 1546 1012 1594 nulla
1049 1546 1308 1594 accedente
1348 1545 1642 1593 authoritate
1685 1545 1776 1592 hu-

405 1637 560 1679 mana,
586 1622 677 1669 illis
717 1622 829 1670 solis
859 1622 989 1685 leges
1021 1628 1148 1679 sunt,
1175 1621 1346 1684 quibus
1382 1621 1511 1668 Deus
1546 1621 1673 1684 ipsas
1706 1620 1778 1668 ita

404 1697 741 1759 promulgavit,
769 1705 824 1744 ut
857 1697 990 1744 nulla
1023 1696 1118 1744 illis
1154 1712 1242 1759 per
1275 1695 1598 1759 ignorantiam
1633 1695 1777 1743 relin-

407 1779 580 1834 quatur
594 1772 854 1819 excusatio.

471 1847 545 1894 Illi
577 1847 739 1910 igitur,
764 1848 933 1909 quibus
958 1847 1089 1895 Deus
1114 1863 1212 1895 non
1238 1846 1469 1895 revelavit
1492 1853 1776 1910 supernatu-

405 1925 583 1983 raliter,
604 1925 734 1987 quod
756 1925 1016 1988 Scripturae
1040 1926 1099 1973 ab
1114 1925 1196 1973 illo
1217 1932 1344 1984 sunt,
1362 1925 1438 1973 vel
1454 1940 1551 1983 eos,
1576 1925 1659 1988 qui
1672 1924 1777 1973 illas

403 2000 684 2063 praedicant,
709 2000 768 2047 ab
793 2016 849 2047 eo
865 2001 1039 2048 missos
1059 2016 1178 2059 esse,
1193 2000 1339 2060 nulla,
1353 2009 1410 2048 ut
1428 2016 1508 2048 eas
1523 2000 1776 2064 recipiant,

403 2075 694 2123 authoritate
719 2075 1009 2137 obligantur,
1034 2084 1355 2139 praeterquam
1391 2077 1509 2140 ejus,
1533 2075 1617 2140 qui
1647 2091 1775 2124 sum-

402 2166 528 2197 mam
553 2150 697 2196 habet
720 2150 769 2196 in
795 2149 990 2197 civitate
1015 2158 1322 2213 potestatem.
1371 2151 1419 2199 Is
1435 2151 1562 2198 enim
1585 2150 1776 2214 legisla-

402 2234 479 2273 tor
513 2225 640 2272 solus
672 2233 759 2271 est.
830 2225 1031 2283 Rursus,
1057 2227 1095 2273 si
1131 2226 1397 2274 authoritas
1434 2226 1642 2274 civitatis
1676 2241 1775 2274 non

401 2301 478 2358 sit,
499 2316 606 2362 quae
627 2299 897 2361 Scripturas
921 2299 1037 2348 facit
1061 2317 1164 2349 esse
1187 2302 1333 2365 leges,
1359 2301 1654 2349 authoritate
1687 2300 1775 2348 ali·
1949 2325 1968 2365 ,4

402 2391 497 2438 qua
518 2374 625 2430 alia,
651 2374 725 2421 vel
749 2374 938 2437 privata
961 2376 1037 2423 vel
1062 2377 1268 2439 publica,
1287 2377 1338 2424 id
1352 2378 1449 2425 fiet.
1500 2376 1551 2424 Si
1567 2376 1773 2440 privata,

400 2452 439 2498 is
476 2450 603 2498 solus
644 2449 706 2496 ad
752 2449 1076 2497 obedientiam
1123 2459 1334 2509 tenetur,
1370 2452 1448 2500 cui
1493 2452 1623 2499 Deus
1669 2451 1773 2499 illas

399 2523 826 2588 supernaturaliter
847 2540 935 2586 pro
953 2524 1138 2587 legibus
1159 2526 1374 2575 dictavit.
1445 2527 1570 2574 Nam
1590 2527 1630 2574 si
1647 2542 1773 2574 unus

399 2600 599 2663 quisque
623 2614 712 2662 pro
730 2598 915 2662 legibus
937 2599 1110 2647 divinis
1125 2601 1302 2650 habere
1321 2603 1616 2666 obligaretur
1638 2602 1774 2666 quic-

398 2676 514 2738 quid
537 2674 723 2737 aliquis,
741 2681 980 2737 praetextu
1004 2675 1333 2738 inspirationis
1355 2678 1431 2726 vel
1449 2677 1771 2735 revelationis,

398 2750 700 2803 obtruderet;
738 2749 788 2796 in
805 2756 944 2797 tanto
959 2749 1210 2798 hominum
1224 2767 1426 2801 numero
1440 2769 1528 2816 per
1541 2767 1771 2816 arrogan-

397 2826 512 2872 tiam
541 2825 615 2872 vel
639 2824 965 2888 ignorantiam
990 2825 1188 2884 somnia,
1213 2827 1567 2889 phantasmata,
1590 2827 1771 2876 insani-

398 2916 568 2963 amque
592 2915 679 2962 pro
696 2899 902 2962 Spiritus
925 2899 1087 2947 Divini
1110 2900 1399 2951 testimoniis
1413 2902 1767 2967 accipientium,
