1968 3236
462 264 533 298 ΒΕ
561 264 818 298 elvl'rA'rE
846 264 1201 300 CHRISTIANA.
1426 255 1523 299 403

137 374 200 423 ab
235 375 467 424 exercitio
508 376 678 424 talium
716 376 1024 425 functionum
1058 393 1110 426 se
1149 376 1403 435 abstinuit,
1438 376 1525 424 sed
1558 400 1790 432 mann,

137 449 287 498 etiam
309 466 472 498 rerum
495 451 934 500 ecclesiasticarum
958 468 1126 500 curam
1148 451 1415 515 diplomate
1437 467 1525 499 suo
1579 454 1771 534 me

137 525 476 589 episcoporum
511 526 852 574 convocationi
883 543 982 575 una
1004 543 1117 575 cum
1139 526 1308 591 paucis
1332 526 1526 575 consili-
1575 539 1779 568 urle-iusum

137 601 253 650 ariis
276 601 378 650 suis
401 609 557 650 totam
583 603 843 650 commisit.

203 677 282 726 Ab
304 677 397 726 hac
414 678 539 740 juris
554 678 709 726 civilis
732 687 783 726 et
801 678 1117 727 ecclesiastici
1140 677 1525 726 consolidatione

136 760 428 817 potestatem
442 754 627 802 habent
647 770 785 817 reges
802 754 1070 801 Christiani
1084 755 1134 802 in
1154 753 1376 802 subditos
1393 769 1523 810 suos,

135 836 239 877 tam
261 829 311 876 in
335 829 482 877 rebus
505 829 569 877 ad
592 829 878 892 religionem
904 846 1050 892 quam
1073 830 1135 877 ad
1159 829 1381 892 politiam
1414 844 1524 892 per-

136 904 426 960 tinentibus,
452 914 685 968 quantam
723 905 869 953 homo
910 905 1095 953 homini
1131 921 1279 968 super
1314 905 1526 967 seipsum

136 979 256 1028 dare
279 986 458 1043 potest.
530 980 694 1028 Potest
717 996 834 1044 ergo
858 981 915 1039 is,
941 980 1041 1028 sive
1065 981 1210 1028 homo
1229 980 1331 1028 sive
1356 987 1526 1038 coetus,

136 1054 223 1118 qui
254 1070 497 1103 summam
519 1055 668 1104 habet
690 1065 1004 1119 potestatem,
1034 1072 1199 1104 rerum
1233 1055 1528 1104 ecclesiasti-

136 1146 308 1178 oernm
343 1147 475 1178 curae
498 1132 750 1194 praeficere
773 1133 824 1180 in
847 1131 1027 1185 domiti
1035 1134 1076 1180 is
1100 1133 1215 1190 suis,
1235 1132 1276 1180 si
1299 1131 1527 1188 voluerit,

136 1212 194 1253 ut
215 1205 267 1253 in
289 1205 511 1269 plurimis
535 1205 655 1254 locis
678 1206 825 1254 hodie
853 1207 962 1255 fieri
998 1207 1258 1265 cernimus,
1281 1206 1529 1254 hominem

135 1288 412 1328 externum.
507 1280 604 1328 Sed
629 1281 669 1328 is
693 1281 778 1344 qui
801 1281 872 1329 sie
906 1282 1191 1345 praeficitur,
1213 1283 1336 1344 jure
1373 1281 1527 1338 civili,

137 1372 238 1404 non
261 1357 385 1418 jure
408 1356 592 1415 divino,
617 1357 776 1406 officio
809 1374 898 1406 suo
933 1358 1189 1422 fungitur;
1226 1366 1276 1406 et
1306 1357 1527 1421 proinde,

136 1431 329 1495 quoties
360 1431 492 1480 bono
532 1433 730 1495 publico
765 1433 1031 1496 expedibit,
1062 1433 1237 1482 eodem
1267 1434 1394 1496 jure,
1430 1449 1529 1496 quo

137 1507 400 1571 praefectus
415 1516 537 1565 erat,
556 1507 735 1571 deponi
752 1524 920 1556 rursus
939 1517 1115 1572 potest.
1171 1509 1339 1557 Potest
1362 1507 1527 1565 etiam,

136 1582 226 1646 qui
247 1598 486 1630 summam
509 1582 657 1630 habet
679 1592 992 1647 potestatem,
1019 1585 1270 1648 religionis
1296 1600 1530 1648 procura-

138 1657 327 1706 tionem
344 1658 431 1706 uni
454 1674 514 1706 ex
529 1658 716 1706 civibus
731 1659 808 1707 vel
828 1659 1011 1707 civium
1036 1660 1188 1708 coetui
1204 1660 1528 1717 committere,

138 1733 184 1782 si
206 1734 432 1792 voluerit,
450 1742 841 1799 potoetatemque
866 1735 936 1783 illi
958 1735 1076 1783 dare
1095 1757 1109 1791 ;
1143 1735 1222 1783 vel
1245 1735 1400 1783 titulis
1420 1750 1530 1799 pas-

136 1816 287 1868 tores,
309 1809 487 1873 quibus
508 1810 629 1868 vult,
665 1826 857 1868 ornare,
892 1818 943 1858 et
975 1811 1107 1859 circa
1138 1827 1310 1859 eornm
1345 1826 1530 1858 merce-

139 1883 257 1933 dem
279 1891 332 1932 et
350 1883 585 1932 alimenta
606 1885 740 1948 leges
771 1886 1071 1934 constituere
1112 1902 1234 1950 quas
1264 1885 1357 1949 ipsi
1394 1885 1529 1933 vide-

140 1958 309 2015 bitur3
344 1959 490 2008 modo
513 1961 647 2024 quod
666 1961 801 2020 facit,
827 1977 888 2009 ex
911 1962 1104 2011 sincera
1126 1961 1443 2019 conscientia,
1469 1960 1530 2008 de

141 2050 243 2098 qua
274 2034 467 2098 judicat
501 2035 632 2083 solus
668 2036 817 2095 Deus,
856 2038 1211 2101 proficiscatur.
1298 2035 1531 2099 Ejusdem

141 2109 291 2157 etiam
314 2119 404 2169 est,
430 2110 794 2175 Scripturarnm
813 2114 1073 2162 Saorarum
1096 2115 1391 2177 interpretes
1414 2129 1530 2161 con-

142 2184 363 2242 stituere,
380 2194 438 2233 ut
460 2187 597 2248 cujus
619 2188 918 2237 authoritate
936 2190 1061 2238 fiunt
1082 2190 1230 2253 leges,
1299 2187 1529 2251 Ejusdem

142 2259 294 2307 etiam
317 2268 408 2317 est,
431 2264 1015 2313 excommunicationibus
1043 2266 1142 2313 vim
1173 2271 1409 2328 praestare
1441 2278 1531 2325 per

145 2334 279 2397 leges
301 2350 413 2382 suas
434 2335 681 2398 poenales;
715 2338 893 2401 quibus
927 2340 1145 2389 libertini
1176 2338 1408 2387 obstinati
1440 2337 1531 2385 hu-

145 2409 339 2468 miliari,
363 2418 415 2457 et
434 2409 501 2458 ad
522 2412 753 2462 unionem
777 2430 888 2462 cum
913 2417 1119 2464 ecclesia
1137 2414 1301 2463 reduci
1326 2412 1532 2476 possint.

147 2485 446 2533 Potoetatem
466 2484 674 2549 denique
689 2488 741 2536 in
757 2490 903 2538 rebus
919 2492 1158 2548 omnibuS‚
1173 2499 1277 2538 tum
1292 2487 1531 2546 civilibus,

145 2568 253 2608 tum
289 2559 646 2620 ecclesiasticis,
677 2573 918 2626 quatenns
950 2566 1014 2614 ad
1045 2566 1264 2614 actiones
1300 2571 1350 2610 et
1384 2563 1534 2611 verba

145 2635 342 2694 attinet,
366 2650 603 2684 summam
634 2636 799 2687 habet.
868 2642 1100 2689 Actiones
1136 2640 1267 2688 enim
1300 2646 1351 2685 et
1384 2638 1535 2686 verba

149 2718 344 2758 tantum
368 2711 618 2773 cognosci,
636 2720 688 2760 et
702 2714 765 2762 ab
781 2714 1061 2764 hominibus
1077 2713 1297 2764 accusari
1312 2722 1532 2775 possunt.

150 2786 334 2834 Eorum
360 2794 542 2844 antem,
565 2802 676 2850 quae
709 2792 929 2839 accusari
962 2793 1024 2840 ab
1059 2791 1257 2840 homine
1291 2804 1392 2836 non
1421 2805 1534 2852 pos-

146 2870 280 2920 sunt,
296 2859 451 2924 judex
473 2861 673 2911 omnino
696 2873 876 2927 praeter
898 2867 1057 2915 Deum
1080 2867 1241 2915 nullus
1265 2871 1353 2911 est.

1225 2957 1258 2989 n
1279 2954 1314 2987 n
1334 2958 1355 2988 2
