1968 3236
509 211 580 245 DE
607 212 866 247 cwrrxrn
893 214 1253 248 cnms‘ruNA.
1476 206 1567 254 411

183 320 362 370 bibetis
385 322 448 370 ad
481 338 699 371 mensam
735 341 909 382 meam,
933 334 983 374 et
1015 325 1245 374 sedebitis
1267 341 1414 390 super
1435 326 1572 374 thro·
1605 355 1709 387 eff,
1725 354 1839 388 xm,

183 413 292 456 nos,
303 398 583 462 judicantes
603 401 759 448 tribus
780 401 1014 449 Israelis.”
1052 402 1278 465 Regnum
1296 409 1462 450 autem
1478 401 1574 449 hoc
1630 409 1817 430 ““·“-”

184 474 420 538 sanguine
467 474 647 522 Christi
695 485 746 524 et
784 485 1053 540 martyrum
1092 478 1197 540 ejus
1234 476 1573 525 redimendum
1624 456 1830 528 Ξῖιῖζιῗιῖῗ

185 558 308 598 erat.
342 550 467 598 Tum
492 550 714 598 Christus
733 551 796 599 ad
820 552 869 599 S.
897 552 1094 600 Petrum
1118 567 1400 611 conversus,
1423 552 1575 600 verba

185 624 270 673 illa
292 641 440 689 supra
473 626 625 674 citata
657 627 1007 690 pronuntiavit,
1045 628 1228 686 Simon,
1254 627 1437 686 Simon,
1461 634 1575 682 etc:

186 701 362 765 quibus
416 702 724 766 significabat
772 704 1003 751 Satanam
1045 703 1277 767 apostolis
1317 703 1575 767 praesentis

185 777 548 835 dominationis,
588 795 684 842 quo
719 779 865 827 fidem
898 796 1069 827 eorum
1093 779 1154 827 de
1188 795 1342 842 regno
1365 787 1575 827 venturo

186 853 481 911 debilitaret,
502 870 637 917 spem
660 855 754 903 illis
777 855 1076 918 suggessisse
1100 876 1112 909 ;
1137 863 1390 918 precatum
1411 862 1575 903 autem

186 945 292 978 aese
314 945 367 977 se
389 945 479 992 pro
496 930 656 987 Petro,
673 946 734 977 ne
755 930 882 978 illius
899 930 1020 978 fides
1039 930 1270 978 deficeret
1287 950 1300 984 ;
1324 930 1575 994 illumque,

186 1005 272 1069 qui
294 1005 442 1053 sciret
464 1021 670 1068 regnum
694 1006 787 1054 Dei
810 1023 910 1054 non
934 1022 1039 1054 esse
1073 1022 1134 1054 ex
1167 1006 1261 1054 hoc
1296 1005 1496 1064 mundo,
1518 1013 1577 1053 ut

184 1080 362 1129 fiatres
402 1097 515 1129 suos
555 1082 606 1128 in
647 1082 817 1130 eadem
862 1082 1319 1148 fidexconfirmaret
1357 1082 1574 1145 jussisse.

186 1157 351 1219 Atque
373 1173 431 1205 eo
456 1157 604 1205 etiam
627 1158 839 1220 pertinet
864 1158 1147 1222 resansum
1163 1158 1296 1206 Petri
1308 1158 1572 1219 (vers.33):

187 1233 410 1291 Domine,
438 1240 663 1298 paratus
703 1249 807 1281 sum
843 1241 997 1281 tecum
1034 1233 1112 1280 ire
1152 1233 1203 1280 in
1237 1248 1489 1281 carcerem
1524 1239 1577 1280 et

186 1308 261 1357 ad
279 1316 496 1356 mortem.
555 1309 877 1358 Manifestum
901 1325 1018 1373 ergo
1042 1324 1103 1357 ex
1119 1308 1341 1357 hocloco
1367 1316 1458 1366 est,
1473 1324 1573 1356 non

186 1383 343 1432 solum
379 1385 428 1432 S.
455 1385 600 1432 Petro
635 1385 818 1432 nullam
853 1384 1019 1432 datam
1054 1399 1175 1442 esse,
1214 1383 1301 1431 sed
1338 1383 1487 1431 etiam
1521 1383 1573 1431 in

186 1459 430 1507 mandatis
464 1460 707 1518 habuisse,
743 1469 798 1509 ut
832 1469 1036 1509 caeteros
1070 1460 1317 1523 apostolos
1353 1459 1569 1517 doceret,

181 1535 569 1598 jurisdictionem
595 1536 689 1584 illis
714 1536 928 1584 debitam
966 1552 1068 1584 non
1093 1551 1214 1584 esse.
1284 1535 1460 1598 Neque
1481 1551 1574 1599 pro

187 1610 238 1659 S.
264 1611 411 1669 Petri,
435 1612 487 1659 in
511 1612 752 1660 sententia
774 1612 976 1660 ferenda
1000 1611 1061 1659 de
1083 1611 1303 1659 articulis
1338 1610 1469 1669 fidei,
1502 1611 1576 1659 in-

183 1685 479 1735 fallibilitate
525 1695 757 1751 operatur
802 1687 1065 1751 quicquam
1099 1686 1341 1734 adductus
1375 1693 1573 1742 textus3

185 1762 341 1811 multo
355 1763 516 1811 minus
529 1779 620 1827 pro
635 1763 981 1811 infallibilitate
995 1778 1331 1811 successorum
1348 1763 1469 1825 ejus,
1485 1761 1573 1809 sed

183 1838 347 1902 potius
387 1847 574 1896 contra,
608 1847 869 1903 propterea
908 1838 1041 1902 quod
1081 1838 1262 1886 dicitur
1306 1837 1358 1885 in
1393 1837 1574 1901 plurali

185 1917 218 1939 “
235 1914 450 1962 cribrare
484 1915 610 1979 petit
642 1915 775 1973 vos,”
825 1915 910 1963 sed
946 1914 1259 1978 singulariter
1296 1917 1326 1938 “
1341 1920 1574 1976 precatus

186 2005 296 2038 sum
315 2006 407 2054 pro
430 1991 525 2038 te.’'

252 2065 410 2114 Locus
437 2066 678 2114 secundus
709 2075 785 2115 est
806 2065 1091 2114 Matth.xvi.
1106 2070 1188 2113 18:
1214 2063 1287 2111 Tu
1303 2079 1356 2111 es
1370 2063 1573 2122 Petrus,

185 2146 235 2188 et
258 2156 410 2204 super
426 2141 554 2189 hanc
567 2148 773 2206 petram
792 2141 1052 2205 aedg‘fi'cabo
1088 2156 1243 2189 meam
1271 2138 1536 2187 ecclesiam
1554 2157 1572 2186 :

186 2222 236 2263 et
261 2222 429 2279 portae
459 2216 728 2280 irgferorum
753 2233 847 2265 non
874 2215 1224 2282 praevalebunt
1247 2221 1425 2262 contra
1447 2230 1572 2261 eam.

189 2291 332 2339 Unde
355 2291 562 2355 amplius
584 2292 753 2340 inferri
783 2293 906 2341 nihil
935 2300 1114 2356 potest,
1148 2300 1205 2339 ut
1237 2290 1459 2353 superius
1495 2305 1573 2337 os-

187 2375 380 2415 tensum
403 2374 494 2425 oet,
530 2384 676 2431 quam
699 2368 831 2432 quod
853 2378 1028 2418 contra
1062 2367 1194 2416 Petri
1217 2364 1574 2413 confessionem

187 2442 337 2500 illam,
371 2442 522 2491 Jem
554 2450 632 2491 est
670 2443 902 2493 Christus
927 2444 1077 2508 filius
1112 2442 1229 2499 Dei,
1263 2448 1420 2504 portae
1453 2440 1573 2488 infe-

188 2533 354 2566 rorum
378 2534 478 2566 non
499 2519 849 2582 praevalebunt.

252 2594 437 2641 Textus
476 2594 652 2642 tertius
685 2604 760 2643 aet
796 2612 856 2644 ex
891 2595 1004 2644 Joh.
1039 2593 1138 2642 xxi.
1172 2597 1245 2649 16,
1278 2593 1336 2644 17
1359 2608 1371 2637 ε
1408 2589 1574 2638 Pasce

187 2684 301 2717 oves
324 2685 475 2717 mea-5.
512 2670 624 2718 Hoc
646 2678 811 2719 autem
832 2687 933 2719 non
949 2667 1234 2733 imperandi,
1252 2665 1339 2714 sed
1357 2664 1567 2713 docendi

188 2744 472 2792 mandatum
489 2753 562 2793 est
581 2766 593 2799 ;
628 2745 774 2810 idque
796 2745 985 2795 tamdiu
1003 2751 1212 2799 tantum,
1233 2739 1467 2804 quamdiu
1484 2756 1572 2788 rex

189 2820 493 2868 Christianus
510 2837 610 2869 non
628 2830 769 2880 esset,
785 2822 868 2885 qui
885 2827 1176 2884 potestatem
1191 2817 1324 2865 illam
1338 2816 1573 2879 potestati
