1968 3236
151 363 251 396 CAP.
279 364 411 398 XLIII.

194 420 374 440 -q-*ae

150 463 194 491 De
203 464 317 502 iis,quae
324 465 360 493 ad
371 474 411 493 re-

149 508 306 544 ceptionem
314 509 343 536 in
352 517 411 546 reg-

148 558 218 578 num
238 551 378 579 coelorum

148 597 217 621 sunt
230 595 397 623 necessaria.

430 222 526 266 438
751 233 820 266 DE
848 231 1103 265 cwt'rA'rE
1131 231 1486 266 CHRISTIANA.

428 350 562 392 turas
598 344 769 391 Sacras
792 344 991 390 verbum
1024 343 1115 390 Dei
1150 358 1252 390 esse
1289 343 1546 402 credimus,
1571 342 1808 406 disputari

429 420 566 477 solet,
592 419 998 481 quemadmodum
1020 419 1345 466 necessarium
1372 428 1446 467 est
1478 419 1684 466 multum
1709 419 1807 467 dis-

427 495 588 557 putari
608 495 897 557 quaestiones
916 494 1037 552 illas,
1057 511 1165 558 quae
1180 511 1279 542 non
1298 504 1432 543 recte
1450 501 1804 558 proponuntur.

429 571 540 617 Non
578 571 703 617 enim
744 570 980 632 quae‘runt‚
1007 587 1096 617 cur
1129 571 1391 630 eredimuS,
1417 571 1516 629 sed,
1542 571 1671 619 unde
1708 571 1807 619 sci-

428 662 530 692 mus
546 664 564 700 ;
611 645 748 708 quasi
791 645 919 692 idem
957 654 1082 693 esset
1123 646 1332 693 credere
1369 653 1418 694 et
1459 646 1607 694 scire.
1677 646 1807 694 Dum

428 736 542 783 ergo
567 737 677 783 pars
701 721 851 768 altera
875 722 1127 768 scientiam
1152 738 1290 769 suam
1323 722 1564 770 deducere
1601 730 1809 770 conatur

427 796 486 843 ab
503 796 843 843 infallibilitate
861 796 1091 854 ecclesiae,
1102 797 1253 844 altera
1270 813 1299 844 a
1315 797 1593 845 testimonio
1609 797 1808 860 spiritus

426 871 499 918 sui
529 872 718 934 privati,
743 887 854 934 pars
894 879 1069 919 neutra
1100 871 1150 919 id
1185 872 1316 934 quod
1339 873 1444 920 vult
1466 873 1658 935 probat.
1728 873 1808 921 In-

425 947 686 994 fallibilitas
710 947 839 994 enim
863 947 1094 1006 ecclesiae,
1119 947 1213 994 nisi
1239 947 1602 1011 Scripturarum
1623 948 1804 996 infalli-

425 1022 611 1069 bilitate
651 1022 784 1085 prius
820 1023 1031 1085 cognita,
1065 1022 1177 1070 sciri
1201 1039 1300 1070 non
1323 1030 1499 1086 potest.
1571 1024 1806 1087 Spiritum

427 1104 588 1144 autem
608 1114 747 1145 suum
770 1098 1015 1161 privatum
1040 1099 1147 1162 quis
1172 1099 1417 1162 dignoscit
1440 1115 1469 1146 a
1492 1099 1668 1162 spiritu
1690 1099 1807 1147 doc-

425 1181 586 1220 torum
621 1189 826 1229 morum,
851 1190 1058 1236 quorum
1100 1174 1395 1222 authoritate
1433 1174 1643 1234 ducitur,
1666 1175 1744 1223 vel
1775 1191 1808 1223 a

425 1249 597 1311 spiritu
620 1249 946 1312 arrogantiae?
1017 1251 1273 1307 Praeterea,
1294 1250 1344 1297 in
1371 1250 1650 1313 Scripturis,
1673 1250 1806 1299 unde

425 1325 639 1373 ecclesiae
659 1325 973 1373 infallibilitas
998 1325 1166 1373 inferri
1189 1326 1360 1389 possit,
1384 1325 1507 1373 nihil
1529 1326 1806 1382 invenitur;

424 1400 576 1447 multo
600 1401 775 1458 minus,
800 1401 1116 1448 infallibilitas
1148 1401 1360 1448 ecclesiae
1386 1402 1670 1465 cujusquam
1693 1417 1805 1466 par-

423 1475 637 1523 ticularis
659 1497 669 1530 ;
707 1483 755 1523 et
779 1476 976 1523 minime
1001 1476 1232 1535 omnium,
1258 1477 1466 1524 hominis
1489 1477 1682 1540 privati.

491 1550 804 1597 Manifestum
837 1567 953 1613 ergo
988 1560 1077 1610 est,
1110 1551 1332 1599 homiues
1368 1551 1669 1600 Christianos
1705 1568 1804 1601 non

423 1625 555 1671 seire
581 1626 854 1688 Scripturas
889 1643 991 1674 esse
1015 1628 1216 1674 verbum
1241 1627 1348 1685 Dei,
1373 1627 1458 1675 sed
1481 1634 1672 1675 tantum
1695 1643 1805 1676 cre-

424 1699 544 1747 dere
566 1701 635 1748 ita
659 1716 792 1756 esse3
829 1710 878 1749 et
914 1719 1109 1750 eausam
1139 1703 1232 1750 illis
1257 1702 1487 1750 credendi
1510 1703 1806 1766 frequentis-

423 1775 592 1823 simam
634 1792 737 1823 esse
778 1777 1002 1826 doctores
1041 1794 1169 1826 suos.
1241 1779 1350 1826 Hoc
1393 1778 1513 1826 dicit
1549 1779 1597 1826 S.
1625 1778 1805 1828 Paulus

427 1851 587 1911 (Rom.
613 1869 659 1899 x.
691 1854 764 1914 17)
792 1853 1128 1902 universaliter
1152 1853 1212 1901 de
1230 1853 1327 1901 fide
1347 1853 1638 1913 Christiana,
1659 1854 1804 1916 fides

423 1933 499 1973 est
533 1944 594 1974 ex
633 1928 840 1983 auditu;
877 1937 927 1976 et
966 1930 1108 1992 (vers.
1142 1936 1216 1988 14,
1249 1930 1327 1992 15)
1365 1930 1600 1994 quomodo
1639 1937 1806 1979 autem

424 2002 642 2061 credent,
668 2003 729 2050 de
747 2020 840 2068 quo
866 2022 957 2052 non
981 2005 1250 2053 audierunt
1267 2009 1296 2054 ?
1370 2005 1618 2061 Quomodo
1642 2012 1804 2054 autem

422 2076 625 2125 audient
648 2078 752 2125 sine
766 2080 1087 2142 proedicante
1105 2084 1132 2129 ,9
1206 2080 1453 2137 Quomodo
1477 2087 1640 2128 autem
1665 2097 1803 2146 proe-

425 2151 674 2211 dicabunt,
698 2154 796 2202 nisi
819 2155 920 2202 sint
944 2156 1082 2203 missi
1097 2160 1124 2204 ,9
1162 2157 1235 2203 Ex
1259 2172 1354 2219 quo
1377 2156 1688 2220 perspicuum
1712 2164 1803 2217 est,

423 2243 616 2275 causam
639 2229 868 2277 credendi
901 2231 1175 2294 Scripturas
1207 2247 1310 2279 esse
1327 2232 1530 2280 verbum
1555 2231 1663 2292 Dei,
1687 2248 1804 2281 ean-

423 2301 530 2349 dem
570 2319 688 2362 esse,
726 2312 924 2368 propter
960 2322 1106 2368 quam
1143 2307 1385 2355 eredimus
1421 2307 1651 2356 articulos
1681 2307 1805 2356 alios

423 2392 604 2437 omnes,
630 2395 818 2443 nempe,
850 2381 979 2444 quod
1004 2398 1085 2429 eos
1115 2383 1354 2442 audimus,
1381 2383 1464 2446 qui
1491 2383 1599 2447 lege
1623 2384 1806 2432 consti-

422 2452 516 2498 tuti
534 2463 661 2512 sunt,
678 2454 728 2502 id
753 2463 840 2514 est,
857 2456 987 2504 domi
1006 2467 1246 2520 parentes,
1262 2458 1314 2506 in
1333 2458 1549 2507 ecclesiis
1565 2466 1801 2523 pastores,

421 2534 477 2573 ut
498 2542 587 2575 nos
611 2529 834 2578 doceant.
905 2531 1142 2580 Quaenam
1182 2533 1310 2580 enim
1348 2549 1495 2581 causa
1528 2533 1620 2581 alia
1662 2533 1802 2582 reddi

422 2610 596 2663 potest,
622 2620 769 2667 quare
803 2606 852 2653 in
885 2607 1163 2655 civitatibus
1190 2608 1498 2667 Christianis,
1524 2609 1801 2673 Scripturas

422 2691 524 2723 esse
538 2679 737 2727 verbum
759 2681 848 2729 Dei
872 2697 1040 2730 omnes
1065 2682 1282 2742 credant,
1302 2684 1379 2732 vel
1403 2684 1577 2732 saltem
1600 2684 1800 2734 credere

423 2765 473 2796 se
513 2754 864 2814 profiteantur3
911 2757 961 2804 in
998 2758 1276 2806 civitatibus
1318 2760 1523 2819 caeteris,
1558 2760 1640 2808 vix
1672 2776 1800 2810 unus

423 2833 506 2872 aut
540 2826 692 2885 alter;
728 2831 821 2879 nisi
857 2831 989 2895 quod
1027 2832 1077 2880 in
1113 2833 1387 2882 civitatibus
1425 2834 1714 2884 Christianis
1737 2836 1811 2885 ab.
