1910 3236
661 213 733 246 nn
760 211 1004 247 nomam.
1432 199 1522 242 109

139 333 195 374 ut
228 325 440 390 pretium
475 324 825 389 redemptionis
858 333 969 388 post
996 323 1170 380 solvat,
1193 321 1381 370 solvere
1404 320 1527 367 obli·
1566 343 1670 376 cm».
1691 343 1789 375 xw,

138 408 299 465 gatur.
368 400 529 448 Etiam
564 400 791 464 princeps
832 417 944 448 cum
985 398 1206 462 principe
1244 396 1447 444 fortiore
1487 395 1528 442 si
1547 398 1795 478 Dem-

138 492 310 541 pacem
334 476 692 524 incommodam
725 485 860 524 metu
882 475 1067 532 fecerit,
1087 474 1344 522 observare
1367 471 1528 529 debet,
1546 484 1728 520 mislessibus
1746 493 1796 512 ιιι

140 551 252 610 nisi,
275 560 332 599 ut
354 550 689 614 supradictum
715 561 804 606 est,
829 568 975 598 causa
997 550 1158 613 aliqua
1180 565 1307 596 nova
1323 556 1374 596 ct
1399 548 1531 612 justa
1546 527 1796 600 ζῖῗέἷζῖὲζζὼ

140 626 344 683 oriatur,
369 642 478 689 quae
502 636 716 675 excuset.
771 628 894 675 Item
919 627 968 674 in
993 626 1207 682 civitate,
1227 625 1269 672 si
1290 640 1320 672 a
1342 624 1533 671 latrone

140 702 292 751 vitam
338 702 575 750 redimere
612 703 851 766 promissa
890 701 1098 765 pecunia
1140 707 1337 748 coactus
1376 699 1532 756 fuero,

141 776 422 842 praestanda
457 778 667 840 pecunia
701 787 791 835 est,
824 778 917 825 nisi
957 777 1036 824 lex
1068 772 1222 824 civilis
1259 775 1533 839 prohibeat.

144 852 392 917 Quicquid
406 853 536 900 enim
556 852 717 900 facere
732 853 922 901 licitum
940 860 1014 900 est
1036 868 1137 900 non
1156 851 1390 915 obligato,
1405 850 1536 898 idem

141 928 276 977 licite
300 928 482 992 pacisci
501 944 701 991 possum
724 937 925 992 propter
946 936 1148 975 metum.
1199 926 1346 975 Quod
1368 934 1535 974 autem

147 1003 338 1053 licitum
364 1012 440 1051 est
462 1004 660 1067 pacisci,
685 1004 910 1051 illicitum
933 1011 1008 1051 est
1030 1019 1129 1050 non
1151 1009 1401 1066 praestare.

211 1080 417 1128 Pactum
448 1079 583 1142 prius
617 1079 859 1142 posterius
883 1077 1149 1126 invalidum
1171 1077 1347 1125 reddit.
1414 1078 1536 1125 Jure

145 1155 293 1215 enim,
317 1154 450 1219 quod
474 1155 583 1217 quis
607 1155 859 1202 transtulit
882 1154 1044 1212 hodie,
1069 1170 1176 1202 cras
1199 1154 1401 1202 carebit.

214 1230 267 1279 Si
289 1230 397 1294 quis
432 1246 484 1277 se
516 1231 728 1294 seipsum
765 1246 865 1278 non
900 1229 1213 1277 defensurum
1236 1245 1340 1277 esse
1363 1237 1539 1277 contra

145 1306 243 1355 vim
277 1306 571 1370 paciscatur,
607 1314 805 1370 pactum
841 1305 1110 1353 invalidum
1141 1312 1231 1353 est.
1300 1305 1444 1363 Nam,
1481 1313 1539 1352 ut

146 1390 262 1431 ante
277 1389 527 1430 ostensum
546 1391 635 1439 est,
650 1384 731 1445 Jus
750 1398 803 1429 se
822 1381 1118 1429 defendendi
1135 1389 1309 1429 contra
1325 1389 1537 1433 mortem

146 1459 458 1515 intentatam,
477 1457 695 1516 vulnera,
711 1457 1168 1515 incarcerationem,
1188 1473 1396 1520 quorum
1408 1456 1539 1520 fugi-

147 1532 388 1582 endorum
405 1548 551 1580 causa
565 1534 644 1596 jus
662 1533 714 1580 in
734 1533 898 1580 omnia
916 1532 1139 1580 naturale
1158 1532 1434 1596 depositum
1448 1539 1539 1588 est,

147 1608 394 1672 deponere
416 1624 560 1656 nemo
583 1616 763 1672 potest.
834 1609 963 1656 Nam
987 1609 1079 1657 etsi
1102 1609 1277 1672 aliquis
1301 1616 1434 1656 recte
1455 1625 1542 1672 pa-

149 1684 267 1733 cisci
297 1684 450 1748 possit
483 1685 569 1743 sic,
593 1684 693 1732 nisi
724 1684 815 1732 Ιιοσ
838 1684 919 1732 vel
953 1684 1086 1733 illud
1098 1685 1304 1748 fecero,
1328 1685 1503 1732 occide
1522 1703 1541 1739 ;

149 1759 330 1824 pacisci
351 1767 518 1807 tamen
540 1776 642 1807 non
663 1767 827 1823 potest
858 1760 944 1818 sic,
969 1759 1068 1807 nisi
1091 1760 1182 1807 hoc
1204 1759 1286 1807 vel
1307 1759 1440 1808 illud
1446 1759 1543 1823 fe-

151 1851 283 1894 cero,
320 1834 544 1882 occisura
581 1851 675 1882 non
717 1834 967 1882 resistam.
1037 1834 1188 1898 Eligit
1228 1835 1358 1883 enim
1393 1835 1543 1883 homo

151 1909 443 1958 naturaliter
465 1910 626 1958 minus
651 1910 847 1968 malum,
871 1910 924 1958 id
958 1918 1032 1958 est
1053 1911 1326 1974 perieulum
1348 1927 1379 1959 a
1400 1911 1542 1958 resis-

153 1985 324 2044 tentia,
346 1986 511 2049 potius
534 2002 679 2049 quam
713 1986 895 2034 malum
929 1988 1101 2050 majus,
1136 2003 1312 2050 nempe
1335 1995 1545 2035 mortem

154 2070 355 2110 certam.
423 2062 590 2126 Atque
613 2062 721 2110 haec
749 2070 931 2110 norunt
948 2078 1118 2110 omnes
1141 2063 1226 2126 qui
1249 2062 1545 2110 condemna-

154 2144 232 2186 tos
244 2137 346 2186 sive
361 2137 426 2185 ad
443 2153 689 2186 carcerem
708 2138 809 2187 sive
828 2138 893 2186 ad
909 2146 1118 2186 mortem
1131 2139 1309 2187 armati
1324 2138 1526 2186 ducunt.

223 2212 277 2261 Si
299 2213 407 2276 quis
440 2214 716 2277 paciscatur
747 2215 959 2278 seipsum
994 2230 1241 2270 accusare,
1264 2214 1358 2262 nisi
1382 2222 1545 2261 certus

154 2288 312 2336 veniae
333 2289 436 2346 fiat,
459 2297 658 2352 pactum
692 2289 958 2338 invalidum
990 2298 1079 2338 est.
1147 2289 1278 2337 Nam
1301 2290 1352 2337 in
1377 2289 1547 2337 condi-

158 2362 292 2412 tione
313 2372 504 2412 naturae
526 2365 612 2412 ubi
635 2381 735 2413 non
758 2374 873 2414 sunt
889 2365 1092 2429 judicia,
1116 2365 1279 2413 nullus
1303 2373 1378 2412 est
1401 2380 1546 2412 accu-

158 2438 426 2488 sationibus
439 2439 593 2488 locus.
630 2441 688 2488 In
703 2449 836 2489 statu
849 2448 1014 2489 autem
1029 2441 1174 2500 civili,
1183 2440 1548 2489 accusationem

161 2514 383 2577 sequitur
403 2515 725 2579 supplicium;
749 2517 845 2575 cui,
860 2532 974 2564 cum
997 2517 1062 2564 sit
1082 2517 1171 2572 vis,
1194 2532 1339 2564 nemo
1363 2515 1550 2578 obliga-

162 2596 245 2637 tur
259 2605 359 2638 non
381 2591 623 2640 roeistere.
692 2591 829 2639 Idem
850 2608 1022 2640 verum
1052 2600 1128 2640 ωε
1150 2591 1212 2639 de
1236 2591 1547 2639 accusatione

162 2679 332 2713 eorum
353 2682 563 2730 quorum
586 2667 994 2716 condemnatione
1025 2667 1313 2731 conjicimur
1332 2667 1382 2714 in
1404 2666 1548 2714 mise·

162 2738 304 2796 riam,
338 2741 506 2804 quales
539 2749 653 2791 sunt
689 2750 845 2806 pater,
876 2758 1017 2802 uxor,
1041 2742 1220 2805 aliique
1254 2741 1548 2797 necessarii;

162 2814 502 2864 testimonium
524 2816 655 2864 enim
690 2833 878 2877 eorum,
900 2825 1073 2880 utpote
1105 2816 1271 2865 invitis
1294 2816 1497 2877 dictum,
1520 2832 1553 2865 a
