1910 3236
0 196 18 317 ’Ξ
697 239 767 272 nn
796 239 1038 274 HOMINR.
1497 231 1559 281 75

170 347 320 406 niam,
342 355 394 397 et
418 348 611 395 Italiam
641 350 876 407 manavit,
901 367 998 413 quo
1023 360 1245 415 tempore
1267 366 1448 414 magno
1471 367 1562 398 nu-
1623 376 1728 409 CAp,
1743 377 1791 409 χ,

169 439 306 471 mero
329 431 415 471 aut
439 423 671 472 Romanis
695 433 781 472 aut
805 426 999 475 sibimet
1027 427 1144 490 ipsis
1167 427 1218 475 in
1240 427 1317 476 his
1339 427 1561 491 partibus
1579 430 1847 509 nem&-

170 499 341 548 mundi
364 499 747 548 occidentalibus
773 501 1120 551 militaverunt.
1575 515 1848 550 mmmmm.

236 575 498 624 Germania
525 576 654 623 enim
687 592 798 624 cum
830 584 957 625 esset
987 579 1276 642 antiquitus,
1308 579 1436 627 sicut
1466 594 1561 627 cae-

170 659 290 701 terae
310 659 500 715 gentes,
525 651 679 700 divisa
701 652 831 700 inter
853 669 1114 701 numerum
1145 654 1396 718 ingentem
1417 670 1562 718 regu-

168 727 331 776 lorum
365 727 669 790 exig-uorum,
707 727 807 775 sive
844 729 1008 791 potius
1044 737 1243 792 patrum
1272 746 1564 794 magnarum

166 802 479 861 familiarum,
497 812 735 867 perpetuo
757 804 888 852 inter
911 821 963 853 se
986 805 1289 864 bellantium,
1313 806 1472 869 reguli
1494 806 1565 854 illi

168 878 396 937 maxime,
420 886 476 926 ut
510 879 732 942 cooperti
755 880 903 927 armis
927 897 958 928 a
981 881 1218 930 militibus
1241 882 1341 930 suis
1366 882 1565 945 dignos-

168 962 415 1012 cerentur,
439 955 621 1019 partim
653 955 801 1003 etiam
833 957 1114 1005 ornamenti·
1130 973 1293 1016 causa,
1317 974 1454 1006 arma
1476 975 1566 1006 sua

168 1038 257 1078 aut
289 1039 429 1079 scuta
459 1038 544 1078 aut
578 1031 797 1078 tunicam
831 1032 1045 1095 imagine
1080 1034 1323 1082 ornabant
1356 1034 1564 1098 alicujus

169 1107 346 1156 bestiae
359 1107 436 1154 vel
453 1107 576 1154 alius
591 1108 661 1155 rei
678 1128 690 1162 ;
729 1108 877 1155 etiam
891 1108 1134 1156 visibilem
1165 1118 1335 1157 notam
1352 1109 1566 1172 aliquam

169 1182 348 1231 cassidi
371 1182 723 1246 imposuerunt.
773 1184 898 1232 Quae
922 1192 1214 1232 ornamenta
1236 1185 1337 1233 sive
1357 1185 1568 1249 insignia
1612 1199 1615 1201 ·

170 1275 418 1308 armorum
451 1259 516 1307 ad
549 1260 675 1307 filios
709 1276 822 1308 suos
857 1260 1252 1316 descendebant;
1287 1269 1338 1309 et
1368 1262 1566 1324 quidem

170 1335 236 1384 ad
257 1344 378 1384 natu
401 1335 683 1395 maximum,
708 1337 835 1384 sicut
866 1346 1010 1384 erant
1032 1353 1063 1384 a
1083 1345 1225 1400 patre
1247 1346 1466 1401 gaetata3
1503 1339 1567 1386 ad

169 1418 376 1460 caeteros
407 1419 573 1459 autem
605 1428 718 1459 cum
745 1420 866 1460 nota
891 1413 1055 1476 aliqua
1081 1413 1425 1472 distinctionis,
1450 1430 1568 1477 qua-

169 1487 268 1536 lem
306 1487 534 1551 princeps
568 1487 783 1544 familiae,
821 1487 874 1535 id
913 1496 989 1536 est
1033 1489 1339 1548 Germanice,
1381 1489 1566 1548 henalt,

169 1563 516 1612 constituebat.
589 1562 685 1611 Sed
706 1563 903 1626 quando
926 1564 1208 1628 hujusmodi
1230 1565 1427 1614 familiae
1451 1582 1569 1614 con-

163 1640 351 1704 junctae
372 1639 590 1697 fuerunt,
615 1639 685 1687 ita
707 1647 763 1687 ut
786 1655 967 1703 magna
991 1640 1095 1703 jam
1127 1641 1413 1689 monarchia
1433 1641 1568 1690 facta

169 1722 316 1773 esset,
335 1715 550 1763 officium
581 1715 676 1763 hoc
706 1715 942 1779 principis
963 1716 1180 1775 familiae,
1204 1725 1345 1766 scuta
1367 1717 1468 1766 sive
1491 1717 1567 1765 in-

170 1791 329 1855 signia
374 1791 721 1849 constituendi,
765 1791 849 1839 alii
895 1792 1247 1840 demandatum
1287 1802 1379 1847 est,
1420 1809 1567 1856 quem

169 1883 303 1915 nunc
320 1867 569 1931 appellant
592 1867 867 1915 heraldum.
927 1868 1093 1932 Atque
1117 1884 1179 1916 ex
1201 1869 1398 1917 illorum
1422 1885 1566 1933 regu-

169 1943 329 1992 lorum
351 1944 520 1992 sobole
538 1952 650 1992 orta
672 1951 747 1992 est
770 1945 984 1993 maxima
1007 1953 1058 1993 et
1080 1945 1436 2008 antiquissima,
1458 1962 1566 2009 quae

169 2035 303 2068 nunc
342 2028 434 2078 est,
475 2020 527 2068 in
565 2019 660 2068 hac
698 2028 841 2084 parte
875 2021 1007 2069 orbis
1045 2021 1292 2069 nobilitas.
1362 2021 1567 2070 Gestant

169 2103 337 2144 autem
363 2103 450 2144 aut
479 2096 710 2144 animalia
740 2097 914 2160 rapina
936 2106 987 2145 et
1009 2097 1299 2146 fortitudine
1322 2105 1455 2156 nota,
1480 2107 1567 2146 aut

170 2180 350 2228 castra,
372 2172 514 2231 valla,
546 2173 662 2231 tela,
695 2180 746 2221 et
781 2173 1023 2237 ejusmodi
1050 2180 1195 2222 notas
1226 2174 1358 2222 belli.
1430 2173 1567 2221 Nihil

170 2247 303 2295 enim
323 2247 421 2296 illis
442 2248 743 2312 temporibus
765 2249 817 2296 in
839 2250 1002 2313 pretio
1025 2257 1165 2298 tanto
1194 2259 1302 2298 erat
1330 2257 1566 2313 quantum

115 2314 124 2323 ’
169 2323 327 2372 virtus
348 2323 537 2372 bellica.
608 2324 785 2372 Postea
809 2333 975 2372 autem
998 2341 1099 2373 non
1122 2325 1282 2374 solum
1298 2340 1455 2388 reges,
1481 2324 1567 2372 sed

171 2400 322 2448 etiam
355 2400 580 2448 civitates
611 2401 872 2464 populares
894 2402 1188 2449 exeuntibus
1211 2401 1262 2448 in
1285 2401 1466 2448 bellum
1489 2399 1567 2447 vel

169 2492 205 2525 a
223 2477 353 2526 bello
376 2476 711 2536 redeuntibus,
735 2477 1063 2541 provocandae
1087 2478 1164 2525 vel
1196 2475 1567 2525 remunerandae

171 2552 368 2600 virtutis
403 2568 566 2611 causa,
601 2561 741 2601 scuta
775 2553 1105 2601 diversimodo
1138 2554 1275 2616 picta
1314 2567 1566 2600 concesse-

172 2637 303 2677 runt.
363 2629 489 2678 Quae
506 2629 671 2678 omnia
693 2630 744 2677 in
766 2629 986 2678 historiis
1009 2629 1239 2692 antiquis,
1258 2637 1366 2676 tum
1384 2627 1568 2675 Graecis

174 2712 282 2753 tum
302 2704 504 2763 Latinis,
526 2705 611 2752 ubi
636 2705 698 2753 de
721 2705 1079 2753 Germanorum
1106 2711 1253 2767 gente
1276 2710 1327 2751 et
1350 2702 1568 2750 moribus

176 2780 327 2831 verba
346 2779 551 2839 faciunt,
575 2781 784 2828 inveniri
806 2789 1026 2844 possunt.

245 2855 462 2903 Honoris
485 2856 632 2913 tituli,
658 2856 825 2919 quales
849 2863 962 2904 sunt
987 2856 1102 2913 dux,
1128 2870 1306 2911 comeS,
1331 2853 1566 2912 marchio,
