1968 3236
386 252 480 295 326
704 260 773 293 ΒΕ
802 257 1055 293 CIVITATE
1084 254 1437 289 CHRISTIANA.

143 396 340 427 xxxvm,
390 373 439 434 (2
469 372 621 436 Epist.
654 371 718 418 iii.
759 370 840 431 7):
899 368 1019 415 Coelz·
1065 373 1241 426 autem,
1267 366 1353 431 qui
1392 382 1517 414 nuno
1555 371 1683 424 sunt,
1721 370 1772 412 et

145 450 332 472 *W*
389 456 529 496 terra
553 447 718 494 eodem
741 444 884 492 verbo
908 443 1122 508 repositi
1157 449 1285 500 sunt,
1310 442 1418 507 igni
1441 440 1688 489 reservati
1720 440 1772 487 in

115 498 155 525 De
165 496 372 534 significatione

112 540 373 577 qumuhabcntin
391 523 518 571 diem
546 521 748 585 judicii,
775 526 825 567 et
853 518 1164 583 perditionis
1205 517 1462 582 impiorum
1498 516 1772 564 hominum:

111 583 266 620 Scripturis
281 583 375 611 Sacris

110 626 260 660 vocabula,
273 630 324 654 etc.

391 607 440 646 et
459 599 601 659 (vers.
625 595 790 656 10-13)
805 612 815 642 :
833 594 1077 642 Adveniet
1093 599 1255 640 autem
1270 592 1377 640 dies
1385 591 1586 639 Domini
1604 590 1773 658 atsur,

391 676 440 723 in
464 689 555 737 quo
580 671 692 719 coelz'
715 686 892 734 magno
911 669 1095 733 impetu
1118 667 1380 726 transient,
1397 666 1637 714 elementa
1660 681 1776 714 vero

391 749 557 797 calore
581 747 845 803 solventur,
871 751 1012 792 terra
1035 750 1211 802 autem,
1236 749 1286 790 et
1308 759 1418 807 quoe
1441 743 1491 790 in
1515 742 1631 807 ipsa
1663 748 1778 790 sunt

391 839 560 889 opera,
578 828 860 880 exurentur,
879 827 971 868 etc.
1007 819 1173 867 Novos
1199 834 1315 867 vero
1344 818 1509 877 coelos,
1533 825 1584 866 et
1605 834 1778 866 novam

395 907 596 956 terram,
622 904 670 944 et
695 896 952 961 promissa
975 895 1135 960 ipsius
1168 899 1501 958 eoepeetamuS,
1527 893 1577 940 in
1600 892 1776 958 quibus

383 975 590 1038 justitia
626 972 835 1020 habitat.
885 972 982 1019 Ubi
1006 987 1122 1034 ergo
1148 970 1267 1017 dicit
1289 969 1384 1017 Job
1406 969 1653 1016 hominem
1675 984 1777 1016 non

396 1050 602 1113 amplius
627 1057 973 1106 surrecturum,
998 1047 1128 1094 idem
1151 1053 1225 1094 est
1248 1061 1305 1093 ac
1329 1045 1371 1092 si
1394 1044 1595 1092 dixisset
1627 1043 1779 1092 vitam

397 1125 716 1174 immortalem
740 1125 791 1171 in
818 1122 1171 1171 resurreetione
1195 1121 1423 1185 incipere,
1448 1128 1498 1167 et
1519 1135 1608 1183 pro
1633 1135 1780 1168 causa

395 1204 589 1261 habere,
614 1218 711 1249 non
735 1208 960 1248 naturam
982 1199 1260 1256 humanam,
1284 1196 1369 1244 sed
1385 1195 1779 1261 promissionem.

464 1279 727 1335 Postremo,
753 1293 863 1324 eum
899 1275 1055 1338 capite
1090 1290 1267 1322 xxxv.
1293 1280 1543 1321 ostensum
1576 1272 1640 1319 sit
1670 1287 1778 1334 reg-

399 1371 516 1401 num
534 1354 624 1402 Dei
649 1353 893 1400 civitatem
917 1367 1019 1399 esse
1042 1350 1237 1414 proprie
1262 1349 1459 1407 dictam,
1480 1363 1587 1410 quae
1612 1347 1782 1394 civitas

401 1437 505 1476 erat
527 1429 576 1476 in
600 1436 744 1486 terra,
770 1428 819 1475 in
844 1443 940 1491 qua
962 1426 1142 1473 virtute
1165 1424 1297 1487 pacti
1331 1431 1437 1470 tum
1471 1422 1649 1470 veteris
1677 1429 1782 1469 tum

402 1504 515 1551 novi
557 1519 792 1551 summam
814 1504 959 1550 habet
982 1508 1272 1565 potestatem
1297 1499 1443 1557 Deus,
1480 1506 1529 1545 et
1565 1513 1672 1545 eam
1695 1512 1784 1560 per

403 1580 755 1642 vicegerentem
790 1578 937 1641 regit3
975 1578 1121 1625 etiam
1144 1575 1338 1639 quando
1364 1575 1594 1622 Servator
1615 1579 1784 1620 noster

406 1655 629 1703 adveniet
650 1654 700 1700 in
723 1654 876 1715 gloria
899 1661 947 1700 et
970 1653 1222 1715 majestate
1246 1658 1553 1713 regnaturuS,
1578 1663 1784 1711 regnum

407 1732 508 1793 ejus
532 1730 625 1776 erit
646 1730 696 1776 in
720 1738 862 1776 terra..

474 1805 610 1852 Sicut
650 1821 852 1869 regnum
888 1805 1003 1862 Dei,
1039 1812 1088 1851 et
1122 1803 1224 1850 vita
1265 1808 1450 1850 oeterna
1475 1819 1493 1855 ;
1528 1801 1599 1848 ita
1637 1799 1785 1848 etiam

407 1881 571 1928 hostes
606 1880 711 1937 Dei,
747 1888 856 1942 post
895 1880 1132 1942 judicium
1171 1878 1412 1936 ultimum,
1451 1884 1499 1924 et
1543 1876 1787 1924 cruciatus

411 1971 578 2003 eorum
612 1955 769 2002 locum
810 1956 859 2002 in
901 1955 1162 2018 Scripturis
1207 1954 1433 2002 videntur
1477 1951 1692 2000 habituri
1735 1951 1788 1998 in

410 2038 554 2079 terra.
624 2031 754 2088 Loci,
777 2031 859 2078 ubi
891 2032 1125 2090 homines,
1150 2030 1233 2093 qui
1264 2029 1439 2092 sepulti
1462 2028 1538 2076 vel
1572 2025 1789 2089 absorpti

412 2123 442 2155 a
463 2114 593 2154 terra
626 2114 779 2164 erant,
805 2108 1015 2154 mansuri
1046 2115 1159 2155 sunt
1188 2121 1341 2169 usque
1376 2105 1439 2152 ad
1474 2101 1790 2152 resurrectio-

412 2197 538 2241 nem,
558 2197 735 2229 nomen
750 2189 947 2229 vocatur
964 2183 1245 2245 plerumque
1268 2182 1320 2229 in
1345 2180 1609 2244 Scripturis
1633 2178 1790 2243 iufer-

413 2274 517 2315 mcs,
542 2265 592 2304 et
622 2256 789 2320 irgferi,
815 2257 994 2304 Graecis
1031 2258 1147 2316 ἅὸης,
1172 2257 1222 2305 id
1257 2264 1346 2316 est,
1370 2256 1504 2304 locus
1543 2254 1628 2302 ubi
1668 2253 1791 2302 nihil

413 2331 565 2379 videri
600 2339 776 2394 potest,
811 2333 1122 2396 continetque
1155 2341 1256 2381 tam
1293 2332 1619 2396 sepulchrum,
1644 2345 1790 2394 quam

412 2406 572 2454 locum
596 2406 743 2455 alium
767 2423 958 2454 omnem
989 2408 1280 2456 inferiorem.
1352 2407 1449 2456 Sed
1471 2406 1790 2471 reproborum

412 2490 523 2545 post
556 2482 957 2530 resurrectionem
974 2483 1108 2530 locus
1133 2484 1239 2547 quis
1263 2484 1341 2542 sit,
1366 2500 1427 2531 ex
1445 2483 1542 2531 situ
1564 2482 1668 2546 ejus
1690 2496 1790 2529 non

415 2557 658 2615 definitur,
677 2572 833 2620 neque
858 2557 908 2604 in
922 2557 1084 2604 Veteri
1102 2574 1257 2621 neque
1281 2559 1331 2606 in
1350 2559 1492 2607 Novo
1509 2558 1792 2606 Testamen-

416 2641 483 2680 to.
554 2632 803 2680 Iudicatur
826 2639 1015 2680 tantum
1034 2649 1119 2695 per
1142 2634 1340 2682 nomina
1360 2634 1612 2682 hominum
1635 2632 1719 2696 qui
1741 2631 1792 2679 in

417 2724 474 2754 eo
499 2707 606 2755 loco
639 2723 743 2755 esse
774 2715 1127 2770 supponuntur,
1153 2709 1550 2768 extraordinaria,
1575 2715 1625 2756 et
1655 2707 1792 2771 quasi

416 2782 703 2831 miraculosa
739 2790 895 2829 morte
934 2798 964 2829 a
1004 2782 1107 2830 Deo
1144 2782 1302 2831 deleti.
1373 2783 1593 2847 Exempli
1633 2798 1792 2842 causa,

418 2857 642 2906 dicuntur
662 2859 711 2906 in
730 2857 938 2921 inferno,
955 2858 1005 2905 in
1030 2857 1246 2905 Tarmro
1265 2875 1386 2918 esse,
1401 2867 1601 2923 propter
1616 2858 1793 2918 Corah,
