1968 3236
391 223 488 265 412
715 230 784 262 DE
813 228 1069 262 olvl‘rATE
1097 222 1452 260 CHRISTIANA.

126 364 227 396 cn,
249 364 359 397 xm,
394 343 521 391 civili
537 342 816 405 adjunctam
832 341 1049 387 haberet.
1088 339 1227 386 Sicut
1251 338 1379 385 enim
1396 338 1457 385 ab
1478 337 1774 396 Abrahamo,

150 421 333 440 “’“·“““’
395 435 492 466 non
518 434 546 465 a
569 416 865 464 mercenario
890 415 1047 477 poscit
1062 415 1193 462 Deus
1210 414 1449 461 rationem
1468 413 1776 461 administra-

147 466 353 540 gsslffittffi.
394 494 540 541 tionis
579 491 779 539 dominii
818 491 890 537 sui
915 490 1105 552 paterni
1131 499 1181 536 et
1206 489 1458 552 despotici,
1482 489 1554 536 ita
1575 489 1723 536 etiam
1746 505 1778 536 a

395 568 588 630 regibus
608 574 656 613 et
680 566 878 613 summis
903 565 1254 627 imperantibus
1283 565 1414 612 idem
1437 565 1676 612 rationem
1690 564 1776 613 ad-

397 640 762 689 ministrationis
787 640 1038 687 civitatum
1066 655 1262 687 suarum
1287 640 1464 703 exiget,
1481 655 1580 687 non
1598 655 1628 687 a
1650 655 1779 688 mer-

398 717 617 772 cenariis,
637 716 722 763 sed
747 716 806 763 ab
827 715 956 778 ipsis.

464 794 618 840 Locus
657 800 858 853 quartus
900 799 974 837 est
1015 790 1168 837 Exod.
1198 790 1361 838 xxviii.
1400 796 1491 838 30:
1530 790 1692 838 Pones
1727 790 1777 838 in

398 884 545 916 sacro
593 867 681 914 illo
724 866 984 931 pectorali
1027 866 1167 929 juri-9
1223 866 1362 913 Urim
1408 872 1458 913 et
1497 865 1776 925 Thummim‚

398 960 508 1007 quoe
525 943 627 990 sint
645 958 802 1006 supra
819 958 904 990 cor
915 942 958 990 A
964 942 1135 990 aronis
1144 960 1161 989 .·
1180 958 1323 1005 quem
1338 943 1500 990 locum
1520 959 1550 990 a
1570 943 1777 1006 Septua-

398 1019 536 1081 ginta
567 1017 811 1065 redditum
833 1033 936 1064 esse
956 1017 1076 1064 dicit
1092 1033 1180 1080 per
1200 1018 1388 1070 ἁῆλωσιν
1412 1017 1479 1064 καὶ
1498 1016 1712 1074 α’λῆθειαν,
1727 1017 1779 1066 id

399 1101 485 1152 est,
510 1092 803 1140 evidentiam
819 1099 869 1139 et
892 1092 1152 1139 veritatem
1170 1114 1181 1147 ;
1217 1093 1331 1140 inde
1351 1102 1515 1141 autem
1531 1092 1778 1141 concludit

399 1168 639 1216 sacerdoti
673 1184 860 1215 summo
903 1168 1067 1215 datam
1103 1184 1205 1216 esse
1239 1169 1399 1216 lucem
1435 1176 1484 1216 et
1506 1168 1777 1216 veritatem.

401 1243 645 1306 Quicquid
681 1251 844 1291 autem
882 1244 1160 1307 significant
1203 1244 1342 1291 Urim
1390 1251 1438 1292 et
1483 1244 1778 1302 Thummim‚

399 1320 708 1367 manifestum
722 1326 886 1366 tamen
911 1327 984 1366 est
1009 1335 1067 1366 ex
1091 1335 1148 1366 eo
1175 1327 1331 1378 textu,
1357 1319 1473 1367 data
1496 1335 1554 1367 ea
1576 1335 1681 1368 esse
1704 1335 1781 1368 sa-

400 1395 586 1442 cerdoti
611 1410 816 1452 summo,
842 1395 890 1442 id
917 1402 1006 1453 est,
1031 1395 1100 1442 illi
1125 1395 1208 1458 qui
1231 1411 1470 1443 summam
1494 1396 1546 1443 in
1582 1395 1782 1444 civitate

400 1471 727 1518 Israelitarum
752 1471 923 1518 habuit
945 1478 1254 1534 potestatem.
1325 1471 1509 1519 Militat
1532 1487 1650 1535 ergo
1678 1479 1782 1519 tex-

400 1554 478 1594 tus
502 1547 581 1593 hic
605 1562 791 1594 summo
811 1547 1072 1610 imperanti
1096 1546 1226 1595 civili
1252 1555 1426 1595 contra
1448 1555 1782 1611 suprematum

402 1622 775 1669 ecclesiasticum
803 1622 1046 1685 pontificis
1071 1622 1293 1670 Romani.

470 1698 537 1746 Ut
560 1698 733 1760 probet
768 1699 954 1761 judicia
987 1698 1234 1761 pontificis
1259 1698 1390 1746 circa
1412 1714 1573 1746 mores
1606 1698 1783 1746 infalli-

402 1773 518 1821 bilia
551 1789 669 1832 esse,
707 1775 867 1822 locum
904 1775 1024 1822 citat
1057 1775 1167 1823 Joh.
1200 1774 1296 1822 xvi.
1339 1779 1426 1821 13:
1467 1773 1586 1821 Cum
1620 1781 1783 1822 autem

403 1850 591 1897 venerit
611 1848 697 1897 ille
712 1850 924 1914 spiritus
948 1850 1198 1908 veritati&
1225 1850 1327 1898 dux
1346 1849 1437 1896 vioe
1455 1848 1591 1897 vobis
1615 1849 1716 1897 erit
1734 1849 1785 1897 in

405 1941 583 1972 omnem
606 1925 879 1973 veritatem.
967 1926 1089 1974 Cum
1118 1925 1306 1989 judicia
1326 1925 1505 1983 omnia,
1529 1933 1634 1973 tum
1669 1925 1783 1973 fidei

405 2006 509 2047 tum
544 2016 747 2059 morum,
785 2002 981 2064 regibus
1017 2002 1282 2060 sustulerit,
1320 2001 1438 2064 quid
1473 2001 1657 2050 habent
1681 2018 1786 2050 om-

405 2075 520 2122 nino
545 2076 675 2138 quod
697 2077 881 2124 faciant
905 2078 1070 2140 reges?
1159 2078 1295 2127 Quas
1317 2077 1451 2141 leges
1473 2076 1648 2136 ferent,
1673 2093 1785 2125 cum

404 2151 479 2197 lex
521 2151 653 2199 nulla
688 2152 751 2199 sit
790 2168 900 2214 quae
935 2169 1033 2200 non
1059 2153 1123 2200 sit
1156 2160 1243 2200 aut
1275 2151 1445 2215 regula
1479 2167 1687 2211 morum,
1729 2161 1788 2200 ut

406 2242 466 2273 ne
505 2227 610 2289 quis
651 2227 714 2274 sit
755 2227 1014 2285 homicida,
1054 2228 1131 2275 vel
1165 2227 1260 2286 fur,
1303 2227 1379 2275 vel
1427 2227 1663 2286 moechus‚
1709 2227 1786 2276 vel

406 2301 629 2360 mendax,
665 2302 741 2349 vel
778 2318 967 2360 avarus,
1005 2310 1054 2349 et
1092 2303 1298 2356 similitu
1334 2310 1419 2350 aut
1463 2302 1634 2366 regula
1670 2302 1786 2351 fidei

407 2384 456 2423 et
479 2376 636 2423 cultus
672 2376 836 2424 divini.
909 2377 1005 2424 Sed
1033 2378 1182 2425 verba
1205 2385 1367 2426 textus
1391 2377 1752 2426 consideremus
1772 2397 1785 2426 ε

408 2451 630 2513 Spiritus
654 2451 887 2499 veritati-s·
912 2452 1012 2499 dux
1032 2452 1167 2499 vobis
1185 2453 1284 2500 erit
1309 2454 1359 2501 in
1393 2469 1575 2501 omnem
1598 2454 1788 2502 verita-

409 2531 501 2571 tem
517 2544 535 2579 ‚·
569 2542 631 2573 an
664 2534 794 2574 recte
826 2526 1032 2574 infertur
1070 2527 1182 2575 inde
1217 2529 1365 2576 solius
1400 2528 1644 2592 pontificis
1683 2545 1788 2578 esse

402 2599 620 2662 judicare
677 2601 737 2648 de
783 2602 999 2649 moribus
1042 2602 1217 2650 civium
1270 2603 1319 2650 iu
1369 2603 1565 2652 civitate
1612 2604 1785 2653 aliena.

412 2675 545 2722 Quid
568 2675 749 2723 habent
773 2691 1029 2723 commune
1054 2677 1241 2724 veritas
1265 2687 1316 2726 et
1350 2694 1524 2726 mores.
1594 2679 1787 2728 Veritas

411 2750 665 2797 verborum
689 2758 762 2799 est
784 2758 997 2806 tantum;
1034 2768 1194 2799 mores
1213 2762 1375 2800 autem
1398 2754 1651 2803 hominum
1674 2763 1788 2804 sunt

411 2824 498 2870 sub
523 2824 706 2887 legibus
730 2826 1013 2876 viventium.
1085 2827 1250 2876 Mores
1270 2828 1433 2877 doceri
1459 2830 1657 2893 quidem
1674 2847 1788 2895 pos-
