1968 3236
495 239 566 272 ne
595 239 783 273 nuexo
810 239 1213 274 TRNRBRARUM.
1450 229 1546 279 477

159 347 425 408 custodiet,
450 366 542 397 non
570 349 755 397 videbit
772 356 973 396 mortem
993 350 1043 397 in
1059 356 1306 408 (eternum,
1322 349 1550 398 dixerunt
1581 371 1684 405 eff,
1706 370 1813 402 xm.

164 423 309 484 (vers.
352 424 475 486 52),
521 442 648 472 uum:
683 425 863 473 scimus
906 431 956 472 te
1000 425 1286 473 daemonium
1329 424 1549 473 habere·
1603 425 1796 446 *Ρ*

1529 462 1544 479 ’
1568 463 1614 491 De
1628 462 1802 491 dmmonolo.

160 497 478 547 Abrahamus
502 507 721 548 mortuus
744 506 837 559 est,
856 507 906 548 et
926 507 978 548 tu
998 500 1146 559 dicis,
1165 502 1212 548 εἰ
1229 501 1344 565 quis
1362 517 1549 548 sermo·
1565 506 1818 579 {gsfflffffm

160 591 267 624 nem
307 592 458 623 meum
498 577 792 634 servaverit,
837 593 929 624 non
968 577 1201 640 gustabit
1247 583 1450 624 mortem
1498 576 1549 624 in
1567 559 1763 621 οιιιιιῑειῖῗιιι

160 657 409 699 eternum.
493 652 695 711 Rursus,
740 669 852 701 cum
890 652 1092 700 dixisset
1145 653 1278 712 (Joh.
1315 652 1400 701 vii.
1441 653 1549 714 20),

160 726 297 791 quod
315 726 576 774 studerent
615 727 752 775 illum
778 728 1080 786 interimere,
1105 727 1360 792 respondit
1383 728 1548 786 turba,

159 800 343 859 dicens,
380 801 663 850 doemonium
694 802 846 849 habes
866 824 877 857 ;
928 803 1041 866 quis
1079 810 1128 851 te
1163 803 1333 851 studet
1372 803 1550 851 interi-

158 893 291 925 mere
307 881 336 926 2
374 877 691 926 Manifestum
722 878 837 926 hinc
868 887 958 937 est,
981 879 1180 927 Judaeos
1203 879 1254 927 in
1278 879 1466 938 eadem,
1490 895 1549 927 eo

158 961 397 1017 tempore,
422 953 652 1017 opinione
675 953 823 1002 fuisse
847 969 959 1001 cum
982 954 1180 1013 Graeeis,
1204 970 1380 1018 nempe
1399 955 1552 1018 phan-

159 1036 370 1077 tasmata
403 1045 503 1076 non
540 1045 645 1077 esse
679 1029 810 1077 idola
833 1030 1036 1087 cerebri,
1061 1029 1147 1078 sed
1181 1046 1259 1078 res
1280 1046 1370 1094 per
1392 1046 1443 1077 se
1467 1045 1551 1078 ex-

159 1104 379 1162 istentes,
404 1120 494 1152 nec
515 1104 790 1168 dependere
813 1105 875 1152 ab
900 1105 1267 1170 imagigntione.

226 1180 465 1228 Doctrina
499 1180 604 1228 haec
631 1181 885 1244 (objicient
918 1181 1086 1245 aliqui)
1120 1181 1161 1228 si
1191 1197 1310 1228 vera
1331 1196 1432 1228 non
1466 1181 1550 1238 sit,

158 1271 308 1319 quare
331 1256 626 1304 contrariam
644 1272 744 1304 non
768 1255 935 1304 docuit
958 1256 1180 1304 Christus
1200 1256 1216 1303 ?
1253 1257 1375 1314 Imo,
1395 1272 1547 1320 quare

159 1331 263 1395 ipse
284 1331 455 1379 formis
478 1331 710 1395 loquendi
733 1331 1013 1395 hujusmodi
1036 1332 1207 1390 utitur,
1234 1348 1344 1395 quae
1369 1331 1552 1379 doctri-

160 1423 275 1455 nam
298 1407 431 1455 illam
453 1404 682 1455 videntur
700 1407 989 1455 confirmare
1008 1406 1025 1454 ‘r
1094 1407 1174 1455 Ad
1197 1406 1329 1470 quod
1352 1423 1553 1470 respon-

160 1482 270 1541 deo,
314 1483 489 1547 primo,
526 1483 612 1531 ubi
650 1482 876 1531 Christus
922 1482 1042 1530 dicit
1088 1482 1228 1543 (Luc.
1260 1483 1390 1531 xxiv.
1425 1484 1510 1543 39)
1536 1500 1548 1529 :

159 1556 405 1623 Spiritum
427 1575 522 1605 non
546 1556 730 1605 habere
752 1573 954 1606 carnem
980 1564 1032 1605 et
1055 1574 1172 1605 ossa
1187 1576 1205 1605 :
1230 1558 1324 1606 etsi
1356 1557 1554 1621 spiritus
1619 1554 1623 1557 ’

158 1648 264 1682 esse
286 1633 510 1692 affirmet,
529 1633 637 1681 illos
659 1641 827 1681 tamen
851 1648 1116 1696 corporeos
1132 1649 1237 1681 esse
1261 1649 1362 1681 non
1386 1640 1552 1697 negat.

161 1709 305 1767 Item,
327 1709 412 1757 ubi
438 1709 488 1757 S.
514 1709 692 1757 Paulus
718 1709 764 1769 (l
796 1708 911 1756 Cor.
937 1724 1015 1755 xv,
1035 1709 1140 1769 44.)
1160 1708 1279 1757 dicit
1294 1708 1355 1756 de
1371 1708 1553 1768 electis,

161 1784 296 1848 quod
317 1791 588 1849 resurgent
613 1801 834 1848 corpora
869 1783 1184 1848 spiritualia,
1207 1792 1434 1832 naturam
1458 1785 1553 1848 spi-

159 1859 344 1908 rituum
361 1860 600 1924 agnoscit,
626 1859 711 1908 sed
734 1874 1035 1923 corpoream.
1071 1859 1172 1907 Aer
1194 1859 1326 1907 enim
1350 1859 1555 1924 aliaeque

160 1950 240 1983 res
267 1934 454 1994 multae,
477 1935 571 1983 etsi
610 1951 710 1983 non
748 1935 848 1982 sint
889 1950 1052 1998 neque
1088 1951 1204 1983 caro
1236 1951 1395 1999 neque
1432 1951 1555 1995 ossa,

161 2025 322 2074 neque
344 2026 425 2059 res
460 2010 563 2059 ulla
585 2027 748 2059 crassa
786 2010 943 2059 oculis
984 2010 1322 2069 discernenda,
1346 2027 1557 2075 corpora

162 2092 330 2134 tamen
353 2093 485 2134 sunt.
561 2086 806 2135 Caeterum
839 2102 952 2134 cum
984 2086 1215 2134 Servator
1255 2093 1422 2135 noster
1459 2086 1558 2135 dce-

163 2161 325 2208 mom'o
347 2161 560 2225 imperat
583 2177 645 2210 ex
667 2162 866 2211 homine
889 2162 1039 2220 exire,
1063 2162 1105 2210 si
1141 2177 1231 2225 per
1268 2161 1554 2209 daemonium

165 2235 511 2299 intelligendus
547 2236 613 2285 sit
648 2237 848 2286 morbus
878 2237 1068 2301 aliquis,
1107 2246 1164 2285 ut
1198 2236 1466 2300 phrenesiS,
1507 2244 1559 2284 et

165 2310 407 2375 epilepsis,
430 2311 508 2359 vel
545 2311 744 2375 spiritus
780 2328 1060 2376 corporeus,
1084 2327 1249 2360 nonne
1294 2327 1453 2359 sermo
1476 2311 1557 2359 ille

165 2385 462 2449 improprius
498 2386 609 2435 est?
678 2387 907 2436 Morbine
944 2386 1191 2436 audiunt?
1260 2386 1362 2434 Aut
1393 2394 1556 2450 potoet

166 2476 274 2509 esse
309 2460 361 2507 in
384 2476 532 2509 carne
553 2461 631 2510 vel
653 2478 776 2522 osse,
799 2462 986 2526 repleto
1021 2463 1124 2525 jam
1156 2469 1271 2510 ante
1308 2462 1557 2525 spiritibus

165 2535 395 2584 vitalibus
430 2543 481 2584 et
518 2536 825 2596 animalibuS,
870 2538 1070 2602 spiritus
1106 2537 1228 2586 alius
1262 2537 1557 2601 corporeus?

166 2611 345 2659 Nonne
381 2625 499 2674 ergo
522 2611 722 2674 spiritus
744 2613 943 2676 quidam
982 2620 1113 2671 sunt,
1137 2613 1219 2676 qui
1258 2628 1419 2676 neque
1450 2628 1558 2661 cor-

165 2702 290 2751 pora.
310 2692 426 2734 sunt
447 2701 608 2750 neque
630 2687 1005 2751 phantasmata?
1042 2686 1352 2751 Responde0‚
1375 2703 1558 2736 sermo-

166 2777 280 2811 nem
301 2761 575 2810 Servatoris
591 2763 763 2822 nostri,
780 2764 1060 2828 phrenesim
1077 2763 1155 2811 vel
1168 2763 1393 2811 morbum
1407 2762 1556 2811 alium

166 2836 475 2900 alloquentiS‚
489 2853 590 2886 non
604 2838 762 2903 magis
779 2839 1100 2904 improprium
1115 2838 1280 2897 fuisse,
1299 2854 1446 2902 quam
1459 2839 1552 2888 fuit
