<?xml version="1.0" encoding="UTF-8"?>
<!DOCTYPE html PUBLIC "-//W3C//DTD XHTML 1.0 Transitional//EN"
    "http://www.w3.org/TR/xhtml1/DTD/xhtml1-transitional.dtd">
<html xmlns="http://www.w3.org/1999/xhtml" xml:lang="en" lang="en">
 <head>
  <title>
</title>
<meta http-equiv="Content-Type" content="text/html;charset=utf-8" />
  <meta name='ocr-system' content='tesseract 3.04.00' />
  <meta name='ocr-capabilities' content='ocr_page ocr_carea ocr_par ocr_line ocrx_word'/>
</head>
<body>
  <div class='ocr_page' id='page_1' title='image "./operaphilosophic03hobbuoft_0462.png"; bbox 0 0 1968 3236; ppageno 0'>
   <div class='ocr_carea' id='block_1_1' title="bbox 176 355 420 391">
    <p class='ocr_par' dir='ltr' id='par_1_1' title="bbox 176 355 420 391">
     <span class='ocr_line' id='line_1_1' title="bbox 176 355 420 391; baseline 0.02 -5"><span class='ocrx_word' id='word_1_1' title='bbox 176 355 279 388; x_wconf 85' lang='lat' dir='ltr'><strong>CAP.</strong></span> <span class='ocrx_word' id='word_1_2' title='bbox 294 356 420 391; x_wconf 81' lang='lat' dir='ltr'><strong>XLIV.</strong></span> 
     </span>
    </p>
   </div>
   <div class='ocr_carea' id='block_1_2' title="bbox 192 453 426 664">
    <p class='ocr_par' dir='ltr' id='par_1_2' title="bbox 192 453 426 664">
     <span class='ocr_line' id='line_1_2' title="bbox 194 453 380 482; baseline 0.005 -1"><span class='ocrx_word' id='word_1_3' title='bbox 194 453 239 481; x_wconf 83' lang='lat' dir='ltr'><strong>De</strong></span> <span class='ocrx_word' id='word_1_4' title='bbox 253 455 380 482; x_wconf 77' lang='lat' dir='ltr'><strong>tenebris</strong></span> 
     </span>
     <span class='ocr_line' id='line_1_3' title="bbox 192 497 394 534; baseline 0.01 -10"><span class='ocrx_word' id='word_1_5' title='bbox 192 497 394 534; x_wconf 76' lang='lat' dir='ltr'><strong>spiritualibus</strong></span> 
     </span>
     <span class='ocr_line' id='line_1_4' title="bbox 193 541 410 578; baseline 0.014 -11"><span class='ocrx_word' id='word_1_6' title='bbox 193 541 230 567; x_wconf 80' lang='lat' dir='ltr'><strong>ab</strong></span> <span class='ocrx_word' id='word_1_7' title='bbox 243 541 410 578; x_wconf 60' lang='lat' dir='ltr'><strong>interpretor</strong></span> 
     </span>
     <span class='ocr_line' id='line_1_5' title="bbox 192 583 426 613; baseline 0.009 -2"><span class='ocrx_word' id='word_1_8' title='bbox 192 583 270 612; x_wconf 83' lang='lat' dir='ltr'><strong>tione</strong></span> <span class='ocrx_word' id='word_1_9' title='bbox 279 593 336 612; x_wconf 91' lang='lat' dir='ltr'><strong>non</strong></span> <span class='ocrx_word' id='word_1_10' title='bbox 345 588 426 613; x_wconf 80' lang='lat' dir='ltr'><strong>recta.</strong></span> 
     </span>
     <span class='ocr_line' id='line_1_6' title="bbox 193 626 418 664; baseline 0.004 -9"><span class='ocrx_word' id='word_1_11' title='bbox 193 626 418 664; x_wconf 78' lang='lat' dir='ltr'><strong>Scriptum-um.</strong></span> 
     </span>
    </p>
   </div>
   <div class='ocr_carea' id='block_1_3' title="bbox 460 221 1513 266">
    <p class='ocr_par' dir='ltr' id='par_1_3' title="bbox 460 221 1513 266">
     <span class='ocr_line' id='line_1_7' title="bbox 460 221 1513 266; baseline 0.003 -3"><span class='ocrx_word' id='word_1_12' title='bbox 460 221 555 264; x_wconf 81' lang='grc'><strong>462</strong></span> <span class='ocrx_word' id='word_1_13' title='bbox 795 231 865 263; x_wconf 88' lang='lat' dir='ltr'><strong>DE</strong></span> <span class='ocrx_word' id='word_1_14' title='bbox 894 231 1082 264; x_wconf 78' lang='lat' dir='ltr'>REGNO</span> <span class='ocrx_word' id='word_1_15' title='bbox 1110 231 1513 266; x_wconf 80' lang='lat' dir='ltr'><strong>TENEBRARUM.</strong></span> 
     </span>
    </p>
   </div>
   <div class='ocr_carea' id='block_1_4' title="bbox 442 342 1851 2898">
    <p class='ocr_par' dir='ltr' id='par_1_4' title="bbox 442 342 1851 2898">
     <span class='ocr_line' id='line_1_8' title="bbox 459 342 1849 409; baseline 0.004 -20"><span class='ocrx_word' id='word_1_16' title='bbox 459 342 677 390; x_wconf 81' lang='lat' dir='ltr'><strong>viderint</strong></span> <span class='ocrx_word' id='word_1_17' title='bbox 702 360 908 406; x_wconf 83' lang='lat' dir='ltr'><strong>regnum</strong></span> <span class='ocrx_word' id='word_1_18' title='bbox 946 343 1046 391; x_wconf 86' lang='lat' dir='ltr'><strong>Dei</strong></span> <span class='ocrx_word' id='word_1_19' title='bbox 1079 343 1130 389; x_wconf 80' lang='lat' dir='ltr'><strong>in</strong></span> <span class='ocrx_word' id='word_1_20' title='bbox 1155 343 1356 391; x_wconf 79' lang='lat' dir='ltr'><strong>virtute.</strong></span> <span class='ocrx_word' id='word_1_21' title='bbox 1427 345 1555 392; x_wconf 87' lang='lat' dir='ltr'><strong>Nam</strong></span> <span class='ocrx_word' id='word_1_22' title='bbox 1580 344 1621 392; x_wconf 91' lang='lat' dir='ltr'><strong>si</strong></span> <span class='ocrx_word' id='word_1_23' title='bbox 1644 360 1849 409; x_wconf 85' lang='lat' dir='ltr'><strong>regnum</strong></span> 
     </span>
     <span class='ocr_line' id='line_1_9' title="bbox 459 418 1849 479; baseline 0.003 -14"><span class='ocrx_word' id='word_1_24' title='bbox 459 418 549 465; x_wconf 92' lang='lat' dir='ltr'><strong>Dei</strong></span> <span class='ocrx_word' id='word_1_25' title='bbox 582 426 840 466; x_wconf 88' lang='lat' dir='ltr'><strong>venturum</strong></span> <span class='ocrx_word' id='word_1_26' title='bbox 882 427 986 466; x_wconf 85' lang='lat' dir='ltr'><strong>erat</strong></span> <span class='ocrx_word' id='word_1_27' title='bbox 1023 418 1074 465; x_wconf 91' lang='lat' dir='ltr'><strong>in</strong></span> <span class='ocrx_word' id='word_1_28' title='bbox 1112 419 1470 467; x_wconf 85' lang='lat' dir='ltr'><strong>resurrectione</strong></span> <span class='ocrx_word' id='word_1_29' title='bbox 1513 420 1715 479; x_wconf 86' lang='lat' dir='ltr'><strong>Christi,</strong></span> <span class='ocrx_word' id='word_1_30' title='bbox 1760 437 1849 469; x_wconf 90' lang='lat' dir='ltr'><strong>cur</strong></span> 
     </span>
     <span class='ocr_line' id='line_1_10' title="bbox 458 494 1845 558; baseline 0.004 -18"><span class='ocrx_word' id='word_1_31' title='bbox 458 494 594 551; x_wconf 86' lang='lat' dir='ltr'><strong>dixit,</strong></span> <span class='ocrx_word' id='word_1_32' title='bbox 612 510 778 541; x_wconf 85' lang='lat' dir='ltr'><strong>eorum</strong></span> <span class='ocrx_word' id='word_1_33' title='bbox 795 494 971 558; x_wconf 78' lang='lat' dir='ltr'><strong>aliqui,</strong></span> <span class='ocrx_word' id='word_1_34' title='bbox 988 494 1150 557; x_wconf 89' lang='lat' dir='ltr'><strong>potius</strong></span> <span class='ocrx_word' id='word_1_35' title='bbox 1171 511 1317 558; x_wconf 87' lang='lat' dir='ltr'><strong>quam</strong></span> <span class='ocrx_word' id='word_1_36' title='bbox 1337 512 1499 542; x_wconf 76' lang='lat' dir='ltr'><strong>omnes</strong></span> <span class='ocrx_word' id='word_1_37' title='bbox 1517 496 1568 543; x_wconf 94' lang='lat' dir='ltr'><strong>id</strong></span> <span class='ocrx_word' id='word_1_38' title='bbox 1585 496 1845 545; x_wconf 89' lang='lat' dir='ltr'><strong>videbunt:</strong></span> 
     </span>
     <span class='ocr_line' id='line_1_11' title="bbox 455 568 1811 632; baseline 0.004 -17"><span class='ocrx_word' id='word_1_39' title='bbox 455 568 681 616; x_wconf 86' lang='lat' dir='ltr'><strong>vixerunt</strong></span> <span class='ocrx_word' id='word_1_40' title='bbox 705 570 833 616; x_wconf 90' lang='lat' dir='ltr'><strong>enim</strong></span> <span class='ocrx_word' id='word_1_41' title='bbox 855 577 965 632; x_wconf 92' lang='lat' dir='ltr'><strong>post</strong></span> <span class='ocrx_word' id='word_1_42' title='bbox 990 570 1172 617; x_wconf 83' lang='lat' dir='ltr'><strong>Christi</strong></span> <span class='ocrx_word' id='word_1_43' title='bbox 1202 571 1607 619; x_wconf 83' lang='lat' dir='ltr'><strong>resurrectionem</strong></span> <span class='ocrx_word' id='word_1_44' title='bbox 1632 589 1811 620; x_wconf 82' lang='lat' dir='ltr'><strong>omnes.</strong></span> 
     </span>
     <span class='ocr_line' id='line_1_12' title="bbox 523 644 1846 709; baseline 0.004 -18"><span class='ocrx_word' id='word_1_45' title='bbox 523 644 617 691; x_wconf 84' lang='lat' dir='ltr'><strong>Sed</strong></span> <span class='ocrx_word' id='word_1_46' title='bbox 643 645 703 692; x_wconf 86' lang='lat' dir='ltr'><strong>ad</strong></span> <span class='ocrx_word' id='word_1_47' title='bbox 730 645 1105 708; x_wconf 86' lang='lat' dir='ltr'><strong>explicationem</strong></span> <span class='ocrx_word' id='word_1_48' title='bbox 1129 645 1273 709; x_wconf 88' lang='lat' dir='ltr'><strong>hujus</strong></span> <span class='ocrx_word' id='word_1_49' title='bbox 1297 645 1393 693; x_wconf 89' lang='lat' dir='ltr'><strong>loci</strong></span> <span class='ocrx_word' id='word_1_50' title='bbox 1413 662 1511 693; x_wconf 91' lang='lat' dir='ltr'><strong>non</strong></span> <span class='ocrx_word' id='word_1_51' title='bbox 1530 663 1705 709; x_wconf 88' lang='lat' dir='ltr'><strong>parum</strong></span> <span class='ocrx_word' id='word_1_52' title='bbox 1728 663 1846 696; x_wconf 88' lang='lat' dir='ltr'><strong>con-</strong></span> 
     </span>
     <span class='ocr_line' id='line_1_13' title="bbox 454 717 1845 772; baseline 0.004 -6"><span class='ocrx_word' id='word_1_53' title='bbox 454 719 616 767; x_wconf 88' lang='lat' dir='ltr'><strong>ferunt</strong></span> <span class='ocrx_word' id='word_1_54' title='bbox 639 717 789 768; x_wconf 87' lang='lat' dir='ltr'><strong>verba</strong></span> <span class='ocrx_word' id='word_1_55' title='bbox 827 720 1098 768; x_wconf 90' lang='lat' dir='ltr'><strong>Servatoris</strong></span> <span class='ocrx_word' id='word_1_56' title='bbox 1135 721 1292 768; x_wconf 86' lang='lat' dir='ltr'><strong>nostri</strong></span> <span class='ocrx_word' id='word_1_57' title='bbox 1328 721 1388 769; x_wconf 91' lang='lat' dir='ltr'><strong>de</strong></span> <span class='ocrx_word' id='word_1_58' title='bbox 1414 722 1596 770; x_wconf 90' lang='lat' dir='ltr'><strong>Sancto</strong></span> <span class='ocrx_word' id='word_1_59' title='bbox 1618 723 1845 772; x_wconf 85' lang='lat' dir='ltr'><strong>Johanne</strong></span> 
     </span>
     <span class='ocr_line' id='line_1_14' title="bbox 453 795 1845 859; baseline 0.004 -17"><span class='ocrx_word' id='word_1_60' title='bbox 453 795 516 843; x_wconf 86' lang='lat' dir='ltr'><strong>ad</strong></span> <span class='ocrx_word' id='word_1_61' title='bbox 554 795 788 843; x_wconf 88' lang='lat' dir='ltr'><strong>Sanctum</strong></span> <span class='ocrx_word' id='word_1_62' title='bbox 827 796 1024 843; x_wconf 89' lang='lat' dir='ltr'><strong>Petrum</strong></span> <span class='ocrx_word' id='word_1_63' title='bbox 1057 796 1254 856; x_wconf 81' lang='lat' dir='ltr'><strong>(Johan.</strong></span> <span class='ocrx_word' id='word_1_64' title='bbox 1275 797 1373 844; x_wconf 82' lang='lat' dir='ltr'><strong>xxi.</strong></span> <span class='ocrx_word' id='word_1_65' title='bbox 1399 803 1480 855; x_wconf 82' lang='lat'><strong>22,</strong></span> <span class='ocrx_word' id='word_1_66' title='bbox 1505 799 1616 859; x_wconf 85' lang='lat'>23):</span> <span class='ocrx_word' id='word_1_67' title='bbox 1653 798 1700 845; x_wconf 86' lang='lat' dir='ltr'><strong>si</strong></span> <span class='ocrx_word' id='word_1_68' title='bbox 1737 816 1845 847; x_wconf 87' lang='lat' dir='ltr'><strong>eum</strong></span> 
     </span>
     <span class='ocr_line' id='line_1_15' title="bbox 453 870 1844 935; baseline 0.004 -19"><span class='ocrx_word' id='word_1_69' title='bbox 453 870 559 917; x_wconf 83' lang='lat' dir='ltr'><strong>volo</strong></span> <span class='ocrx_word' id='word_1_70' title='bbox 601 886 799 918; x_wconf 85' lang='lat' dir='ltr'><strong>manere</strong></span> <span class='ocrx_word' id='word_1_71' title='bbox 841 870 995 918; x_wconf 83' lang='lat' dir='ltr'><strong>donee</strong></span> <span class='ocrx_word' id='word_1_72' title='bbox 1036 871 1242 930; x_wconf 87' lang='lat' dir='ltr'><strong>veniam,</strong></span> <span class='ocrx_word' id='word_1_73' title='bbox 1268 872 1395 935; x_wconf 81' lang='lat' dir='ltr'><strong>quid</strong></span> <span class='ocrx_word' id='word_1_74' title='bbox 1428 873 1501 920; x_wconf 84' lang='lat' dir='ltr'><strong>ad</strong></span> <span class='ocrx_word' id='word_1_75' title='bbox 1529 876 1626 922; x_wconf 72' lang='lat' dir='ltr'><strong>te?</strong></span> <span class='ocrx_word' id='word_1_76' title='bbox 1693 873 1844 922; x_wconf 80' lang='lat' dir='ltr'><strong>Exiit</strong></span> 
     </span>
     <span class='ocr_line' id='line_1_16' title="bbox 452 946 1851 1014; baseline 0.004 -22"><span class='ocrx_word' id='word_1_77' title='bbox 452 962 575 1010; x_wconf 83' lang='lat' dir='ltr'><strong>ergo</strong></span> <span class='ocrx_word' id='word_1_78' title='bbox 600 962 760 993; x_wconf 85' lang='lat' dir='ltr'><strong>sermo</strong></span> <span class='ocrx_word' id='word_1_79' title='bbox 786 946 882 993; x_wconf 86' lang='lat' dir='ltr'><strong>iste</strong></span> <span class='ocrx_word' id='word_1_80' title='bbox 906 947 1274 1011; x_wconf 79' lang='lat' dir='ltr'><strong>interfralres,</strong></span> <span class='ocrx_word' id='word_1_81' title='bbox 1299 948 1418 1012; x_wconf 81' lang='lat' dir='ltr'><strong>quia</strong></span> <span class='ocrx_word' id='word_1_82' title='bbox 1453 948 1731 1014; x_wconf 78' lang='lat' dir='ltr'><strong>discipulus</strong></span> <span class='ocrx_word' id='word_1_83' title='bbox 1755 950 1851 1012; x_wconf 60' lang='lat' dir='ltr'><strong>ille,</strong></span> 
     </span>
     <span class='ocr_line' id='line_1_17' title="bbox 450 1022 1842 1074; baseline 0.004 -6"><span class='ocrx_word' id='word_1_84' title='bbox 450 1038 544 1069; x_wconf 89' lang='lat' dir='ltr'><strong>non</strong></span> <span class='ocrx_word' id='word_1_85' title='bbox 567 1022 791 1070; x_wconf 77' lang='lat' dir='ltr'><strong>moritur.</strong></span> <span class='ocrx_word' id='word_1_86' title='bbox 845 1022 1014 1070; x_wconf 87' lang='lat' dir='ltr'><strong>Sermo</strong></span> <span class='ocrx_word' id='word_1_87' title='bbox 1037 1031 1201 1070; x_wconf 87' lang='lat' dir='ltr'><strong>autem</strong></span> <span class='ocrx_word' id='word_1_88' title='bbox 1221 1023 1301 1071; x_wconf 90' lang='lat' dir='ltr'><strong>ille</strong></span> <span class='ocrx_word' id='word_1_89' title='bbox 1320 1041 1349 1071; x_wconf 89' lang='lat' dir='ltr'><strong>a</strong></span> <span class='ocrx_word' id='word_1_90' title='bbox 1371 1025 1565 1072; x_wconf 88' lang='lat' dir='ltr'><strong>nemine</strong></span> <span class='ocrx_word' id='word_1_91' title='bbox 1585 1026 1842 1074; x_wconf 86' lang='lat' dir='ltr'><strong>confirma-</strong></span> 
     </span>
     <span class='ocr_line' id='line_1_18' title="bbox 450 1098 1841 1165; baseline 0.005 -22"><span class='ocrx_word' id='word_1_92' title='bbox 450 1105 528 1144; x_wconf 92' lang='lat' dir='ltr'><strong>tus</strong></span> <span class='ocrx_word' id='word_1_93' title='bbox 566 1113 723 1160; x_wconf 90' lang='lat' dir='ltr'><strong>neque</strong></span> <span class='ocrx_word' id='word_1_94' title='bbox 762 1098 1017 1158; x_wconf 86' lang='lat' dir='ltr'><strong>refutatus,</strong></span> <span class='ocrx_word' id='word_1_95' title='bbox 1053 1099 1138 1146; x_wconf 91' lang='lat' dir='ltr'><strong>sed</strong></span> <span class='ocrx_word' id='word_1_96' title='bbox 1178 1100 1375 1148; x_wconf 85' lang='lat' dir='ltr'><strong>relictus</strong></span> <span class='ocrx_word' id='word_1_97' title='bbox 1416 1109 1506 1159; x_wconf 91' lang='lat' dir='ltr'><strong>est,</strong></span> <span class='ocrx_word' id='word_1_98' title='bbox 1530 1109 1586 1149; x_wconf 91' lang='lat' dir='ltr'><strong>ut</strong></span> <span class='ocrx_word' id='word_1_99' title='bbox 1619 1102 1704 1165; x_wconf 92' lang='lat' dir='ltr'><strong>qui</strong></span> <span class='ocrx_word' id='word_1_100' title='bbox 1741 1118 1841 1150; x_wconf 88' lang='lat' dir='ltr'><strong>non</strong></span> 
     </span>
     <span class='ocr_line' id='line_1_19' title="bbox 450 1173 1842 1236; baseline 0.004 -17"><span class='ocrx_word' id='word_1_101' title='bbox 450 1173 818 1236; x_wconf 82' lang='lat' dir='ltr'><strong>intelligeretur.</strong></span> <span class='ocrx_word' id='word_1_102' title='bbox 888 1174 1239 1233; x_wconf 84' lang='lat' dir='ltr'><strong>Veruntamen,</strong></span> <span class='ocrx_word' id='word_1_103' title='bbox 1278 1175 1318 1222; x_wconf 89' lang='lat' dir='ltr'><strong>si</strong></span> <span class='ocrx_word' id='word_1_104' title='bbox 1355 1191 1550 1223; x_wconf 89' lang='lat' dir='ltr'><strong>sensum</strong></span> <span class='ocrx_word' id='word_1_105' title='bbox 1585 1176 1713 1224; x_wconf 91' lang='lat' dir='ltr'><strong>illius</strong></span> <span class='ocrx_word' id='word_1_106' title='bbox 1746 1177 1842 1225; x_wconf 89' lang='lat' dir='ltr'><strong>loci</strong></span> 
     </span>
     <span class='ocr_line' id='line_1_20' title="bbox 449 1250 1841 1316; baseline 0.003 -19"><span class='ocrx_word' id='word_1_107' title='bbox 449 1250 688 1313; x_wconf 83' lang='lat' dir='ltr'><strong>conjicere</strong></span> <span class='ocrx_word' id='word_1_108' title='bbox 711 1250 857 1298; x_wconf 87' lang='lat' dir='ltr'><strong>liceat</strong></span> <span class='ocrx_word' id='word_1_109' title='bbox 881 1267 939 1298; x_wconf 84' lang='lat' dir='ltr'><strong>ex</strong></span> <span class='ocrx_word' id='word_1_110' title='bbox 965 1266 1022 1298; x_wconf 91' lang='lat' dir='ltr'><strong>eo</strong></span> <span class='ocrx_word' id='word_1_111' title='bbox 1056 1251 1187 1314; x_wconf 91' lang='lat' dir='ltr'><strong>quod</strong></span> <span class='ocrx_word' id='word_1_112' title='bbox 1219 1251 1501 1299; x_wconf 84' lang='lat' dir='ltr'><strong>immediate</strong></span> <span class='ocrx_word' id='word_1_113' title='bbox 1525 1252 1747 1316; x_wconf 89' lang='lat' dir='ltr'><strong>sequitur</strong></span> <span class='ocrx_word' id='word_1_114' title='bbox 1769 1252 1841 1301; x_wconf 94' lang='lat' dir='ltr'><strong>lo-</strong></span> 
     </span>
     <span class='ocr_line' id='line_1_21' title="bbox 450 1325 1841 1382; baseline 0.002 -9"><span class='ocrx_word' id='word_1_115' title='bbox 450 1342 561 1373; x_wconf 88' lang='lat' dir='ltr'><strong>cum</strong></span> <span class='ocrx_word' id='word_1_116' title='bbox 585 1325 788 1373; x_wconf 90' lang='lat' dir='ltr'><strong>similem</strong></span> <span class='ocrx_word' id='word_1_117' title='bbox 815 1326 982 1374; x_wconf 86' lang='lat' dir='ltr'><strong>Sancti</strong></span> <span class='ocrx_word' id='word_1_118' title='bbox 1006 1326 1167 1382; x_wconf 87' lang='lat' dir='ltr'><strong>Lucae,</strong></span> <span class='ocrx_word' id='word_1_119' title='bbox 1192 1327 1451 1375; x_wconf 90' lang='lat' dir='ltr'><strong>verisimile</strong></span> <span class='ocrx_word' id='word_1_120' title='bbox 1483 1338 1559 1375; x_wconf 88' lang='lat' dir='ltr'><strong>est</strong></span> <span class='ocrx_word' id='word_1_121' title='bbox 1582 1329 1735 1376; x_wconf 85' lang='lat' dir='ltr'><strong>verba</strong></span> <span class='ocrx_word' id='word_1_122' title='bbox 1757 1329 1841 1377; x_wconf 88' lang='lat' dir='ltr'><strong>illa</strong></span> 
     </span>
     <span class='ocr_line' id='line_1_22' title="bbox 449 1402 1840 1467; baseline 0.003 -18"><span class='ocrx_word' id='word_1_123' title='bbox 449 1402 581 1449; x_wconf 89' lang='lat' dir='ltr'><strong>dicta</strong></span> <span class='ocrx_word' id='word_1_124' title='bbox 617 1417 719 1450; x_wconf 87' lang='lat' dir='ltr'><strong>esse</strong></span> <span class='ocrx_word' id='word_1_125' title='bbox 752 1402 812 1449; x_wconf 92' lang='lat' dir='ltr'><strong>de</strong></span> <span class='ocrx_word' id='word_1_126' title='bbox 846 1402 1026 1450; x_wconf 89' lang='lat' dir='ltr'><strong>Christi</strong></span> <span class='ocrx_word' id='word_1_127' title='bbox 1050 1403 1497 1465; x_wconf 86' lang='lat' dir='ltr'><strong>transfiguratione,</strong></span> <span class='ocrx_word' id='word_1_128' title='bbox 1523 1420 1633 1467; x_wconf 87' lang='lat' dir='ltr'><strong>quae</strong></span> <span class='ocrx_word' id='word_1_129' title='bbox 1658 1403 1840 1453; x_wconf 89' lang='lat' dir='ltr'><strong>descri-</strong></span> 
     </span>
     <span class='ocr_line' id='line_1_23' title="bbox 449 1479 1838 1543; baseline 0.002 -17"><span class='ocrx_word' id='word_1_130' title='bbox 449 1479 582 1526; x_wconf 89' lang='lat' dir='ltr'><strong>bitur</strong></span> <span class='ocrx_word' id='word_1_131' title='bbox 611 1480 662 1526; x_wconf 91' lang='lat' dir='ltr'><strong>in</strong></span> <span class='ocrx_word' id='word_1_132' title='bbox 689 1479 909 1526; x_wconf 86' lang='lat' dir='ltr'><strong>versibus</strong></span> <span class='ocrx_word' id='word_1_133' title='bbox 944 1479 1224 1528; x_wconf 87' lang='lat' dir='ltr'><strong>immediate</strong></span> <span class='ocrx_word' id='word_1_134' title='bbox 1258 1481 1573 1543; x_wconf 87' lang='lat' dir='ltr'><strong>sequentibus</strong></span> <span class='ocrx_word' id='word_1_135' title='bbox 1609 1481 1749 1542; x_wconf 88' lang='lat' dir='ltr'><strong>(Luc.</strong></span> <span class='ocrx_word' id='word_1_136' title='bbox 1774 1481 1838 1529; x_wconf 84' lang='lat' dir='ltr'><strong>ix.</strong></span> 
     </span>
     <span class='ocr_line' id='line_1_24' title="bbox 450 1554 1840 1620; baseline 0.001 -17"><span class='ocrx_word' id='word_1_137' title='bbox 450 1555 658 1615; x_wconf 84' lang='lat'>28-31):</span> <span class='ocrx_word' id='word_1_138' title='bbox 695 1554 903 1602; x_wconf 81' lang='lat' dir='ltr'><strong>Factum</strong></span> <span class='ocrx_word' id='word_1_139' title='bbox 934 1562 1011 1603; x_wconf 87' lang='lat' dir='ltr'><strong>est</strong></span> <span class='ocrx_word' id='word_1_140' title='bbox 1048 1562 1211 1603; x_wconf 85' lang='lat' dir='ltr'><strong>autem</strong></span> <span class='ocrx_word' id='word_1_141' title='bbox 1235 1562 1360 1619; x_wconf 81' lang='lat' dir='ltr'><strong>post</strong></span> <span class='ocrx_word' id='word_1_142' title='bbox 1395 1555 1500 1603; x_wconf 77' lang='lat' dir='ltr'><strong>hoee</strong></span> <span class='ocrx_word' id='word_1_143' title='bbox 1535 1555 1689 1604; x_wconf 86' lang='lat' dir='ltr'><strong>verba</strong></span> <span class='ocrx_word' id='word_1_144' title='bbox 1708 1556 1840 1620; x_wconf 82' lang='lat' dir='ltr'><strong>fere</strong></span> 
     </span>
     <span class='ocr_line' id='line_1_25' title="bbox 449 1630 1839 1695; baseline 0.001 -17"><span class='ocrx_word' id='word_1_145' title='bbox 449 1630 558 1678; x_wconf 82' lang='lat' dir='ltr'><strong>dies</strong></span> <span class='ocrx_word' id='word_1_146' title='bbox 581 1637 690 1677; x_wconf 81' lang='lat' dir='ltr'><strong>octo</strong></span> <span class='ocrx_word' id='word_1_147' title='bbox 714 1637 763 1678; x_wconf 89' lang='lat' dir='ltr'><strong>et</strong></span> <span class='ocrx_word' id='word_1_148' title='bbox 782 1631 1051 1695; x_wconf 73' lang='lat' dir='ltr'><strong>assumpsit</strong></span> <span class='ocrx_word' id='word_1_149' title='bbox 1074 1631 1290 1690; x_wconf 81' lang='lat' dir='ltr'><strong>Petrum,</strong></span> <span class='ocrx_word' id='word_1_150' title='bbox 1311 1631 1566 1690; x_wconf 72' lang='lat' dir='ltr'><strong>dac-obum,</strong></span> <span class='ocrx_word' id='word_1_151' title='bbox 1586 1638 1637 1679; x_wconf 87' lang='lat' dir='ltr'><strong>et</strong></span> <span class='ocrx_word' id='word_1_152' title='bbox 1653 1631 1839 1680; x_wconf 79' lang='lat' dir='ltr'><strong>Jolzan·</strong></span> 
     </span>
     <span class='ocr_line' id='line_1_26' title="bbox 449 1705 1838 1772; baseline 0.004 -20"><span class='ocrx_word' id='word_1_153' title='bbox 449 1722 570 1764; x_wconf 89' lang='lat' dir='ltr'><strong>nem,</strong></span> <span class='ocrx_word' id='word_1_154' title='bbox 595 1712 645 1753; x_wconf 85' lang='lat' dir='ltr'><strong>et</strong></span> <span class='ocrx_word' id='word_1_155' title='bbox 669 1705 898 1753; x_wconf 84' lang='lat' dir='ltr'><strong>ascendit</strong></span> <span class='ocrx_word' id='word_1_156' title='bbox 939 1706 989 1753; x_wconf 85' lang='lat' dir='ltr'><strong>in</strong></span> <span class='ocrx_word' id='word_1_157' title='bbox 1027 1713 1232 1754; x_wconf 87' lang='lat' dir='ltr'><strong>montem</strong></span> <span class='ocrx_word' id='word_1_158' title='bbox 1269 1713 1323 1754; x_wconf 91' lang='lat' dir='ltr'><strong>ut</strong></span> <span class='ocrx_word' id='word_1_159' title='bbox 1358 1713 1569 1755; x_wconf 80' lang='lat' dir='ltr'><strong>oraret:</strong></span> <span class='ocrx_word' id='word_1_160' title='bbox 1605 1713 1655 1755; x_wconf 90' lang='lat' dir='ltr'><strong>et</strong></span> <span class='ocrx_word' id='word_1_161' title='bbox 1671 1707 1838 1772; x_wconf 84' lang='lat' dir='ltr'><strong>facta</strong></span> 
     </span>
     <span class='ocr_line' id='line_1_27' title="bbox 451 1781 1838 1845; baseline 0.002 -17"><span class='ocrx_word' id='word_1_162' title='bbox 451 1788 544 1838; x_wconf 87' lang='lat' dir='ltr'><strong>est,</strong></span> <span class='ocrx_word' id='word_1_163' title='bbox 584 1781 694 1828; x_wconf 87' lang='lat' dir='ltr'><strong>dum</strong></span> <span class='ocrx_word' id='word_1_164' title='bbox 730 1787 921 1840; x_wconf 86' lang='lat' dir='ltr'><strong>oraret,</strong></span> <span class='ocrx_word' id='word_1_165' title='bbox 959 1781 1152 1845; x_wconf 80' lang='lat' dir='ltr'><strong>speeies</strong></span> <span class='ocrx_word' id='word_1_166' title='bbox 1198 1781 1360 1829; x_wconf 85' lang='lat' dir='ltr'><strong>vultus</strong></span> <span class='ocrx_word' id='word_1_167' title='bbox 1402 1782 1509 1844; x_wconf 80' lang='lat' dir='ltr'><strong>ejus</strong></span> <span class='ocrx_word' id='word_1_168' title='bbox 1560 1781 1745 1841; x_wconf 81' lang='lat' dir='ltr'><strong>altera,</strong></span> <span class='ocrx_word' id='word_1_169' title='bbox 1787 1790 1838 1832; x_wconf 89' lang='lat' dir='ltr'><strong>et</strong></span> 
     </span>
     <span class='ocr_line' id='line_1_28' title="bbox 448 1855 1837 1921; baseline 0.002 -18"><span class='ocrx_word' id='word_1_170' title='bbox 448 1856 653 1903; x_wconf 84' lang='lat' dir='ltr'><strong>vestitus</strong></span> <span class='ocrx_word' id='word_1_171' title='bbox 678 1857 784 1919; x_wconf 80' lang='lat' dir='ltr'><strong>ejus</strong></span> <span class='ocrx_word' id='word_1_172' title='bbox 809 1855 953 1903; x_wconf 84' lang='lat' dir='ltr'><strong>albus</strong></span> <span class='ocrx_word' id='word_1_173' title='bbox 985 1863 1034 1904; x_wconf 90' lang='lat' dir='ltr'><strong>et</strong></span> <span class='ocrx_word' id='word_1_174' title='bbox 1059 1856 1358 1921; x_wconf 77' lang='lat' dir='ltr'><strong>refulgens:</strong></span> <span class='ocrx_word' id='word_1_175' title='bbox 1394 1864 1444 1905; x_wconf 87' lang='lat' dir='ltr'><strong>et</strong></span> <span class='ocrx_word' id='word_1_176' title='bbox 1467 1873 1597 1916; x_wconf 83' lang='lat' dir='ltr'><strong>ecee,</strong></span> <span class='ocrx_word' id='word_1_177' title='bbox 1617 1857 1714 1905; x_wconf 85' lang='lat' dir='ltr'><strong>duo</strong></span> <span class='ocrx_word' id='word_1_178' title='bbox 1738 1858 1837 1906; x_wconf 79' lang='lat' dir='ltr'><strong>viri</strong></span> 
     </span>
     <span class='ocr_line' id='line_1_29' title="bbox 448 1931 1835 1995; baseline 0.003 -17"><span class='ocrx_word' id='word_1_179' title='bbox 448 1931 774 1995; x_wconf 81' lang='lat' dir='ltr'><strong>loquebantur</strong></span> <span class='ocrx_word' id='word_1_180' title='bbox 794 1948 899 1979; x_wconf 79' lang='lat' dir='ltr'><strong>cum</strong></span> <span class='ocrx_word' id='word_1_181' title='bbox 924 1931 1012 1979; x_wconf 85' lang='lat' dir='ltr'><strong>illo</strong></span> <span class='ocrx_word' id='word_1_182' title='bbox 1023 1950 1041 1987; x_wconf 90' lang='lat'><em>;</em></span> <span class='ocrx_word' id='word_1_183' title='bbox 1066 1939 1212 1979; x_wconf 87' lang='lat' dir='ltr'><strong>erant</strong></span> <span class='ocrx_word' id='word_1_184' title='bbox 1233 1939 1395 1980; x_wconf 87' lang='lat' dir='ltr'><strong>autem</strong></span> <span class='ocrx_word' id='word_1_185' title='bbox 1409 1932 1582 1980; x_wconf 89' lang='lat' dir='ltr'><strong>Moses</strong></span> <span class='ocrx_word' id='word_1_186' title='bbox 1599 1939 1650 1981; x_wconf 88' lang='lat' dir='ltr'><strong>et</strong></span> <span class='ocrx_word' id='word_1_187' title='bbox 1666 1933 1835 1993; x_wconf 86' lang='lat' dir='ltr'><strong>Elias,</strong></span> 
     </span>
     <span class='ocr_line' id='line_1_30' title="bbox 446 2007 1837 2072; baseline 0.003 -18"><span class='ocrx_word' id='word_1_188' title='bbox 446 2007 541 2054; x_wconf 83' lang='lat' dir='ltr'><strong>visi</strong></span> <span class='ocrx_word' id='word_1_189' title='bbox 564 2007 614 2055; x_wconf 83' lang='lat' dir='ltr'><strong>in</strong></span> <span class='ocrx_word' id='word_1_190' title='bbox 632 2008 909 2070; x_wconf 81' lang='lat' dir='ltr'><strong>majestate.</strong></span> <span class='ocrx_word' id='word_1_191' title='bbox 946 2007 1187 2055; x_wconf 88' lang='lat' dir='ltr'><strong>Viderunt</strong></span> <span class='ocrx_word' id='word_1_192' title='bbox 1205 2023 1321 2071; x_wconf 89' lang='lat' dir='ltr'><strong>ergo</strong></span> <span class='ocrx_word' id='word_1_193' title='bbox 1341 2007 1592 2056; x_wconf 88' lang='lat' dir='ltr'><strong>Christum</strong></span> <span class='ocrx_word' id='word_1_194' title='bbox 1610 2008 1661 2056; x_wconf 93' lang='lat' dir='ltr'><strong>in</strong></span> <span class='ocrx_word' id='word_1_195' title='bbox 1680 2009 1837 2072; x_wconf 84' lang='lat' dir='ltr'><strong>gloria</strong></span> 
     </span>
     <span class='ocr_line' id='line_1_31' title="bbox 445 2083 1834 2146; baseline 0.003 -16"><span class='ocrx_word' id='word_1_196' title='bbox 445 2091 497 2130; x_wconf 91' lang='lat' dir='ltr'><strong>et</strong></span> <span class='ocrx_word' id='word_1_197' title='bbox 521 2084 789 2145; x_wconf 88' lang='lat' dir='ltr'><strong>majestate,</strong></span> <span class='ocrx_word' id='word_1_198' title='bbox 808 2083 1218 2146; x_wconf 90' lang='lat' dir='ltr'><strong>quemadmodum</strong></span> <span class='ocrx_word' id='word_1_199' title='bbox 1241 2091 1477 2132; x_wconf 84' lang='lat' dir='ltr'><strong>venturus</strong></span> <span class='ocrx_word' id='word_1_200' title='bbox 1500 2092 1591 2133; x_wconf 90' lang='lat' dir='ltr'><strong>est.</strong></span> <span class='ocrx_word' id='word_1_201' title='bbox 1650 2085 1834 2134; x_wconf 85' lang='lat' dir='ltr'><strong>Eadem</strong></span> 
     </span>
     <span class='ocr_line' id='line_1_32' title="bbox 446 2159 1831 2221; baseline 0.003 -16"><span class='ocrx_word' id='word_1_202' title='bbox 446 2159 648 2206; x_wconf 84' lang='lat' dir='ltr'><strong>historia</strong></span> <span class='ocrx_word' id='word_1_203' title='bbox 684 2159 830 2206; x_wconf 87' lang='lat' dir='ltr'><strong>etiam</strong></span> <span class='ocrx_word' id='word_1_204' title='bbox 865 2175 894 2206; x_wconf 91' lang='lat' dir='ltr'><strong>a</strong></span> <span class='ocrx_word' id='word_1_205' title='bbox 931 2159 979 2207; x_wconf 84' lang='lat' dir='ltr'><strong>S.</strong></span> <span class='ocrx_word' id='word_1_206' title='bbox 1001 2159 1239 2208; x_wconf 87' lang='lat' dir='ltr'><strong>Matthaeo</strong></span> <span class='ocrx_word' id='word_1_207' title='bbox 1263 2159 1395 2219; x_wconf 87' lang='lat' dir='ltr'><strong>(xvii.</strong></span> <span class='ocrx_word' id='word_1_208' title='bbox 1427 2160 1530 2221; x_wconf 89' lang='lat'>1-6)</span> <span class='ocrx_word' id='word_1_209' title='bbox 1569 2160 1831 2209; x_wconf 80' lang='lat' dir='ltr'><strong>recitatur:</strong></span> 
     </span>
     <span class='ocr_line' id='line_1_33' title="bbox 445 2232 1832 2297; baseline 0.002 -17"><span class='ocrx_word' id='word_1_210' title='bbox 445 2232 518 2281; x_wconf 93' lang='lat' dir='ltr'><strong>Et</strong></span> <span class='ocrx_word' id='word_1_211' title='bbox 544 2241 666 2297; x_wconf 80' lang='lat' dir='ltr'><strong>post</strong></span> <span class='ocrx_word' id='word_1_212' title='bbox 702 2234 810 2282; x_wconf 84' lang='lat' dir='ltr'><strong>dies</strong></span> <span class='ocrx_word' id='word_1_213' title='bbox 838 2250 928 2281; x_wconf 78' lang='lat' dir='ltr'><strong>sex</strong></span> <span class='ocrx_word' id='word_1_214' title='bbox 954 2234 1162 2282; x_wconf 76' lang='lat' dir='ltr'><strong>assumit</strong></span> <span class='ocrx_word' id='word_1_215' title='bbox 1186 2234 1337 2282; x_wconf 81' lang='lat' dir='ltr'><strong>Jesus</strong></span> <span class='ocrx_word' id='word_1_216' title='bbox 1365 2234 1584 2294; x_wconf 80' lang='lat' dir='ltr'><strong>Petrum,</strong></span> <span class='ocrx_word' id='word_1_217' title='bbox 1609 2242 1660 2283; x_wconf 92' lang='lat' dir='ltr'><strong>et</strong></span> <span class='ocrx_word' id='word_1_218' title='bbox 1682 2235 1832 2284; x_wconf 85' lang='lat' dir='ltr'><strong>Jaco-</strong></span> 
     </span>
     <span class='ocr_line' id='line_1_34' title="bbox 442 2307 1833 2372; baseline 0.003 -17"><span class='ocrx_word' id='word_1_219' title='bbox 442 2307 567 2364; x_wconf 80' lang='lat' dir='ltr'><strong>bum,</strong></span> <span class='ocrx_word' id='word_1_220' title='bbox 592 2316 641 2356; x_wconf 90' lang='lat' dir='ltr'><strong>et</strong></span> <span class='ocrx_word' id='word_1_221' title='bbox 665 2308 954 2366; x_wconf 75' lang='lat' dir='ltr'><strong>Johannem,</strong></span> <span class='ocrx_word' id='word_1_222' title='bbox 979 2315 1073 2357; x_wconf 84' lang='lat' dir='ltr'><strong>etc.</strong></span> <span class='ocrx_word' id='word_1_223' title='bbox 1091 2327 1108 2356; x_wconf 92' lang='lat'><strong>.·</strong></span> <span class='ocrx_word' id='word_1_224' title='bbox 1143 2309 1228 2357; x_wconf 94' lang='lat' dir='ltr'><strong>ubi</strong></span> <span class='ocrx_word' id='word_1_225' title='bbox 1260 2309 1469 2372; x_wconf 86' lang='lat' dir='ltr'><strong>apostoli</strong></span> <span class='ocrx_word' id='word_1_226' title='bbox 1505 2309 1575 2357; x_wconf 92' lang='lat' dir='ltr'><strong>illi</strong></span> <span class='ocrx_word' id='word_1_227' title='bbox 1600 2309 1833 2360; x_wconf 87' lang='lat' dir='ltr'><strong>dicuntur</strong></span> 
     </span>
     <span class='ocr_line' id='line_1_35' title="bbox 445 2384 1831 2449; baseline 0.004 -19"><span class='ocrx_word' id='word_1_228' title='bbox 445 2384 667 2432; x_wconf 79' lang='lat' dir='ltr'><strong>timuisse</strong></span> <span class='ocrx_word' id='word_1_229' title='bbox 689 2384 852 2432; x_wconf 84' lang='lat' dir='ltr'><strong>valde.</strong></span> <span class='ocrx_word' id='word_1_230' title='bbox 923 2385 1086 2447; x_wconf 88' lang='lat' dir='ltr'><strong>Atque</strong></span> <span class='ocrx_word' id='word_1_231' title='bbox 1118 2386 1214 2433; x_wconf 86' lang='lat' dir='ltr'><strong>hoc</strong></span> <span class='ocrx_word' id='word_1_232' title='bbox 1247 2384 1393 2433; x_wconf 92' lang='lat' dir='ltr'><strong>modo</strong></span> <span class='ocrx_word' id='word_1_233' title='bbox 1417 2385 1716 2449; x_wconf 86' lang='lat' dir='ltr'><strong>completum</strong></span> <span class='ocrx_word' id='word_1_234' title='bbox 1739 2395 1831 2447; x_wconf 90' lang='lat' dir='ltr'><strong>est,</strong></span> 
     </span>
     <span class='ocr_line' id='line_1_36' title="bbox 446 2459 1832 2525; baseline 0.004 -19"><span class='ocrx_word' id='word_1_235' title='bbox 446 2475 619 2522; x_wconf 89' lang='lat' dir='ltr'><strong>nempe</strong></span> <span class='ocrx_word' id='word_1_236' title='bbox 642 2475 730 2522; x_wconf 85' lang='lat' dir='ltr'><strong>per</strong></span> <span class='ocrx_word' id='word_1_237' title='bbox 766 2459 964 2507; x_wconf 90' lang='lat' dir='ltr'><strong>modum</strong></span> <span class='ocrx_word' id='word_1_238' title='bbox 987 2459 1205 2518; x_wconf 81' lang='lat' dir='ltr'><strong>visionis,</strong></span> <span class='ocrx_word' id='word_1_239' title='bbox 1232 2460 1364 2524; x_wconf 92' lang='lat' dir='ltr'><strong>quod</strong></span> <span class='ocrx_word' id='word_1_240' title='bbox 1396 2460 1615 2509; x_wconf 88' lang='lat' dir='ltr'><strong>Christus</strong></span> <span class='ocrx_word' id='word_1_241' title='bbox 1650 2463 1832 2525; x_wconf 91' lang='lat' dir='ltr'><strong>promi-</strong></span> 
     </span>
     <span class='ocr_line' id='line_1_37' title="bbox 442 2534 1829 2599; baseline 0.004 -18"><span class='ocrx_word' id='word_1_242' title='bbox 442 2542 590 2582; x_wconf 87' lang='lat' dir='ltr'><strong>serat.</strong></span> <span class='ocrx_word' id='word_1_243' title='bbox 662 2534 826 2583; x_wconf 87' lang='lat' dir='ltr'><strong>Fuisse</strong></span> <span class='ocrx_word' id='word_1_244' title='bbox 862 2534 992 2582; x_wconf 89' lang='lat' dir='ltr'><strong>enim</strong></span> <span class='ocrx_word' id='word_1_245' title='bbox 1028 2534 1277 2594; x_wconf 82' lang='lat' dir='ltr'><strong>visionem,</strong></span> <span class='ocrx_word' id='word_1_246' title='bbox 1301 2535 1470 2584; x_wconf 89' lang='lat' dir='ltr'><strong>inferri</strong></span> <span class='ocrx_word' id='word_1_247' title='bbox 1503 2544 1665 2599; x_wconf 88' lang='lat' dir='ltr'><strong>potest</strong></span> <span class='ocrx_word' id='word_1_248' title='bbox 1687 2553 1748 2586; x_wconf 86' lang='lat' dir='ltr'><strong>ex</strong></span> <span class='ocrx_word' id='word_1_249' title='bbox 1770 2554 1829 2587; x_wconf 86' lang='lat' dir='ltr'><strong>eo</strong></span> 
     </span>
     <span class='ocr_line' id='line_1_38' title="bbox 444 2610 1828 2678; baseline 0.004 -21"><span class='ocrx_word' id='word_1_250' title='bbox 444 2610 578 2672; x_wconf 91' lang='lat' dir='ltr'><strong>quod</strong></span> <span class='ocrx_word' id='word_1_251' title='bbox 614 2610 734 2658; x_wconf 88' lang='lat' dir='ltr'><strong>dicit</strong></span> <span class='ocrx_word' id='word_1_252' title='bbox 775 2611 930 2659; x_wconf 82' lang='lat' dir='ltr'><strong>Lucas</strong></span> <span class='ocrx_word' id='word_1_253' title='bbox 956 2610 1042 2670; x_wconf 86' lang='lat' dir='ltr'><strong>(ix.</strong></span> <span class='ocrx_word' id='word_1_254' title='bbox 1070 2613 1173 2671; x_wconf 86' lang='lat'><strong>32),</strong></span> <span class='ocrx_word' id='word_1_255' title='bbox 1207 2627 1397 2675; x_wconf 91' lang='lat' dir='ltr'><strong>nempe,</strong></span> <span class='ocrx_word' id='word_1_256' title='bbox 1423 2613 1620 2661; x_wconf 90' lang='lat' dir='ltr'><strong>Petrum</strong></span> <span class='ocrx_word' id='word_1_257' title='bbox 1654 2621 1704 2662; x_wconf 89' lang='lat' dir='ltr'><strong>et</strong></span> <span class='ocrx_word' id='word_1_258' title='bbox 1743 2615 1828 2678; x_wconf 89' lang='lat' dir='ltr'><strong>qui</strong></span> 
     </span>
     <span class='ocr_line' id='line_1_39' title="bbox 442 2687 1827 2748; baseline 0.004 -16"><span class='ocrx_word' id='word_1_259' title='bbox 442 2700 554 2732; x_wconf 82' lang='lat' dir='ltr'><strong>cum</strong></span> <span class='ocrx_word' id='word_1_260' title='bbox 581 2702 638 2733; x_wconf 92' lang='lat' dir='ltr'><strong>eo</strong></span> <span class='ocrx_word' id='word_1_261' title='bbox 661 2694 816 2744; x_wconf 83' lang='lat' dir='ltr'><strong>erant,</strong></span> <span class='ocrx_word' id='word_1_262' title='bbox 840 2693 1066 2748; x_wconf 84' lang='lat' dir='ltr'><strong>gravatos</strong></span> <span class='ocrx_word' id='word_1_263' title='bbox 1090 2702 1193 2734; x_wconf 87' lang='lat' dir='ltr'><strong>esse</strong></span> <span class='ocrx_word' id='word_1_264' title='bbox 1217 2703 1418 2735; x_wconf 84' lang='lat' dir='ltr'><strong>somno:</strong></span> <span class='ocrx_word' id='word_1_265' title='bbox 1442 2694 1493 2735; x_wconf 89' lang='lat' dir='ltr'><strong>et</strong></span> <span class='ocrx_word' id='word_1_266' title='bbox 1510 2703 1571 2734; x_wconf 85' lang='lat' dir='ltr'><strong>ex</strong></span> <span class='ocrx_word' id='word_1_267' title='bbox 1588 2687 1827 2738; x_wconf 82' lang='lat' dir='ltr'><strong>Matthaeo</strong></span> 
     </span>
     <span class='ocr_line' id='line_1_40' title="bbox 448 2759 1828 2823; baseline 0.005 -17"><span class='ocrx_word' id='word_1_268' title='bbox 448 2759 582 2820; x_wconf 85' lang='lat' dir='ltr'><strong>(xvii.</strong></span> <span class='ocrx_word' id='word_1_269' title='bbox 613 2760 686 2821; x_wconf 88' lang='lat'><strong>9),</strong></span> <span class='ocrx_word' id='word_1_270' title='bbox 729 2760 809 2808; x_wconf 92' lang='lat' dir='ltr'><strong>ubi</strong></span> <span class='ocrx_word' id='word_1_271' title='bbox 850 2760 1083 2823; x_wconf 84' lang='lat' dir='ltr'><strong>proecepit</strong></span> <span class='ocrx_word' id='word_1_272' title='bbox 1120 2761 1189 2807; x_wconf 88' lang='lat' dir='ltr'><strong>eis</strong></span> <span class='ocrx_word' id='word_1_273' title='bbox 1227 2761 1386 2820; x_wconf 89' lang='lat' dir='ltr'><strong>Jesus,</strong></span> <span class='ocrx_word' id='word_1_274' title='bbox 1430 2762 1612 2822; x_wconf 81' lang='lat' dir='ltr'><strong>dicenS,</strong></span> <span class='ocrx_word' id='word_1_275' title='bbox 1649 2765 1828 2814; x_wconf 79' lang='lat' dir='ltr'><strong>nemini</strong></span> 
     </span>
     <span class='ocr_line' id='line_1_41' title="bbox 443 2834 1827 2898; baseline 0.006 -17"><span class='ocrx_word' id='word_1_276' title='bbox 443 2834 681 2882; x_wconf 80' lang='lat' dir='ltr'><strong>dixeritis</strong></span> <span class='ocrx_word' id='word_1_277' title='bbox 705 2834 949 2882; x_wconf 84' lang='lat' dir='ltr'><strong>visionem.</strong></span> <span class='ocrx_word' id='word_1_278' title='bbox 1021 2834 1312 2898; x_wconf 79' lang='lat' dir='ltr'><strong>Quicunque</strong></span> <span class='ocrx_word' id='word_1_279' title='bbox 1342 2845 1504 2885; x_wconf 85' lang='lat' dir='ltr'><strong>autem</strong></span> <span class='ocrx_word' id='word_1_280' title='bbox 1528 2837 1622 2886; x_wconf 88' lang='lat' dir='ltr'><strong>loci</strong></span> <span class='ocrx_word' id='word_1_281' title='bbox 1644 2855 1675 2888; x_wconf 80' lang='lat' dir='ltr'><strong>a</strong></span> <span class='ocrx_word' id='word_1_282' title='bbox 1698 2840 1827 2889; x_wconf 79' lang='lat' dir='ltr'><strong>Beza</strong></span> 
     </span>
    </p>
   </div>
  </div>
 </body>
</html>
