1968 3236
498 243 568 277 nn
595 241 853 276 clvl'rATE
881 238 1238 275 cnms'rlANa.
1447 225 1559 273 ,269

177 361 487 428 cogitatione
503 360 851 426 responderi-5:
890 358 1138 415 Quomodo
1153 373 1358 423 possum
1375 356 1560 405 intelli-
1577 370 1840 403 maxxxn.

177 453 305 504 gere
318 436 530 495 verbum,
547 435 681 500 quod
693 435 928 483 Dominus
943 450 1037 482 uon
1052 441 1128 482 est
1144 433 1408 498 loquutus?
1447 431 1561 479 Hoc

180 511 386 562 habebis
408 512 602 576 signum
619 529 636 558 .·
671 510 807 575 quod
820 510 867 558 in
884 510 1071 557 nomine
1098 508 1297 556 Domini
1303 508 1561 573 propheta

183 587 273 637 ille
287 587 614 652 praedixerit,
640 593 689 634 et
708 602 799 633 uon
820 586 1035 633 evenerit
1055 603 1074 640 ;
1098 585 1188 633 hoc
1207 585 1446 632 Dominus
1468 599 1563 631 uon

182 669 262 712 est
285 662 530 727 loquutuS,
554 662 648 710 sed
659 677 759 725 per
785 668 1016 708 tumorem
1041 660 1192 708 animi
1215 659 1294 707 sui
1307 659 1566 724 propheta

185 738 421 802 confinxit
435 756 454 792 ;
492 743 540 784 et
564 737 753 785 ideirco
777 752 870 783 uon
887 735 1080 783 timebis
1098 752 1218 783 eum.
1272 734 1370 783 Sed
1387 734 1569 798 poterit

184 813 360 878 aliquis
384 813 464 860 hic
484 812 693 876 objicere
714 830 725 858 z
782 811 904 858 Cum
923 811 1162 874 propheta
1180 809 1459 873 praedixerit
1482 809 1568 857 ali-

187 888 306 954 quid
338 887 573 945 futurum‚
596 885 839 950 quomodo
863 886 986 933 scire
1009 901 1280 949 possumus,
1304 893 1471 932 utrum
1493 884 1570 932 fu-

187 971 354 1012 turum
385 962 449 1010 sit
488 977 642 1009 necne
663 960 678 1007 ἓ
749 960 1017 1008 Praedicere
1053 960 1183 1007 enim
1218 967 1395 1023 potest,
1440 959 1571 1022 quod

186 1046 303 1103 post
324 1046 516 1101 tempus
552 1036 886 1100 longissimum
921 1035 1139 1084 futurum
1162 1036 1257 1091 sit;
1291 1035 1367 1083 vel
1403 1035 1572 1083 indefi-

189 1114 311 1172 nite,
337 1112 470 1177 quod
496 1112 715 1160 futurum
740 1112 802 1160 sit
832 1111 1107 1182 aliquando.
1178 1112 1348 1174 Itaque
1379 1111 1572 1174 signum

188 1188 286 1238 hoc
303 1188 476 1236 inutile
494 1188 602 1235 erit.
640 1188 805 1236 Quare
820 1195 875 1235 ut
892 1172 1134 1251 profheta
1148 1187 1320 1250 aliquis
1340 1202 1573 1250 agnosca-

190 1271 289 1323 tur,
314 1263 592 1312 confirmari
617 1263 812 1322 debent,
832 1280 940 1326 quae
963 1263 1202 1326 praedicit,
1223 1279 1310 1326 per
1329 1271 1574 1319 eventum,

193 1347 282 1388 aut
319 1346 625 1403 praesentem,
665 1346 750 1386 aut
782 1338 927 1402 paulo
963 1346 1075 1402 post
1111 1338 1347 1386 futurum.
1435 1338 1575 1386 Patet

194 1430 333 1478 ergo,
372 1413 469 1461 duo
509 1413 614 1461 haec
650 1413 805 1476 signa,
850 1429 1039 1476 nempe,
1080 1413 1327 1476 religionis
1367 1420 1575 1476 receptae

194 1488 606 1554 praedicationem,
631 1496 681 1536 et
704 1489 1047 1537 miraculorum
1079 1489 1427 1552 operationem,
1462 1505 1578 1536 con-

190 1563 400 1628 junctim
423 1563 694 1622 attendere,
714 1579 814 1611 non
838 1563 1054 1623 seorsim,
1081 1564 1189 1626 quis
1212 1579 1355 1611 verus
1378 1564 1441 1611 sit
1464 1580 1577 1628 pro-

195 1639 359 1704 pheta,
381 1639 433 1687 id
457 1648 547 1698 est,
573 1639 679 1702 quis
702 1639 766 1687 sit
788 1639 852 1688 ad
875 1655 1018 1703 quem
1043 1640 1174 1687 Deus
1198 1639 1476 1687 immediate
1506 1639 1578 1687 lo-

197 1721 381 1779 quutus
399 1721 489 1763 est.

267 1789 579 1839 Cessantibus
593 1798 759 1838 autem
769 1791 871 1854 jam
889 1790 1078 1854 pridem
1093 1791 1355 1850 miraculis,
1371 1791 1580 1854 signum,

197 1881 300 1930 quo
322 1865 686 1925 revelationem,
711 1873 796 1913 aut
811 1865 1176 1930 inspirationem
1195 1867 1403 1915 hominis
1421 1867 1581 1930 cujus-

203 1956 352 2006 quam
372 1941 551 2005 privati
576 1957 943 2005 cognoscamus,
965 1950 1050 1990 aut
1084 1942 1147 1990 ad
1181 1943 1454 1991 doctrinam
1478 1943 1581 2006 ejus

200 2016 531 2081 recipiendam
565 2017 851 2080 obligemur,
897 2017 1132 2066 habemus
1166 2018 1369 2077 nullum,
1404 2025 1582 2082 praeter

198 2090 479 2156 Scripturas
503 2109 681 2150 sacras,
707 2109 816 2156 quae
839 2109 870 2141 a
900 2100 1120 2158 tempore
1142 2095 1472 2158 apostolorum
1495 2094 1584 2141 mi-

202 2166 480 2216 raculorum
520 2168 683 2216 locum
726 2169 968 2232 supplent,
1016 2177 1066 2217 et
1110 2169 1380 2233 prophetiae
1426 2185 1583 2217 cessa-

204 2241 387 2291 tionem
428 2243 544 2291 satis
581 2252 912 2307 compensant.
995 2245 1068 2292 Ex
1106 2245 1281 2308 quibus
1307 2245 1583 2308 ScripturiS,

203 2332 293 2382 per
325 2316 776 2381 interpretationem
799 2326 983 2367 rectam
1007 2326 1295 2384 cautamque
1330 2320 1587 2368 ratiocina-

206 2391 405 2451 tionem,
429 2404 677 2457 praecepta
691 2401 741 2442 et
755 2395 952 2458 regulae,
968 2395 1031 2443 ad
1044 2396 1298 2444 scientiam
1318 2396 1587 2444 officiorum

206 2475 486 2516 nostrorum
525 2475 630 2516 tum
655 2485 773 2533 erga
799 2471 957 2519 Deum
991 2478 1096 2519 tum
1121 2488 1238 2535 erga
1259 2472 1480 2519 homines
1503 2486 1587 2518 ne-

209 2542 446 2600 eessafiae,
471 2543 574 2591 sine
598 2545 930 2594 enthusiasmo
963 2554 1049 2594 aut
1083 2546 1399 2610 inspiratione
1422 2560 1588 2609 super-

209 2616 420 2664 naturali
441 2616 585 2666 facile
609 2619 829 2682 depromi
851 2630 1068 2684 possunt.
1139 2623 1212 2669 Ex
1240 2621 1333 2669 illis
1369 2637 1485 2684 ergo
1509 2637 1589 2668 eo·

211 2706 337 2748 rum,
361 2706 471 2754 quae
495 2691 556 2739 de
574 2693 684 2755 jure
701 2709 902 2743 summae
918 2697 1175 2759 potestatis
1199 2696 1409 2744 civitatis
1428 2695 1590 2744 Chris·

212 2765 360 2814 tianae
382 2765 601 2816 dicturus
624 2783 746 2827 sum,
770 2771 1007 2835 principia
1030 2771 1264 2819 sumenda
1294 2780 1423 2819 sunt.
1494 2771 1591 2820 Ita-

216 2856 311 2904 que
333 2840 383 2888 in
407 2842 567 2905 capite
580 2844 818 2906 proximu,
834 2846 895 2894 de
909 2846 1061 2906 libris,
1080 2846 1411 2910 scriptoribus,
1426 2862 1590 2909 scope,

216 2923 268 2964 et
289 2916 586 2965 authoritate
606 2917 867 2968 Sacrorum
885 2921 1171 2980 Bibliorum,
1192 2921 1451 2969 dicendum
1467 2929 1556 2970 est.

1617 425 1804 447 ᾕ-Ὑ-α

1617 474 1662 502 De
1675 472 1799 511 politicoe

1617 517 1791 566 Chfi‘fiffinae

1616 568 1774 598 principun.
