<?xml version="1.0" encoding="UTF-8"?>
<!DOCTYPE html PUBLIC "-//W3C//DTD XHTML 1.0 Transitional//EN"
    "http://www.w3.org/TR/xhtml1/DTD/xhtml1-transitional.dtd">
<html xmlns="http://www.w3.org/1999/xhtml" xml:lang="en" lang="en">
 <head>
  <title>
</title>
<meta http-equiv="Content-Type" content="text/html;charset=utf-8" />
  <meta name='ocr-system' content='tesseract 3.04.00' />
  <meta name='ocr-capabilities' content='ocr_page ocr_carea ocr_par ocr_line ocrx_word'/>
</head>
<body>
  <div class='ocr_page' id='page_1' title='image "./operaphilosophic03hobbuoft_0129.png"; bbox 0 0 1910 3236; ppageno 0'>
   <div class='ocr_carea' id='block_1_1' title="bbox 0 202 21 316">
    <p class='ocr_par' dir='ltr' id='par_1_1' title="bbox 0 202 21 316">
     <span class='ocr_line' id='line_1_1' title="bbox 0 202 21 316; textangle 90"><span class='ocrx_word' id='word_1_1' title='bbox 6 312 10 316; x_wconf 67' lang='lat'><strong>⁴</strong></span> <span class='ocrx_word' id='word_1_2' title='bbox 0 202 21 266; x_wconf 55' lang='lat' dir='ltr'>&#39;mu‘</span> 
     </span>
    </p>
   </div>
   <div class='ocr_carea' id='block_1_2' title="bbox 688 213 1542 264">
    <p class='ocr_par' dir='ltr' id='par_1_2' title="bbox 688 213 1542 264">
     <span class='ocr_line' id='line_1_2' title="bbox 688 213 1542 264; baseline -0.001 -5"><span class='ocrx_word' id='word_1_3' title='bbox 688 227 759 259; x_wconf 74' lang='lat' dir='ltr'>nn</span> <span class='ocrx_word' id='word_1_4' title='bbox 786 226 1027 259; x_wconf 74' lang='grc' dir='ltr'>ΗοΜιΝΕ.</span> <span class='ocrx_word' id='word_1_5' title='bbox 1453 213 1542 264; x_wconf 92' lang='lat'>117</span> 
     </span>
    </p>
   </div>
   <div class='ocr_carea' id='block_1_3' title="bbox 166 336 1545 777">
    <p class='ocr_par' dir='ltr' id='par_1_3' title="bbox 166 336 1543 477">
     <span class='ocr_line' id='line_1_3' title="bbox 169 336 1543 401; baseline 0 -17"><span class='ocrx_word' id='word_1_6' title='bbox 169 336 446 386; x_wconf 88' lang='lat' dir='ltr'>conditione</span> <span class='ocrx_word' id='word_1_7' title='bbox 480 338 625 386; x_wconf 90' lang='lat' dir='ltr'>belli:</span> <span class='ocrx_word' id='word_1_8' title='bbox 674 338 805 401; x_wconf 89' lang='lat' dir='ltr'>quod</span> <span class='ocrx_word' id='word_1_9' title='bbox 845 347 917 386; x_wconf 86' lang='lat' dir='ltr'>est</span> <span class='ocrx_word' id='word_1_10' title='bbox 957 346 1127 386; x_wconf 88' lang='lat' dir='ltr'>contra</span> <span class='ocrx_word' id='word_1_11' title='bbox 1165 338 1321 400; x_wconf 87' lang='lat' dir='ltr'>legem</span> <span class='ocrx_word' id='word_1_12' title='bbox 1355 344 1543 385; x_wconf 85' lang='lat' dir='ltr'>naturae</span> 
     </span>
     <span class='ocr_line' id='line_1_4' title="bbox 166 410 1354 477; baseline 0 -17"><span class='ocrx_word' id='word_1_13' title='bbox 166 410 388 474; x_wconf 80' lang='lat' dir='ltr'><strong>primam,</strong></span> <span class='ocrx_word' id='word_1_14' title='bbox 411 429 519 477; x_wconf 87' lang='lat' dir='ltr'>quae</span> <span class='ocrx_word' id='word_1_15' title='bbox 541 429 709 477; x_wconf 86' lang='lat' dir='ltr'>pacem</span> <span class='ocrx_word' id='word_1_16' title='bbox 733 413 1042 476; x_wconf 86' lang='lat' dir='ltr'>quaerendam</span> <span class='ocrx_word' id='word_1_17' title='bbox 1060 429 1163 461; x_wconf 86' lang='lat' dir='ltr'>esse</span> <span class='ocrx_word' id='word_1_18' title='bbox 1186 413 1354 462; x_wconf 85' lang='lat' dir='ltr'>dictat.</span> 
     </span>
    </p>

    <p class='ocr_par' dir='ltr' id='par_1_4' title="bbox 167 487 1545 777">
     <span class='ocr_line' id='line_1_5' title="bbox 235 487 1542 553; baseline -0.001 -18"><span class='ocrx_word' id='word_1_19' title='bbox 235 487 335 535; x_wconf 84' lang='lat' dir='ltr'>Lex</span> <span class='ocrx_word' id='word_1_20' title='bbox 372 496 558 536; x_wconf 84' lang='lat' dir='ltr'>naturae</span> <span class='ocrx_word' id='word_1_21' title='bbox 583 489 754 552; x_wconf 86' lang='lat' dir='ltr'>quinta</span> <span class='ocrx_word' id='word_1_22' title='bbox 779 497 868 547; x_wconf 88' lang='lat' dir='ltr'>est,</span> <span class='ocrx_word' id='word_1_23' title='bbox 893 498 949 536; x_wconf 91' lang='lat' dir='ltr'>ut</span> <span class='ocrx_word' id='word_1_24' title='bbox 972 489 1304 553; x_wconf 72' lang='lat' dir='ltr'>unusquisque</span> <span class='ocrx_word' id='word_1_25' title='bbox 1321 504 1377 535; x_wconf 73' lang='lat' dir='ltr'>se</span> <span class='ocrx_word' id='word_1_26' title='bbox 1417 503 1542 535; x_wconf 86' lang='lat' dir='ltr'>com-</span> 
     </span>
     <span class='ocr_line' id='line_1_6' title="bbox 168 562 1542 628; baseline 0.001 -18"><span class='ocrx_word' id='word_1_27' title='bbox 168 562 356 610; x_wconf 75' lang='lat' dir='ltr'>modum</span> <span class='ocrx_word' id='word_1_28' title='bbox 402 564 601 611; x_wconf 75' lang='lat' dir='ltr'>caeteris</span> <span class='ocrx_word' id='word_1_29' title='bbox 635 570 865 628; x_wconf 79' lang='lat' dir='ltr'>praestet.</span> <span class='ocrx_word' id='word_1_30' title='bbox 937 564 1084 613; x_wconf 81' lang='lat' dir='ltr'>Quod</span> <span class='ocrx_word' id='word_1_31' title='bbox 1129 571 1183 612; x_wconf 94' lang='lat' dir='ltr'>ut</span> <span class='ocrx_word' id='word_1_32' title='bbox 1227 563 1542 627; x_wconf 86' lang='lat' dir='ltr'><strong>intelligatur,</strong></span> 
     </span>
     <span class='ocr_line' id='line_1_7' title="bbox 169 637 1545 697; baseline 0.001 -12"><span class='ocrx_word' id='word_1_33' title='bbox 169 637 575 686; x_wconf 86' lang='lat' dir='ltr'>considerandum</span> <span class='ocrx_word' id='word_1_34' title='bbox 601 647 691 697; x_wconf 82' lang='lat' dir='ltr'>est,</span> <span class='ocrx_word' id='word_1_35' title='bbox 710 655 814 686; x_wconf 90' lang='lat' dir='ltr'>esse</span> <span class='ocrx_word' id='word_1_36' title='bbox 839 640 889 686; x_wconf 91' lang='lat' dir='ltr'>in</span> <span class='ocrx_word' id='word_1_37' title='bbox 913 640 1164 687; x_wconf 88' lang='lat' dir='ltr'>hominum</span> <span class='ocrx_word' id='word_1_38' title='bbox 1182 639 1246 687; x_wconf 89' lang='lat' dir='ltr'>ad</span> <span class='ocrx_word' id='word_1_39' title='bbox 1263 639 1545 687; x_wconf 88' lang='lat' dir='ltr'>societatem</span> 
     </span>
     <span class='ocr_line' id='line_1_8' title="bbox 167 713 1545 777; baseline 0.001 -17"><span class='ocrx_word' id='word_1_40' title='bbox 167 713 440 776; x_wconf 78' lang='lat' dir='ltr'><strong>aptitudine</strong></span> <span class='ocrx_word' id='word_1_41' title='bbox 472 714 778 777; x_wconf 89' lang='lat' dir='ltr'>ingeniorum</span> <span class='ocrx_word' id='word_1_42' title='bbox 816 714 1164 774; x_wconf 83' lang='lat' dir='ltr'>diversitatem,</span> <span class='ocrx_word' id='word_1_43' title='bbox 1198 731 1229 762; x_wconf 86' lang='lat' dir='ltr'>a</span> <span class='ocrx_word' id='word_1_44' title='bbox 1265 714 1545 763; x_wconf 85' lang='lat' dir='ltr'>diversitate</span> 
     </span>
    </p>
   </div>
   <div class='ocr_carea' id='block_1_4' title="bbox 92 788 1545 853">
    <p class='ocr_par' dir='ltr' id='par_1_5' title="bbox 92 788 1545 853">
     <span class='ocr_line' id='line_1_9' title="bbox 92 788 1545 853; baseline 0.001 -17"><span class='ocrx_word' id='word_1_45' title='bbox 92 801 100 809; x_wconf 91' lang='lat'><strong>·</strong></span> <span class='ocrx_word' id='word_1_46' title='bbox 166 788 444 853; x_wconf 75' lang='lat' dir='ltr'>passionum</span> <span class='ocrx_word' id='word_1_47' title='bbox 469 797 644 847; x_wconf 87' lang='lat' dir='ltr'>ortam,</span> <span class='ocrx_word' id='word_1_48' title='bbox 669 806 768 836; x_wconf 93' lang='lat' dir='ltr'>non</span> <span class='ocrx_word' id='word_1_49' title='bbox 793 789 1072 837; x_wconf 87' lang='lat' dir='ltr'>dissimilem</span> <span class='ocrx_word' id='word_1_50' title='bbox 1107 790 1211 852; x_wconf 89' lang='lat' dir='ltr'>ejus</span> <span class='ocrx_word' id='word_1_51' title='bbox 1234 805 1379 853; x_wconf 87' lang='lat' dir='ltr'>quam</span> <span class='ocrx_word' id='word_1_52' title='bbox 1412 789 1545 837; x_wconf 88' lang='lat' dir='ltr'>vide-</span> 
     </span>
    </p>
   </div>
   <div class='ocr_carea' id='block_1_5' title="bbox 167 864 1545 2063">
    <p class='ocr_par' dir='ltr' id='par_1_6' title="bbox 167 864 1545 1912">
     <span class='ocr_line' id='line_1_10' title="bbox 167 864 1542 929; baseline -0.001 -16"><span class='ocrx_word' id='word_1_53' title='bbox 167 880 275 913; x_wconf 90' lang='lat' dir='ltr'>mus</span> <span class='ocrx_word' id='word_1_54' title='bbox 296 865 347 912; x_wconf 90' lang='lat' dir='ltr'>in</span> <span class='ocrx_word' id='word_1_55' title='bbox 371 865 615 928; x_wconf 86' lang='lat' dir='ltr'>congestis</span> <span class='ocrx_word' id='word_1_56' title='bbox 629 865 693 912; x_wconf 90' lang='lat' dir='ltr'>ad</span> <span class='ocrx_word' id='word_1_57' title='bbox 712 864 910 912; x_wconf 91' lang='lat' dir='ltr'>domum</span> <span class='ocrx_word' id='word_1_58' title='bbox 929 865 1264 912; x_wconf 84' lang='lat' dir='ltr'>aedificandam</span> <span class='ocrx_word' id='word_1_59' title='bbox 1288 865 1542 929; x_wconf 86' lang='lat' dir='ltr'>lapidibus.</span> 
     </span>
     <span class='ocr_line' id='line_1_11' title="bbox 169 939 1544 1004; baseline 0 -16"><span class='ocrx_word' id='word_1_60' title='bbox 169 939 307 988; x_wconf 84' lang='lat' dir='ltr'>Sicut</span> <span class='ocrx_word' id='word_1_61' title='bbox 329 941 459 988; x_wconf 90' lang='lat' dir='ltr'>enim</span> <span class='ocrx_word' id='word_1_62' title='bbox 482 940 619 1004; x_wconf 84' lang='lat' dir='ltr'>lapis,</span> <span class='ocrx_word' id='word_1_63' title='bbox 643 941 726 1003; x_wconf 90' lang='lat' dir='ltr'>qui</span> <span class='ocrx_word' id='word_1_64' title='bbox 749 948 950 1003; x_wconf 87' lang='lat' dir='ltr'>propter</span> <span class='ocrx_word' id='word_1_65' title='bbox 972 941 1284 1003; x_wconf 88' lang='lat' dir='ltr'>asperitatem</span> <span class='ocrx_word' id='word_1_66' title='bbox 1301 949 1352 989; x_wconf 92' lang='lat' dir='ltr'>et</span> <span class='ocrx_word' id='word_1_67' title='bbox 1373 941 1544 1004; x_wconf 87' lang='lat' dir='ltr'>figurae</span> 
     </span>
     <span class='ocr_line' id='line_1_12' title="bbox 167 1015 1543 1079; baseline 0 -16"><span class='ocrx_word' id='word_1_68' title='bbox 167 1015 572 1079; x_wconf 82' lang='lat' dir='ltr'>irregularitatem</span> <span class='ocrx_word' id='word_1_69' title='bbox 596 1016 705 1079; x_wconf 92' lang='lat' dir='ltr'>plus</span> <span class='ocrx_word' id='word_1_70' title='bbox 729 1016 822 1063; x_wconf 91' lang='lat' dir='ltr'>loci</span> <span class='ocrx_word' id='word_1_71' title='bbox 837 1015 1070 1079; x_wconf 85' lang='lat' dir='ltr'>proximis</span> <span class='ocrx_word' id='word_1_72' title='bbox 1089 1015 1259 1063; x_wconf 92' lang='lat' dir='ltr'>adimit</span> <span class='ocrx_word' id='word_1_73' title='bbox 1273 1032 1420 1078; x_wconf 88' lang='lat' dir='ltr'>quam</span> <span class='ocrx_word' id='word_1_74' title='bbox 1442 1016 1543 1079; x_wconf 86' lang='lat' dir='ltr'>ipse</span> 
     </span>
     <span class='ocr_line' id='line_1_13' title="bbox 167 1090 1542 1155; baseline -0.001 -16"><span class='ocrx_word' id='word_1_75' title='bbox 167 1090 352 1155; x_wconf 89' lang='lat' dir='ltr'>implet,</span> <span class='ocrx_word' id='word_1_76' title='bbox 377 1108 534 1154; x_wconf 88' lang='lat' dir='ltr'>neque</span> <span class='ocrx_word' id='word_1_77' title='bbox 570 1100 772 1155; x_wconf 90' lang='lat' dir='ltr'>propter</span> <span class='ocrx_word' id='word_1_78' title='bbox 795 1091 1021 1139; x_wconf 89' lang='lat' dir='ltr'>duritiem</span> <span class='ocrx_word' id='word_1_79' title='bbox 1045 1091 1341 1154; x_wconf 88' lang='lat' dir='ltr'>complanari</span> <span class='ocrx_word' id='word_1_80' title='bbox 1364 1099 1542 1154; x_wconf 89' lang='lat' dir='ltr'>potest,</span> 
     </span>
     <span class='ocr_line' id='line_1_14' title="bbox 167 1166 1542 1229; baseline -0.001 -13"><span class='ocrx_word' id='word_1_81' title='bbox 167 1168 230 1216; x_wconf 86' lang='lat' dir='ltr'>ab</span> <span class='ocrx_word' id='word_1_82' title='bbox 272 1167 624 1217; x_wconf 66' lang='lat' dir='ltr'>aedificantibus</span> <span class='ocrx_word' id='word_1_83' title='bbox 660 1175 716 1215; x_wconf 93' lang='lat' dir='ltr'>ut</span> <span class='ocrx_word' id='word_1_84' title='bbox 756 1166 941 1214; x_wconf 91' lang='lat' dir='ltr'>inutilis</span> <span class='ocrx_word' id='word_1_85' title='bbox 974 1175 1023 1214; x_wconf 85' lang='lat' dir='ltr'>et</span> <span class='ocrx_word' id='word_1_86' title='bbox 1058 1166 1263 1214; x_wconf 90' lang='lat' dir='ltr'>molesta</span> <span class='ocrx_word' id='word_1_87' title='bbox 1285 1167 1542 1229; x_wconf 88' lang='lat' dir='ltr'>abjicitur:</span> 
     </span>
     <span class='ocr_line' id='line_1_15' title="bbox 167 1242 1543 1306; baseline -0.001 -14"><span class='ocrx_word' id='word_1_88' title='bbox 167 1243 238 1292; x_wconf 85' lang='lat' dir='ltr'>ita</span> <span class='ocrx_word' id='word_1_89' title='bbox 259 1243 407 1291; x_wconf 90' lang='lat' dir='ltr'>etiam</span> <span class='ocrx_word' id='word_1_90' title='bbox 430 1243 593 1301; x_wconf 91' lang='lat' dir='ltr'>homo,</span> <span class='ocrx_word' id='word_1_91' title='bbox 618 1243 700 1306; x_wconf 92' lang='lat' dir='ltr'>qui</span> <span class='ocrx_word' id='word_1_92' title='bbox 723 1250 926 1306; x_wconf 88' lang='lat' dir='ltr'>propter</span> <span class='ocrx_word' id='word_1_93' title='bbox 947 1242 1261 1304; x_wconf 86' lang='lat' dir='ltr'>asperitatem</span> <span class='ocrx_word' id='word_1_94' title='bbox 1276 1242 1458 1306; x_wconf 88' lang='lat' dir='ltr'>ingenii</span> <span class='ocrx_word' id='word_1_95' title='bbox 1482 1242 1543 1290; x_wconf 90' lang='lat' dir='ltr'>de</span> 
     </span>
     <span class='ocr_line' id='line_1_16' title="bbox 168 1317 1545 1380; baseline -0.002 -13"><span class='ocrx_word' id='word_1_96' title='bbox 168 1320 313 1367; x_wconf 88' lang='lat' dir='ltr'>rebus</span> <span class='ocrx_word' id='word_1_97' title='bbox 336 1318 604 1377; x_wconf 87' lang='lat' dir='ltr'>contendit,</span> <span class='ocrx_word' id='word_1_98' title='bbox 628 1318 718 1366; x_wconf 90' lang='lat' dir='ltr'>sibi</span> <span class='ocrx_word' id='word_1_99' title='bbox 752 1317 948 1380; x_wconf 90' lang='lat' dir='ltr'>quidem</span> <span class='ocrx_word' id='word_1_100' title='bbox 970 1317 1240 1380; x_wconf 90' lang='lat' dir='ltr'>superfluis,</span> <span class='ocrx_word' id='word_1_101' title='bbox 1265 1317 1425 1365; x_wconf 87' lang='lat' dir='ltr'>vicino</span> <span class='ocrx_word' id='word_1_102' title='bbox 1457 1334 1545 1365; x_wconf 90' lang='lat' dir='ltr'>au-</span> 
     </span>
     <span class='ocr_line' id='line_1_17' title="bbox 167 1393 1544 1456; baseline -0.001 -13"><span class='ocrx_word' id='word_1_103' title='bbox 167 1402 268 1443; x_wconf 90' lang='lat' dir='ltr'>tem</span> <span class='ocrx_word' id='word_1_104' title='bbox 306 1394 607 1451; x_wconf 61' lang='lat' dir='ltr'>necessariis,</span> <span class='ocrx_word' id='word_1_105' title='bbox 630 1409 721 1440; x_wconf 93' lang='lat' dir='ltr'>nec</span> <span class='ocrx_word' id='word_1_106' title='bbox 756 1399 957 1456; x_wconf 90' lang='lat' dir='ltr'>propter</span> <span class='ocrx_word' id='word_1_107' title='bbox 994 1393 1256 1440; x_wconf 85' lang='lat' dir='ltr'>affectuum</span> <span class='ocrx_word' id='word_1_108' title='bbox 1292 1400 1544 1441; x_wconf 87' lang='lat' dir='ltr'>contuma-</span> 
     </span>
     <span class='ocr_line' id='line_1_18' title="bbox 168 1467 1544 1532; baseline -0.002 -13"><span class='ocrx_word' id='word_1_109' title='bbox 168 1470 293 1519; x_wconf 86' lang='lat' dir='ltr'>ciam</span> <span class='ocrx_word' id='word_1_110' title='bbox 315 1469 493 1532; x_wconf 88' lang='lat' dir='ltr'>corrigi</span> <span class='ocrx_word' id='word_1_111' title='bbox 510 1476 690 1532; x_wconf 89' lang='lat' dir='ltr'>potest,</span> <span class='ocrx_word' id='word_1_112' title='bbox 707 1485 734 1516; x_wconf 91' lang='lat' dir='ltr'>e</span> <span class='ocrx_word' id='word_1_113' title='bbox 753 1468 982 1516; x_wconf 85' lang='lat' dir='ltr'>societate</span> <span class='ocrx_word' id='word_1_114' title='bbox 1008 1467 1272 1530; x_wconf 90' lang='lat' dir='ltr'>ejiciendus</span> <span class='ocrx_word' id='word_1_115' title='bbox 1296 1476 1384 1516; x_wconf 89' lang='lat' dir='ltr'>est.</span> <span class='ocrx_word' id='word_1_116' title='bbox 1421 1469 1544 1516; x_wconf 90' lang='lat' dir='ltr'>Cum</span> 
     </span>
     <span class='ocr_line' id='line_1_19' title="bbox 168 1543 1545 1608; baseline -0.002 -14"><span class='ocrx_word' id='word_1_117' title='bbox 168 1545 298 1594; x_wconf 88' lang='lat' dir='ltr'>enim</span> <span class='ocrx_word' id='word_1_118' title='bbox 320 1545 649 1608; x_wconf 85' lang='lat' dir='ltr'>unusquisque</span> <span class='ocrx_word' id='word_1_119' title='bbox 668 1553 857 1592; x_wconf 87' lang='lat' dir='ltr'>naturae</span> <span class='ocrx_word' id='word_1_120' title='bbox 874 1560 974 1591; x_wconf 90' lang='lat' dir='ltr'>non</span> <span class='ocrx_word' id='word_1_121' title='bbox 991 1543 1138 1591; x_wconf 91' lang='lat' dir='ltr'>modo</span> <span class='ocrx_word' id='word_1_122' title='bbox 1156 1544 1279 1607; x_wconf 88' lang='lat' dir='ltr'>lege,</span> <span class='ocrx_word' id='word_1_123' title='bbox 1295 1544 1382 1592; x_wconf 88' lang='lat' dir='ltr'>sed</span> <span class='ocrx_word' id='word_1_124' title='bbox 1399 1545 1545 1592; x_wconf 89' lang='lat' dir='ltr'>etiam</span> 
     </span>
     <span class='ocr_line' id='line_1_20' title="bbox 167 1619 1545 1684; baseline -0.001 -14"><span class='ocrx_word' id='word_1_125' title='bbox 167 1621 471 1679; x_wconf 85' lang='lat' dir='ltr'>necessitate,</span> <span class='ocrx_word' id='word_1_126' title='bbox 510 1620 928 1668; x_wconf 86' lang='lat' dir='ltr'>conservationem</span> <span class='ocrx_word' id='word_1_127' title='bbox 961 1619 1226 1683; x_wconf 83' lang='lat' dir='ltr'>propriam,</span> <span class='ocrx_word' id='word_1_128' title='bbox 1250 1627 1300 1668; x_wconf 89' lang='lat' dir='ltr'>et</span> <span class='ocrx_word' id='word_1_129' title='bbox 1337 1637 1445 1684; x_wconf 89' lang='lat' dir='ltr'>quae</span> <span class='ocrx_word' id='word_1_130' title='bbox 1481 1621 1545 1668; x_wconf 90' lang='lat' dir='ltr'>ad</span> 
     </span>
     <span class='ocr_line' id='line_1_21' title="bbox 168 1695 1542 1759; baseline -0.001 -13"><span class='ocrx_word' id='word_1_131' title='bbox 168 1713 276 1746; x_wconf 83' lang='lat' dir='ltr'>eam</span> <span class='ocrx_word' id='word_1_132' title='bbox 305 1696 579 1744; x_wconf 87' lang='lat' dir='ltr'>necessaria</span> <span class='ocrx_word' id='word_1_133' title='bbox 613 1704 728 1744; x_wconf 91' lang='lat' dir='ltr'>sunt</span> <span class='ocrx_word' id='word_1_134' title='bbox 751 1695 917 1743; x_wconf 88' lang='lat' dir='ltr'>conari</span> <span class='ocrx_word' id='word_1_135' title='bbox 940 1695 1258 1758; x_wconf 89' lang='lat' dir='ltr'>intelligitur;</span> <span class='ocrx_word' id='word_1_136' title='bbox 1293 1695 1349 1752; x_wconf 91' lang='lat' dir='ltr'>is,</span> <span class='ocrx_word' id='word_1_137' title='bbox 1375 1696 1458 1759; x_wconf 91' lang='lat' dir='ltr'>qui</span> <span class='ocrx_word' id='word_1_138' title='bbox 1480 1697 1542 1744; x_wconf 94' lang='lat' dir='ltr'>ob</span> 
     </span>
     <span class='ocr_line' id='line_1_22' title="bbox 168 1771 1543 1837; baseline -0.001 -17"><span class='ocrx_word' id='word_1_139' title='bbox 168 1773 412 1837; x_wconf 86' lang='lat' dir='ltr'>superflua</span> <span class='ocrx_word' id='word_1_140' title='bbox 435 1779 691 1835; x_wconf 86' lang='lat' dir='ltr'>repugnat,</span> <span class='ocrx_word' id='word_1_141' title='bbox 714 1771 829 1819; x_wconf 89' lang='lat' dir='ltr'>belli</span> <span class='ocrx_word' id='word_1_142' title='bbox 866 1771 1118 1834; x_wconf 92' lang='lat' dir='ltr'>sequuturi</span> <span class='ocrx_word' id='word_1_143' title='bbox 1152 1786 1264 1818; x_wconf 90' lang='lat' dir='ltr'>reus</span> <span class='ocrx_word' id='word_1_144' title='bbox 1287 1779 1378 1830; x_wconf 85' lang='lat' dir='ltr'>est,</span> <span class='ocrx_word' id='word_1_145' title='bbox 1402 1771 1543 1819; x_wconf 88' lang='lat' dir='ltr'>facit-</span> 
     </span>
     <span class='ocr_line' id='line_1_23' title="bbox 167 1846 1096 1912; baseline -0.003 -16"><span class='ocrx_word' id='word_1_146' title='bbox 167 1864 263 1912; x_wconf 90' lang='lat' dir='ltr'>que</span> <span class='ocrx_word' id='word_1_147' title='bbox 285 1855 457 1896; x_wconf 86' lang='lat' dir='ltr'>contra</span> <span class='ocrx_word' id='word_1_148' title='bbox 482 1847 640 1910; x_wconf 87' lang='lat' dir='ltr'>legem</span> <span class='ocrx_word' id='word_1_149' title='bbox 663 1855 852 1894; x_wconf 86' lang='lat' dir='ltr'>naturae</span> <span class='ocrx_word' id='word_1_150' title='bbox 874 1846 1096 1909; x_wconf 87' lang='lat' dir='ltr'>primam.</span> 
     </span>
    </p>

    <p class='ocr_par' dir='ltr' id='par_1_7' title="bbox 169 1922 1543 2063">
     <span class='ocr_line' id='line_1_24' title="bbox 234 1922 1543 1988; baseline 0 -17"><span class='ocrx_word' id='word_1_151' title='bbox 234 1923 335 1971; x_wconf 85' lang='lat' dir='ltr'>Lex</span> <span class='ocrx_word' id='word_1_152' title='bbox 361 1935 550 1971; x_wconf 86' lang='lat' dir='ltr'>naturae</span> <span class='ocrx_word' id='word_1_153' title='bbox 585 1931 722 1970; x_wconf 81' lang='lat' dir='ltr'>sexta</span> <span class='ocrx_word' id='word_1_154' title='bbox 752 1930 843 1980; x_wconf 87' lang='lat' dir='ltr'>est,</span> <span class='ocrx_word' id='word_1_155' title='bbox 870 1928 922 1969; x_wconf 84' lang='lat' dir='ltr'>ut</span> <span class='ocrx_word' id='word_1_156' title='bbox 956 1922 1304 1987; x_wconf 69' lang='lat' dir='ltr'>unusquisque,</span> <span class='ocrx_word' id='word_1_157' title='bbox 1329 1930 1543 1988; x_wconf 79' lang='lat' dir='ltr'>accepta</span> 
     </span>
     <span class='ocr_line' id='line_1_25' title="bbox 169 1997 1543 2063; baseline -0.001 -16"><span class='ocrx_word' id='word_1_158' title='bbox 169 1998 407 2063; x_wconf 71' lang='lat' dir='ltr'>ten-poris</span> <span class='ocrx_word' id='word_1_159' title='bbox 411 1998 592 2062; x_wconf 79' lang='lat' dir='ltr'>futuri</span> <span class='ocrx_word' id='word_1_160' title='bbox 614 1998 856 2056; x_wconf 81' lang='lat' dir='ltr'>cautione,</span> <span class='ocrx_word' id='word_1_161' title='bbox 872 1997 1175 2062; x_wconf 68' lang='lat' dir='ltr'>praeteritas</span> <span class='ocrx_word' id='word_1_162' title='bbox 1200 1997 1415 2060; x_wconf 72' lang='lat' dir='ltr'>injurias</span> <span class='ocrx_word' id='word_1_163' title='bbox 1428 2015 1543 2063; x_wconf 84' lang='lat' dir='ltr'>poe-</span> 
     </span>
    </p>
   </div>
   <div class='ocr_carea' id='block_1_6' title="bbox 105 2071 1545 2138">
    <p class='ocr_par' dir='ltr' id='par_1_8' title="bbox 105 2071 1545 2138">
     <span class='ocr_line' id='line_1_26' title="bbox 105 2071 1545 2138; baseline 0 -17"><span class='ocrx_word' id='word_1_164' title='bbox 105 2098 107 2100; x_wconf 91' lang='lat'>·</span> <span class='ocrx_word' id='word_1_165' title='bbox 167 2073 436 2122; x_wconf 70' lang='lat' dir='ltr'>nitentibus</span> <span class='ocrx_word' id='word_1_166' title='bbox 454 2080 503 2121; x_wconf 86' lang='lat' dir='ltr'>et</span> <span class='ocrx_word' id='word_1_167' title='bbox 517 2072 803 2138; x_wconf 72' lang='lat' dir='ltr'>petentibus</span> <span class='ocrx_word' id='word_1_168' title='bbox 826 2071 1080 2120; x_wconf 84' lang='lat' dir='ltr'>condonet.</span> <span class='ocrx_word' id='word_1_169' title='bbox 1118 2073 1246 2121; x_wconf 88' lang='lat' dir='ltr'>Nam</span> <span class='ocrx_word' id='word_1_170' title='bbox 1270 2073 1545 2121; x_wconf 89' lang='lat' dir='ltr'>condonare</span> 
     </span>
    </p>
   </div>
   <div class='ocr_carea' id='block_1_7' title="bbox 168 2147 1544 2890">
    <p class='ocr_par' dir='ltr' id='par_1_9' title="bbox 168 2147 1544 2514">
     <span class='ocr_line' id='line_1_27' title="bbox 168 2147 1544 2212; baseline 0 -16"><span class='ocrx_word' id='word_1_171' title='bbox 168 2147 312 2196; x_wconf 80' lang='lat' dir='ltr'>alicui</span> <span class='ocrx_word' id='word_1_172' title='bbox 335 2148 562 2212; x_wconf 87' lang='lat' dir='ltr'>injuriam</span> <span class='ocrx_word' id='word_1_173' title='bbox 585 2148 707 2196; x_wconf 91' lang='lat' dir='ltr'>nihil</span> <span class='ocrx_word' id='word_1_174' title='bbox 721 2147 854 2196; x_wconf 88' lang='lat' dir='ltr'>aliud</span> <span class='ocrx_word' id='word_1_175' title='bbox 871 2155 946 2195; x_wconf 88' lang='lat' dir='ltr'>est</span> <span class='ocrx_word' id='word_1_176' title='bbox 969 2163 1115 2211; x_wconf 86' lang='lat' dir='ltr'>quam</span> <span class='ocrx_word' id='word_1_177' title='bbox 1138 2165 1307 2212; x_wconf 90' lang='lat' dir='ltr'>pacem</span> <span class='ocrx_word' id='word_1_178' title='bbox 1332 2149 1544 2211; x_wconf 87' lang='lat' dir='ltr'>petenti-</span> 
     </span>
     <span class='ocr_line' id='line_1_28' title="bbox 168 2223 1542 2288; baseline -0.001 -16"><span class='ocrx_word' id='word_1_179' title='bbox 168 2223 260 2272; x_wconf 86' lang='lat' dir='ltr'>bus</span> <span class='ocrx_word' id='word_1_180' title='bbox 294 2241 390 2288; x_wconf 81' lang='lat' dir='ltr'>pax</span> <span class='ocrx_word' id='word_1_181' title='bbox 418 2240 674 2280; x_wconf 89' lang='lat' dir='ltr'>concessa;</span> <span class='ocrx_word' id='word_1_182' title='bbox 711 2240 819 2287; x_wconf 89' lang='lat' dir='ltr'>quae</span> <span class='ocrx_word' id='word_1_183' title='bbox 849 2231 1014 2271; x_wconf 87' lang='lat' dir='ltr'>tamen</span> <span class='ocrx_word' id='word_1_184' title='bbox 1050 2224 1470 2288; x_wconf 87' lang='lat' dir='ltr'>perseverantibus</span> <span class='ocrx_word' id='word_1_185' title='bbox 1492 2225 1542 2271; x_wconf 93' lang='lat' dir='ltr'>in</span> 
     </span>
     <span class='ocr_line' id='line_1_29' title="bbox 169 2298 1542 2364; baseline -0.001 -17"><span class='ocrx_word' id='word_1_186' title='bbox 169 2298 422 2348; x_wconf 88' lang='lat' dir='ltr'>inimicitia</span> <span class='ocrx_word' id='word_1_187' title='bbox 454 2316 553 2348; x_wconf 93' lang='lat' dir='ltr'>non</span> <span class='ocrx_word' id='word_1_188' title='bbox 587 2309 662 2349; x_wconf 89' lang='lat' dir='ltr'>est</span> <span class='ocrx_word' id='word_1_189' title='bbox 684 2316 796 2364; x_wconf 83' lang='lat' dir='ltr'>pax,</span> <span class='ocrx_word' id='word_1_190' title='bbox 831 2299 917 2347; x_wconf 87' lang='lat' dir='ltr'>sed</span> <span class='ocrx_word' id='word_1_191' title='bbox 950 2307 1122 2348; x_wconf 89' lang='lat' dir='ltr'>metus.</span> <span class='ocrx_word' id='word_1_192' title='bbox 1192 2299 1542 2348; x_wconf 86' lang='lat' dir='ltr'>Poenitentibus</span> 
     </span>
     <span class='ocr_line' id='line_1_30' title="bbox 170 2374 1541 2438; baseline 0 -16"><span class='ocrx_word' id='word_1_193' title='bbox 170 2382 333 2423; x_wconf 78' lang='lat' dir='ltr'>autem</span> <span class='ocrx_word' id='word_1_194' title='bbox 351 2390 451 2423; x_wconf 92' lang='lat' dir='ltr'>non</span> <span class='ocrx_word' id='word_1_195' title='bbox 474 2391 720 2433; x_wconf 87' lang='lat' dir='ltr'>concessa,</span> <span class='ocrx_word' id='word_1_196' title='bbox 740 2375 933 2438; x_wconf 86' lang='lat' dir='ltr'>signum</span> <span class='ocrx_word' id='word_1_197' title='bbox 946 2383 1020 2423; x_wconf 90' lang='lat' dir='ltr'>est</span> <span class='ocrx_word' id='word_1_198' title='bbox 1038 2375 1187 2423; x_wconf 88' lang='lat' dir='ltr'>animi</span> <span class='ocrx_word' id='word_1_199' title='bbox 1202 2391 1231 2422; x_wconf 88' lang='lat' dir='ltr'>a</span> <span class='ocrx_word' id='word_1_200' title='bbox 1244 2390 1364 2438; x_wconf 88' lang='lat' dir='ltr'>pace</span> <span class='ocrx_word' id='word_1_201' title='bbox 1382 2374 1541 2431; x_wconf 88' lang='lat' dir='ltr'>alieni,</span> 
     </span>
     <span class='ocr_line' id='line_1_31' title="bbox 171 2450 1047 2514; baseline 0 -16"><span class='ocrx_word' id='word_1_202' title='bbox 171 2456 224 2498; x_wconf 88' lang='lat' dir='ltr'>et</span> <span class='ocrx_word' id='word_1_203' title='bbox 243 2450 448 2514; x_wconf 89' lang='lat' dir='ltr'>proinde</span> <span class='ocrx_word' id='word_1_204' title='bbox 471 2458 643 2499; x_wconf 89' lang='lat' dir='ltr'>contra</span> <span class='ocrx_word' id='word_1_205' title='bbox 663 2451 821 2514; x_wconf 88' lang='lat' dir='ltr'>legem</span> <span class='ocrx_word' id='word_1_206' title='bbox 844 2459 1047 2499; x_wconf 88' lang='lat' dir='ltr'>naturae.</span> 
     </span>
    </p>

    <p class='ocr_par' dir='ltr' id='par_1_10' title="bbox 172 2525 1544 2890">
     <span class='ocr_line' id='line_1_32' title="bbox 238 2525 1544 2590; baseline -0.002 -16"><span class='ocrx_word' id='word_1_207' title='bbox 238 2525 455 2590; x_wconf 87' lang='lat' dir='ltr'>Septima</span> <span class='ocrx_word' id='word_1_208' title='bbox 466 2535 556 2586; x_wconf 68' lang='lat' dir='ltr'>aet,</span> <span class='ocrx_word' id='word_1_209' title='bbox 581 2527 631 2574; x_wconf 81' lang='lat' dir='ltr'>in</span> <span class='ocrx_word' id='word_1_210' title='bbox 655 2526 922 2575; x_wconf 70' lang='lat' dir='ltr'>ultionibus</span> <span class='ocrx_word' id='word_1_211' title='bbox 939 2543 1034 2574; x_wconf 82' lang='lat' dir='ltr'>non</span> <span class='ocrx_word' id='word_1_212' title='bbox 1050 2525 1413 2590; x_wconf 72' lang='lat' dir='ltr'>respiciendum</span> <span class='ocrx_word' id='word_1_213' title='bbox 1434 2541 1544 2572; x_wconf 73' lang='lat' dir='ltr'>esse</span> 
     </span>
     <span class='ocr_line' id='line_1_33' title="bbox 172 2599 1543 2667; baseline -0.002 -17"><span class='ocrx_word' id='word_1_214' title='bbox 172 2600 246 2650; x_wconf 85' lang='lat' dir='ltr'>ad</span> <span class='ocrx_word' id='word_1_215' title='bbox 259 2602 644 2667; x_wconf 75' lang='lat' dir='ltr'>magnitudinem</span> <span class='ocrx_word' id='word_1_216' title='bbox 666 2602 786 2650; x_wconf 80' lang='lat' dir='ltr'>mali</span> <span class='ocrx_word' id='word_1_217' title='bbox 798 2602 1072 2667; x_wconf 71' lang='lat' dir='ltr'>praeteriti,</span> <span class='ocrx_word' id='word_1_218' title='bbox 1096 2601 1191 2649; x_wconf 73' lang='lat' dir='ltr'>sed</span> <span class='ocrx_word' id='word_1_219' title='bbox 1210 2599 1281 2647; x_wconf 86' lang='lat' dir='ltr'>ad</span> <span class='ocrx_word' id='word_1_220' title='bbox 1296 2599 1543 2664; x_wconf 78' lang='lat' dir='ltr'>magnitu-</span> 
     </span>
     <span class='ocr_line' id='line_1_34' title="bbox 174 2675 1543 2741; baseline -0.001 -17"><span class='ocrx_word' id='word_1_221' title='bbox 174 2675 334 2725; x_wconf 72' lang='lat' dir='ltr'>dinem</span> <span class='ocrx_word' id='word_1_222' title='bbox 358 2676 470 2725; x_wconf 83' lang='lat' dir='ltr'>bom·</span> <span class='ocrx_word' id='word_1_223' title='bbox 503 2678 764 2726; x_wconf 70' lang='lat' dir='ltr'>nascituri.</span> <span class='ocrx_word' id='word_1_224' title='bbox 834 2678 964 2741; x_wconf 84' lang='lat' dir='ltr'>Lege</span> <span class='ocrx_word' id='word_1_225' title='bbox 999 2677 1091 2725; x_wconf 88' lang='lat' dir='ltr'>hac</span> <span class='ocrx_word' id='word_1_226' title='bbox 1113 2677 1319 2724; x_wconf 89' lang='lat' dir='ltr'>vetitum</span> <span class='ocrx_word' id='word_1_227' title='bbox 1342 2682 1417 2723; x_wconf 87' lang='lat' dir='ltr'>est</span> <span class='ocrx_word' id='word_1_228' title='bbox 1438 2691 1543 2738; x_wconf 87' lang='lat' dir='ltr'>poe-</span> 
     </span>
     <span class='ocr_line' id='line_1_35' title="bbox 173 2750 1543 2816; baseline -0.001 -17"><span class='ocrx_word' id='word_1_229' title='bbox 173 2765 290 2800; x_wconf 77' lang='lat' dir='ltr'>nam</span> <span class='ocrx_word' id='word_1_230' title='bbox 321 2752 417 2800; x_wconf 82' lang='lat' dir='ltr'>alio</span> <span class='ocrx_word' id='word_1_231' title='bbox 441 2752 642 2801; x_wconf 89' lang='lat' dir='ltr'>consilio</span> <span class='ocrx_word' id='word_1_232' title='bbox 677 2753 912 2816; x_wconf 89' lang='lat' dir='ltr'>infligere,</span> <span class='ocrx_word' id='word_1_233' title='bbox 936 2768 1079 2815; x_wconf 86' lang='lat' dir='ltr'>quam</span> <span class='ocrx_word' id='word_1_234' title='bbox 1117 2759 1170 2798; x_wconf 92' lang='lat' dir='ltr'>ut</span> <span class='ocrx_word' id='word_1_235' title='bbox 1205 2750 1288 2814; x_wconf 91' lang='lat' dir='ltr'>qui</span> <span class='ocrx_word' id='word_1_236' title='bbox 1322 2750 1543 2813; x_wconf 81' lang='lat' dir='ltr'>peccavit</span> 
     </span>
     <span class='ocr_line' id='line_1_36' title="bbox 176 2826 1542 2890; baseline -0.001 -15"><span class='ocrx_word' id='word_1_237' title='bbox 176 2826 475 2886; x_wconf 84' lang='lat' dir='ltr'>emendetur,</span> <span class='ocrx_word' id='word_1_238' title='bbox 499 2827 574 2875; x_wconf 83' lang='lat' dir='ltr'>vel</span> <span class='ocrx_word' id='word_1_239' title='bbox 597 2836 900 2884; x_wconf 88' lang='lat' dir='ltr'>moneantur,</span> <span class='ocrx_word' id='word_1_240' title='bbox 924 2827 1006 2890; x_wconf 89' lang='lat' dir='ltr'>qui</span> <span class='ocrx_word' id='word_1_241' title='bbox 1029 2826 1211 2884; x_wconf 86' lang='lat' dir='ltr'>vident,</span> <span class='ocrx_word' id='word_1_242' title='bbox 1236 2832 1289 2873; x_wconf 92' lang='lat' dir='ltr'>ut</span> <span class='ocrx_word' id='word_1_243' title='bbox 1325 2834 1542 2873; x_wconf 85' lang='lat' dir='ltr'>caveant.</span> 
     </span>
    </p>
   </div>
   <div class='ocr_carea' id='block_1_8' title="bbox 1590 357 1791 390">
    <p class='ocr_par' dir='ltr' id='par_1_11' title="bbox 1590 357 1791 390">
     <span class='ocr_line' id='line_1_37' title="bbox 1590 357 1791 390; baseline 0.01 -2"><span class='ocrx_word' id='word_1_244' title='bbox 1590 357 1692 389; x_wconf 78' lang='lat' dir='ltr'>CAP.</span> <span class='ocrx_word' id='word_1_245' title='bbox 1708 357 1791 390; x_wconf 78' lang='lat' dir='ltr'>XV.</span> 
     </span>
    </p>
   </div>
   <div class='ocr_carea' id='block_1_9' title="bbox 1599 452 1770 502">
    <p class='ocr_par' dir='ltr' id='par_1_12' title="bbox 1599 452 1770 502">
     <span class='ocr_line' id='line_1_38' title="bbox 1599 452 1770 502; baseline -0.006 -21"><span class='ocrx_word' id='word_1_246' title='bbox 1599 453 1645 481; x_wconf 73' lang='lat' dir='ltr'>n·</span> <span class='ocrx_word' id='word_1_247' title='bbox 1655 452 1770 502; x_wconf 63' lang='lat' dir='ltr'>legib-23</span> 
     </span>
    </p>
   </div>
  </div>
 </body>
</html>
