1968 3236
392 246 487 290 308
715 255 786 288 DE
814 254 1072 288 01v1TA'rE
1102 254 1459 288 cnms'rlANA.

103 389 371 423 CAp‚xxxv1,
390 384 447 416 eo
482 366 627 415 modo
657 383 752 429 quo
784 366 847 413 ad
875 366 1123 429 pietatem,
1148 365 1311 424 fidem,
1336 374 1386 414 et
1419 366 1662 430 justitiam
1686 365 1784 414 dis-

141 445 333 467 bqr-d

124 489 170 518 De
182 491 270 518 verbo
284 491 339 519 Dei

122 537 152 562 et
166 533 327 572 Prophetis.

390 444 532 507 ponit
551 444 683 491 Deus
702 459 823 505 quos
843 442 905 489 ad
924 442 1130 489 salutem
1151 441 1427 490 destinavit.
1478 442 1576 491 Qui
1597 441 1785 499 modus,

389 520 479 567 etsi
504 518 738 566 consistat
762 518 813 564 in
837 518 1177 575 instructione,
1203 517 1493 566 educatione
1516 517 1786 575 hominum,

386 611 499 642 vere
533 601 697 641 tamen
734 593 830 640 dici
864 600 1027 656 potest
1063 593 1278 656 Spiritus
1323 593 1493 641 Sancti
1535 593 1785 656 operatio;

386 687 499 718 nam
535 668 786 717 inclinatio
819 670 975 717 omnis
1004 676 1111 716 tum
1145 669 1207 716 ad
1237 669 1550 716 sanctitatem
1584 677 1689 716 tum
1723 667 1786 716 ad

383 747 636 803 virtutem,
662 761 692 792 a
716 745 820 792 Deo
845 751 947 791 est:
986 744 1181 807 quando
1206 744 1357 806 igitur
1379 745 1626 808 propheta
1649 743 1785 807 loqui

386 822 564 870 dicitur
597 836 685 883 per
721 819 969 884 Spiritum
1003 820 1119 878 Dei,
1143 820 1415 883 intelligere
1450 820 1683 867 debemus
1711 820 1783 867 ita

384 898 521 945 illum
540 896 690 959 loqui,
707 903 763 942 ut
782 896 913 943 Deus
937 910 1026 958 per
1048 895 1338 958 prophetam
1363 911 1503 942 suum
1525 911 1785 957 summum,

386 974 464 1020 cui
488 972 729 1036 propheta
752 971 1096 1019 subordinatus
1131 971 1331 1018 obedire
1364 971 1626 1035 obligatur,
1652 970 1786 1034 loqui

385 1049 521 1096 illum
544 1047 707 1111 jussit.

452 1124 659 1171 Vivente
683 1123 839 1181 Mose,
865 1130 1045 1185 praeter
1069 1122 1227 1185 ipsum
1251 1123 1301 1170 in
1340 1123 1512 1170 castris
1543 1122 1788 1170 Israelita-

388 1216 498 1247 rum
544 1198 859 1262 septuaginta
894 1205 1034 1245 erant
1068 1198 1175 1256 viri,
1224 1198 1307 1260 qui
1352 1196 1785 1261 prophetaverunt.

392 1276 504 1324 Quo
528 1274 675 1322 modo
700 1274 808 1321 illos
832 1274 964 1321 Deus
984 1273 1263 1336 alloquutus
1283 1273 1362 1331 sit,
1385 1273 1688 1321 declaratum
1714 1281 1788 1321 est

389 1352 538 1399 Num.
563 1350 628 1398 xi.
656 1354 718 1397 25
742 1372 753 1405 ς
780 1349 1040 1396 deseendit
1058 1349 1299 1396 Dominus
1317 1366 1417 1413 per
1442 1349 1626 1409 nubem,
1642 1357 1692 1397 et
1715 1350 1789 1398 lo-

387 1433 569 1490 quutus
593 1431 670 1472 est
693 1425 766 1472 ad
781 1425 989 1483 Illos-em,
1006 1425 1242 1489 sufferens
1262 1425 1325 1472 de
1350 1425 1550 1489 Spiritu
1569 1426 1655 1490 qui
1674 1433 1789 1474 erat

390 1503 441 1549 iu
477 1502 640 1558 Nlo-se,
666 1507 715 1547 et
741 1500 870 1548 daus
894 1500 1224 1563 septuaginta
1249 1500 1388 1547 viriS.
1465 1501 1679 1565 Cumque
1712 1518 1790 1549 re-

390 1577 660 1640 quievisset
707 1576 758 1622 iu
794 1575 867 1622 eis
914 1575 1159 1639 Spiritu-5³,
1198 1575 1652 1639 prophetaverunt,
1699 1593 1789 1624 nee

391 1651 530 1698 ultra
568 1656 905 1698 cessaverunt.
993 1651 1066 1697 Ex
1092 1650 1267 1713 quibus
1292 1651 1452 1698 verbis
1475 1651 1787 1699 manifestum

392 1733 481 1785 est,
528 1727 701 1790 primo,
742 1726 1169 1789 prophetationem
1217 1742 1386 1773 eorum
1446 1727 1509 1774 ad
1553 1727 1787 1790 populum

391 1803 773 1850 subservientem
821 1810 872 1849 et
919 1802 1287 1849 subordinatam
1333 1802 1478 1849 fuisse
1524 1803 1787 1866 propheta-

390 1878 513 1927 tioni
550 1878 718 1937 Mosis,
743 1893 832 1941 per
855 1878 993 1940 cujus
1019 1877 1243 1940 spiritum
1277 1878 1710 1940 prophetaverunt,
1735 1878 1787 1926 id

392 1961 479 2013 est,
505 1954 576 2000 ita
608 1960 664 2000 ut
698 1952 854 2000 voluit
889 1953 1086 2007 Moses;
1125 1952 1258 2016 quod
1293 1954 1613 2001 confirmatur
1641 1956 1784 2014 (vers.

392 2030 567 2090 27-29)
619 2045 678 2076 ex
724 2044 800 2087 eo,
849 2028 982 2091 quod
1034 2045 1145 2075 cum
1194 2029 1322 2076 Mosi
1370 2029 1572 2077 dixisset
1616 2030 1785 2090 Josua,

386 2104 600 2168 prohibe
649 2103 781 2162 illos,
817 2103 974 2150 noluit
1013 2104 1191 2161 Moses,
1230 2103 1411 2162 dicens,
1449 2122 1508 2151 ue
1550 2105 1787 2153 oemulare

381 2196 485 2244 pro
523 2196 611 2227 me.
683 2178 924 2236 Secundo,
951 2195 1010 2226 ex
1035 2179 1207 2227 eodem
1243 2179 1351 2227 loco
1376 2180 1623 2243 colligitur
1647 2181 1786 2244 spiri·

390 2262 497 2303 tum
529 2255 621 2303 Dei
649 2271 749 2303 non
780 2254 913 2302 aliud
949 2255 1016 2302 ibi
1053 2255 1344 2317 significare,
1368 2265 1547 2319 praeter
1580 2257 1786 2320 parendi

389 2331 693 2379 voluntatem
713 2338 763 2378 et
786 2330 1049 2394 adjuvandi
1075 2332 1265 2379 Mosem
1290 2332 1339 2379 in
1364 2332 1784 2381 administratione

390 2406 656 2470 regiminis.
715 2406 789 2453 De
814 2406 1087 2454 substantia
1111 2406 1238 2454 enim
1266 2407 1429 2455 divina
1454 2408 1662 2472 intelligi
1684 2424 1783 2457 non

390 2488 567 2545 potest,
593 2497 702 2545 quae
727 2480 1031 2528 solummodo
1055 2481 1103 2528 in
1132 2481 1330 2529 Christo
1350 2482 1592 2530 habitavit
1615 2499 1784 2547 corpo-

390 2558 572 2606 raliter.
644 2557 853 2621 Spiritus
893 2573 1011 2620 ergo
1049 2557 1115 2604 ibi
1164 2558 1406 2620 significat
1453 2558 1635 2606 donum
1681 2559 1783 2607 sive

389 2634 599 2696 gratiam
647 2632 877 2691 divinam,
904 2649 1002 2694 qua
1047 2633 1182 2680 ducti
1221 2650 1332 2681 cum
1374 2634 1514 2682 Mose
1556 2650 1784 2698 coopera-

389 2709 584 2767 bantur,
634 2710 772 2773 cujus
826 2708 1072 2757 habebant
1125 2709 1363 2771 spiritum.
1459 2709 1784 2773 Septuaginta

390 2785 519 2832 enim
545 2785 613 2832 illi
636 2785 729 2833 viri
755 2784 897 2833 electi
921 2800 951 2831 a
976 2785 1115 2833 Mose
1140 2792 1254 2832 ante
1284 2792 1425 2833 erant
1458 2801 1605 2849 quam
1642 2785 1783 2848 spiri-

389 2866 494 2907 tum
520 2860 673 2908 Mosis
705 2860 1023 2923 accepissent.
1094 2860 1252 2908 Etiam
1283 2867 1296 2908 Ι
1326 2861 1455 2909 Sam.
1478 2861 1574 2908 xvi.
1602 2866 1676 2919 13,
1704 2865 1777 2919 14,
1809 2871 1818 2880 ·
