1910 3236
352 239 380 280 2
832 243 1228 277 INTRODUCTIO.

351 364 519 405 artus:
546 357 762 421 proemz'a
778 363 826 404 et
834 373 999 420 poenoe
1018 371 1217 403 summae
1231 355 1460 419 potestati
1479 370 1719 418 appensae,

351 456 401 497 et
424 466 452 496 a
476 450 646 512 quibus
679 450 894 495 membra
917 448 978 495 ad
1002 465 1141 495 suum
1166 450 1397 511 cujusque
1423 463 1542 510 opus
1575 447 1721 510 perfi-

351 543 576 590 ciendum
611 542 889 599 incitantur,
914 541 1050 588 nervi
1091 548 1219 599 sunt,
1256 541 1338 603 qui
1371 540 1499 587 idem
1534 538 1723 586 faciunt

351 633 400 681 in
425 650 624 697 corpore
643 633 878 680 naturali:
917 633 1099 680 divitice
1122 633 1453 697 singularium
1485 631 1723 679 hominum

352 732 464 772 sunt
486 740 574 788 pro
598 724 775 771 robore
795 741 809 770 .·
845 723 983 770 salus
998 724 1196 788 populi,
1220 740 1308 787 pro
1340 722 1538 788 negotio
1558 741 1575 769 .·
1612 738 1724 769 con-

350 816 553 874 siliarii,
594 832 682 879 per
722 832 841 879 quos
882 832 939 863 ea
979 833 1087 880 quae
1119 817 1318 880 cognitu
1351 815 1622 863 necessaria
1655 813 1724 861 illi

352 915 463 956 sunt
508 916 848 971 suggeruntur,
894 924 983 971 pro
1031 909 1264 956 memoria
1310 915 1423 956 sunt
1444 927 1454 955 :
1511 907 1725 971 oequitas

353 998 587 1063 legesque
609 1016 697 1062 pro
717 999 957 1047 artificiali
976 1000 1173 1049 ratione
1191 1018 1209 1047 .·
1244 999 1510 1047 conc-ordia
1527 999 1726 1046 sanitas

355 1098 427 1138 est
451 1110 461 1137 :
498 1091 697 1149 seditio,
722 1090 914 1138 morbus
932 1110 948 1138 .·
986 1091 1162 1139 bellum
1200 1091 1359 1148 civile,
1397 1107 1542 1139 mors.
1611 1091 1727 1138 Pos-

354 1191 509 1231 tremo
540 1190 718 1247 pacta,
744 1183 916 1246 quibus
949 1191 1111 1247 partes
1136 1185 1351 1248 corporis
1374 1185 1518 1247 hujus
1540 1181 1728 1247 politici

353 1274 763 1337 conglutinantur,
781 1274 1034 1322 imitantur
1049 1275 1265 1323 divinum
1279 1275 1399 1323 illud
1416 1275 1615 1322 verbum
1619 1273 1728 1335 fiat

354 1365 453 1413 sive
472 1365 734 1429 faciamus
758 1366 1005 1423 hominem,
1030 1383 1059 1414 a
1082 1367 1185 1415 Deo
1209 1355 1453 1430 prolatum
1477 1367 1527 1414 in
1550 1365 1730 1430 princi-

353 1457 434 1520 pio
459 1473 568 1504 cum
593 1464 779 1505 crearet
802 1458 1052 1506 mundum.

421 1549 645 1598 Hominis
684 1551 826 1614 hujus
862 1551 1124 1599 artificialis
1165 1559 1391 1600 naturam
1433 1551 1725 1611 describens,

355 1641 672 1690 considerabo
694 1662 704 1690 :

429 1740 469 1781 1.
507 1734 765 1782 Materiam
789 1736 891 1798 ejus
916 1744 965 1784 et
989 1737 1239 1796 artificem,
1263 1736 1315 1784 id
1338 1744 1426 1795 est,
1459 1736 1727 1784 hominem.-

423 1831 471 1873 2.
509 1826 620 1874 Quo
654 1827 798 1875 modo
834 1835 883 1875 et
924 1829 1096 1891 quibus
1119 1828 1275 1891 pactis
1298 1828 1455 1876 factus
1479 1836 1582 1884 est;
1620 1845 1728 1892 quae

351 1917 475 1980 jura,
514 1933 620 1980 quae
659 1926 873 1982 potestas
909 1919 1007 1967 sive
1032 1920 1304 1968 authoritas
1329 1921 1432 1982 ejus
1456 1927 1566 1975 est;
1604 1927 1654 1967 et
1678 1920 1728 1968 in

358 2025 453 2072 quo
478 2009 657 2057 residet
672 2017 904 2074 potestas
928 2027 1111 2058 summa
1127 2030 1144 2059 .·

423 2110 468 2151 3.
507 2103 639 2152 Quid
662 2111 735 2151 est
758 2103 937 2151 civitas
961 2104 1249 2151 Christiana
1269 2122 1286 2151 .·

421 2201 468 2242 4.
505 2195 639 2247 Quid
661 2202 734 2243 est
756 2211 960 2259 regnum
984 2196 1310 2243 tenebrarum.

424 2286 569 2340 Quod
604 2286 666 2333 ad
699 2286 909 2349 primum
933 2287 1124 2345 attinet,
1147 2287 1376 2350 permulti
1413 2293 1525 2334 sunt
1549 2287 1630 2350 qui
1654 2303 1730 2335 sa-

356 2377 590 2440 pientiam
633 2377 801 2426 dicunt
839 2394 939 2426 non
972 2378 1178 2441 legendo
1213 2379 1379 2437 libros,
1404 2378 1490 2426 sed
1523 2378 1728 2442 legendo

356 2470 575 2518 homines
605 2471 817 2533 acquiri;
854 2479 903 2518 et
940 2472 1194 2520 sententiae
1225 2471 1338 2519 huic
1378 2479 1731 2535 consequenter

358 2559 441 2618 illi,
466 2560 547 2622 qui
570 2560 818 2623 sapientiae
841 2576 939 2609 suae
973 2562 1162 2609 nullum
1185 2561 1318 2610 aliud
1353 2562 1597 2625 specimen
1620 2579 1732 2626 pro-

358 2650 483 2699 ferre
506 2660 724 2715 possunt,
748 2652 888 2701 valde
913 2653 1220 2717 sibimetipsis
1243 2662 1360 2702 tunc
1383 2654 1594 2720 placent,
1619 2671 1731 2703 cum

360 2751 593 2806 quantum
616 2744 913 2808 profecerint
936 2745 1253 2809 inspiciendo,
1273 2746 1488 2794 censuris
1512 2746 1562 2794 in
1584 2762 1731 2810 prox-

359 2835 480 2884 imos
504 2846 674 2886 contra
698 2837 982 2886 charitatem
1002 2838 1336 2902 patefecerint.
1395 2838 1543 2887 Extat
1565 2845 1731 2887 autem
