1968 3236
435 213 532 255 418
757 222 827 255 DE
856 221 1112 255 CIVITATE
1140 221 1499 256 cnms'rlANA.

170 356 272 388 (Ἃρ,
292 356 403 389 xm,
436 340 603 382 nostro
619 349 721 398 per
747 332 1012 397 epistolam
1032 333 1261 392 sermoni,
1287 334 1413 382 hunc
1448 341 1653 383 notate:
1688 341 1739 383 et
1761 353 1822 386 ne

188 411 383 486 W
436 410 768 457 commercium
791 408 968 456 habete
992 425 1096 455 cum
1131 425 1203 466 e0,
1245 416 1299 457 ut
1339 409 1632 458 erubescat:
1667 427 1824 476 neque

186 491 389 520 ⁰⁰⁰¹0³³⁰³t³0⁸·
435 493 490 534 ut
513 485 754 533 inimicum
773 484 954 542 ducite,
970 484 1064 538 sed
1084 484 1341 532 admonete
1363 492 1418 532 ut
1436 486 1670 550 fratrem
1690 507 1704 542 ;
1738 486 1823 534 ubi

436 578 466 609 a
491 577 606 608 voce
630 561 827 606 ὑπακόυει
850 560 1108 622 probatum
1133 559 1285 607 vellet
1309 560 1824 610 Thessalonicensibus

437 635 688 698 epistolam
712 635 839 682 hanc
874 634 1046 682 fuissse
1082 634 1254 698 legem.
1326 636 1682 699 Imperatorum
1707 653 1823 685 sane

435 711 653 774 epistolae
676 710 809 773 leges
835 719 990 757 erant.
1063 711 1115 758 Si
1139 727 1256 774 ergo
1281 711 1361 759 lex
1379 712 1527 760 etiam
1548 721 1674 762 esset
1697 713 1823 777 epis-

435 788 535 834 tola
560 787 608 834 S.
630 786 780 845 Pauli,
807 786 1136 848 obligaremur
1156 786 1355 833 obedire
1380 787 1570 836 duobus
1595 788 1821 837 dominis.

437 862 533 910 Sed
555 878 649 908 vox
673 861 756 908 illa
795 862 965 909 Graeca
997 861 1256 924 signifieat,
1281 878 1381 910 non
1412 863 1560 911 modo
1583 863 1824 927 imperata

434 938 592 985 facere
622 937 750 984 illius
775 937 858 1000 qui
881 944 1176 1000 potestatem
1210 938 1361 986 habet
1389 939 1627 1002 puniendi
1659 940 1700 988 si
1722 956 1823 988 non

433 1013 684 1071 faciamus,
704 1013 791 1060 sed
815 1013 964 1060 etiam
990 1013 1248 1061 consilium
1268 1014 1404 1077 sequi
1427 1015 1556 1063 illius
1581 1015 1664 1078 qui
1682 1015 1824 1064 nobis

435 1089 498 1136 ad
528 1090 716 1137 bonum
754 1095 977 1137 nostrum
1018 1095 1151 1136 recte
1189 1089 1417 1137 consulit.
1487 1090 1664 1138 Paulus
1705 1107 1823 1154 ergo

435 1165 585 1223 illum,
628 1165 710 1228 qui
746 1180 847 1212 non
884 1165 1250 1225 auscultaverit,
1284 1182 1375 1228 pro
1413 1165 1612 1214 inimico
1653 1166 1823 1214 haberi

435 1240 675 1303 prohibet,
711 1240 796 1287 sed
831 1240 1083 1288 admoneri
1117 1248 1312 1288 tantum
1348 1248 1406 1289 ut
1429 1240 1633 1290 fratrem
1653 1242 1823 1305 jubet;

435 1316 486 1363 id
510 1323 596 1374 est,
612 1316 876 1374 verberari,
893 1316 1204 1375 incarcerari,
1220 1316 1464 1376 mulctari,
1480 1317 1612 1380 quod
1629 1317 1824 1381 legisla-

436 1391 623 1439 toribus
637 1391 826 1439 licitum
841 1398 930 1450 est,
938 1392 1181 1455 prohibet.
1207 1392 1282 1440 Ex
1295 1408 1391 1455 quo
1406 1393 1720 1442 manifestum
1734 1402 1823 1453 est,

435 1469 484 1516 id
507 1469 635 1532 quod
655 1469 954 1517 Christianos
969 1477 1188 1517 metuere
1206 1478 1428 1534 pastores
1447 1487 1560 1520 suos
1574 1471 1708 1531 fecit,
1722 1489 1823 1521 non

436 1545 642 1607 apostoli
660 1545 934 1608 imperium,
960 1546 1047 1593 sed
1071 1546 1487 1595 existimationem
1510 1549 1614 1610 ejus
1635 1547 1799 1597 fuisse.

504 1622 662 1669 Locus
685 1622 883 1670 ultimus
907 1630 981 1670 est
1007 1622 1134 1670 Heb.
1150 1622 1252 1670 xiii.
1279 1626 1359 1677 17:
1391 1622 1603 1672 obedite
1621 1624 1823 1672 ductor-

439 1695 547 1743 ibus
571 1699 771 1756 vestris,
796 1704 845 1745 et
878 1698 1209 1746 obsecundate
1224 1717 1243 1754 ;
1285 1699 1532 1747 excubant
1559 1700 1685 1748 enim
1720 1699 1825 1765 ipsi

429 1787 531 1835 pro
547 1773 801 1820 animabus
816 1774 1013 1832 vestris,
1034 1781 1270 1838 tanquam
1285 1775 1529 1823 rationem
1551 1776 1823 1824 reddituri.

440 1847 602 1910 Atque
626 1848 718 1896 hoc
738 1864 904 1896 rursus
927 1849 1051 1906 loco,
1078 1850 1278 1898 obedire
1301 1850 1431 1898 idem
1455 1859 1531 1899 est
1555 1851 1689 1915 quod
1707 1868 1825 1900 con-

439 1923 600 1971 silium
623 1925 772 1987 sequi.
845 1925 988 1973 Ratio
1007 1925 1137 1973 enim
1163 1942 1313 1988 quare
1338 1927 1617 1989 pastoribus
1639 1928 1824 1976 nostris

439 1999 762 2047 obediendum
787 2000 866 2058 sit,
891 2016 989 2048 non
1015 2001 1214 2049 ducitur
1235 2018 1266 2049 a
1284 2002 1532 2050 voluntate
1552 2010 1601 2051 et
1618 2003 1823 2066 imperio

438 2082 704 2137 pastorum,
730 2075 816 2123 sed
840 2092 869 2123 a
890 2076 1128 2124 beneficio
1166 2076 1297 2139 quod
1319 2077 1414 2141 ipsi
1436 2077 1551 2125 inde
1574 2078 1825 2142 accepturi

439 2166 618 2208 sumus,
665 2167 839 2214 nempe
886 2152 947 2198 ab
994 2152 1267 2200 animarum
1314 2160 1594 2201 nostrarum
1651 2154 1825 2202 salute.

440 2226 695 2284 Praeterea,
705 2226 787 2289 qui
801 2226 989 2289 legibus
1008 2226 1206 2274 obedire
1226 2227 1524 2290 obligantur,
1540 2228 1674 2292 leges
1693 2229 1823 2293 ipsas

440 2301 716 2349 examinare
740 2318 838 2349 non
864 2301 1077 2357 debent;
1104 2303 1190 2350 sed
1217 2303 1267 2351 S.
1291 2304 1561 2363 Johannes,
1591 2306 1636 2366 (1
1667 2305 1823 2369 Epist.

439 2376 501 2423 iv.
534 2375 595 2437 l,)
623 2394 682 2424 ne
708 2376 947 2435 credatiS,
972 2377 1148 2440 inquit,
1180 2379 1309 2426 omni
1331 2379 1556 2444 spiritui,
1591 2381 1687 2429 sed
1698 2396 1825 2446 pro-

442 2450 556 2499 bate
595 2451 826 2515 spiritus,
851 2468 916 2499 au
959 2468 1022 2499 eoe
1058 2453 1169 2499 Deo
1203 2453 1341 2502 siut:
1377 2471 1491 2502 uam
1514 2455 1657 2504 multi
1670 2472 1827 2521 pseu-

442 2526 767 2590 cloprophetoe
801 2533 1037 2574 venerunt
1063 2526 1112 2574 in
1137 2529 1377 2577 mundum.
1448 2530 1652 2579 Constat
1688 2547 1824 2596 ergo,

440 2609 690 2662 pastorum
736 2616 935 2649 suorum
982 2601 1230 2649 doctrinas
1276 2619 1418 2666 posse
1464 2621 1494 2653 a
1533 2605 1824 2656 Christianis

440 2674 716 2723 hominibus
741 2676 979 2740 disputari
1002 2694 1013 2722 z
1051 2676 1136 2723 sed
1161 2677 1294 2739 leges
1331 2695 1517 2739 eorum,
1544 2682 1628 2744 qui
1662 2691 1824 2747 potes-

441 2757 590 2798 tatem
616 2751 806 2799 civilem
830 2766 1069 2799 summam
1094 2752 1292 2811 habent,
1319 2754 1558 2819 disputari
1581 2757 1686 2806 sine
1706 2775 1823 2823 pec-

443 2833 552 2872 cato
577 2841 606 2872 a
629 2826 836 2874 subditis
871 2826 969 2873 suis
991 2842 1091 2874 non
1115 2842 1273 2890 posse.
1344 2829 1542 2894 Alioqui
1565 2834 1695 2883 enim
1709 2834 1825 2883 civi-
