1968 3236
507 256 578 290 nn
606 256 865 290 cxvii-Ara
893 254 1249 290 camsrxANA.
1467 245 1571 289 -353

186 374 332 425 terra,
368 365 477 414 duae
512 374 652 414 erant
696 376 891 430 partes:
927 366 1096 424 altera,
1134 373 1189 413 ut
1230 380 1281 413 se
1321 363 1569 412 Christum

185 457 291 491 osse
312 442 653 506 profiteretur;
678 443 846 500 altera,
870 450 927 489 ut
950 458 1036 504 per
1058 441 1334 489 doctrinam
1358 456 1496 488 suam
1518 448 1570 487 et

185 533 274 581 per
309 518 643 581 operationem
679 518 1024 566 miraculorum
1047 517 1283 581 populum
1306 515 1569 581 persuade-

184 599 263 641 ret
283 600 572 656 pararetque
609 594 678 641 ita
705 594 885 650 vivere,
908 600 962 640 ut
998 593 1136 656 digni
1171 599 1333 640 essent
1369 591 1568 640 immor-

184 668 400 726 talitatis,
433 685 530 731 qua
560 669 644 727 illi,
683 669 766 732 qui
803 669 853 716 in
894 685 1006 716 eum
1052 668 1326 726 crederent,
1367 666 1570 716 fruituri

182 752 326 792 erant
359 745 410 792 in
445 745 658 792 adventu
699 747 802 808 ejus
841 744 1071 792 secundo.
1142 745 1305 807 Atque
1342 743 1405 791 ob
1443 742 1571 791 hanc

184 835 380 869 causam
411 830 506 878 est,
543 820 676 883 quod
716 829 907 883 tempus
953 819 1313 883 praedicationis
1360 819 1464 882 ejus
1509 818 1570 866 ab

183 895 288 959 ipso
312 905 516 943 vocatur
539 896 873 960 regeneratio,
910 895 1250 960 Regeneratio
1274 902 1437 942 autem
1461 909 1571 957 reg-

183 987 303 1020 num
338 988 437 1020 non
461 981 550 1029 est,
576 988 733 1035 neque
758 988 875 1035 ergo
899 987 1044 1019 causa
1067 971 1180 1018 inde
1204 970 1382 1018 adduci
1406 976 1571 1033 potest

183 1063 284 1112 qua
321 1048 482 1095 minus
527 1047 655 1095 cives
701 1047 752 1095 in
800 1063 1090 1110 quacunque
1137 1045 1336 1094 civitate
1382 1044 1570 1108 legibus

183 1123 408 1171 civilibus
445 1123 643 1170 obedire
683 1131 1030 1194 tenerentur.0f
1058 1122 1218 1169 Etiam
1253 1121 1301 1168 in
1339 1119 1573 1168 cathedra

184 1199 340 1247 Mosis
387 1215 444 1246 eo
493 1206 711 1261 tempore
758 1198 1039 1246 sedentibus
1084 1197 1413 1245 obedientiam
1443 1210 1571 1259 prae-

182 1275 319 1332 stari,
367 1284 418 1322 et
464 1274 643 1322 Caesari
692 1274 928 1322 tributum
967 1273 1090 1321 solvi
1129 1273 1290 1336 jussit.
1361 1271 1572 1335 Populus

187 1358 309 1398 tunc
332 1350 420 1397 sub
446 1365 649 1413 regnum
676 1349 764 1397 Dei
797 1365 895 1396 non
927 1357 1042 1396 actu
1067 1356 1207 1396 erant
1231 1369 1244 1403 ;
1281 1348 1570 1396 arrabonem

185 1425 414 1473 introitus
450 1425 500 1472 in
537 1441 740 1488 regnum
778 1424 869 1472 Dei
903 1424 1125 1472 futurum
1158 1425 1451 1481 habuerunt,
1489 1421 1572 1485 qui

183 1499 530 1555 crediderunt;
568 1509 618 1547 et
652 1508 913 1563 propterea
948 1506 1104 1547 status
1139 1499 1219 1547 ille
1254 1506 1459 1547 vocatur
1485 1497 1573 1545 ali-

181 1575 380 1640 quando
420 1592 630 1641 regnum
660 1575 863 1640 gratioe,
905 1574 956 1622 id
990 1584 1078 1634 est,
1114 1574 1324 1622 civitatis
1361 1573 1572 1622 coelestis

183 1667 283 1699 non
301 1652 558 1715 possessio,
580 1651 666 1699 sed
679 1652 775 1714 jus.

253 1727 506 1775 Hactenus
541 1727 610 1774 nil
643 1727 829 1775 factum
864 1734 950 1774 aut
985 1726 1171 1775 dictum
1205 1735 1281 1775 est
1308 1742 1338 1774 a
1361 1725 1570 1783 Christo,

182 1802 316 1866 quod
339 1802 403 1851 ad
427 1802 801 1851 diminutionem
839 1802 997 1851 tendit
1027 1803 1152 1866 juris
1187 1802 1341 1850 civilis
1373 1800 1571 1849 Judaeo-

183 1893 292 1925 rum
328 1885 413 1926 aut
438 1878 662 1926 CaesariS.
752 1878 879 1925 Nam
913 1878 1045 1942 quod
1068 1878 1245 1926 attinet
1269 1877 1333 1926 ad
1354 1877 1569 1935 Judaeos,

184 1951 433 2001 Christum
452 1969 619 2001 omnes
643 1954 981 2016 expectabant,
998 1961 1048 2001 et
1070 1954 1438 2002 renovationem
1460 1968 1569 2016 reg-

182 2027 236 2075 ni
273 2027 396 2076 Dei:
433 2028 484 2076 id
506 2028 638 2091 quod
671 2045 770 2076 non
805 2028 1051 2088 fecissent,
1077 2029 1118 2078 si
1140 2029 1329 2093 legibus
1354 2028 1467 2086 suis,
1491 2043 1569 2085 ne,

182 2117 297 2150 cum
330 2103 597 2162 advenerit,
624 2103 957 2152 manifestaret
997 2120 1047 2152 se
1077 2104 1213 2153 illum
1251 2120 1369 2161 esse,
1406 2104 1571 2167 prohi-

184 2178 342 2225 bitum
384 2177 571 2226 fuisset.
663 2179 786 2226 Cum
833 2195 951 2243 ergo
986 2180 1109 2227 nihil
1142 2180 1274 2238 fecit,
1310 2179 1403 2227 nisi
1439 2179 1572 2242 quod

183 2252 500 2316 praedicando
546 2262 596 2301 et
641 2255 889 2317 operando
937 2255 1172 2304 miracula
1227 2255 1471 2303 Messium
1516 2270 1568 2302 se

184 2343 289 2376 esse
322 2328 530 2391 probare
564 2337 766 2378 conatus
802 2331 880 2389 sit,
907 2331 1028 2379 nihil
1065 2332 1183 2379 fecit
1211 2339 1378 2379 contra
1403 2329 1568 2378 Judae-

185 2418 328 2450 orum
352 2402 499 2465 leges.
551 2404 774 2467 Regnum
799 2406 929 2469 quod
954 2407 1218 2470 postulavit
1242 2406 1348 2464 sibi,
1369 2413 1474 2453 erat
1495 2405 1570 2452 fu·

187 2485 353 2525 turum
376 2478 427 2524 in
450 2478 545 2525 alio
570 2479 752 2528 mundo
773 2498 784 2527 :
821 2481 990 2530 docuit
1018 2482 1206 2530 interea
1240 2479 1568 2529 obedientiam

187 2552 297 2611 illis,
334 2553 417 2616 qui
452 2553 734 2602 cathedram
768 2556 920 2606 Mosis
954 2558 1295 2621 possederunt,
1331 2563 1566 2619 praestan-

187 2627 299 2675 dam
335 2643 472 2675 esse:
509 2628 689 2677 Caesari
723 2631 959 2680 tributum
995 2632 1278 2680 solvendum
1314 2647 1416 2679 esse
1452 2646 1569 2678 con-

186 2702 421 2750 firmavit:
457 2703 667 2752 officium
685 2705 865 2768 judicis
887 2708 938 2755 in
962 2723 1014 2755 se
1038 2724 1137 2755 non
1163 2707 1390 2770 suscepit.
1434 2706 1569 2755 Quo-

187 2777 334 2826 modo
370 2778 519 2841 igitur
549 2786 635 2827 aut
657 2780 806 2829 verba
828 2790 914 2830 aut
936 2783 1153 2831 actiones
1179 2783 1282 2845 ejus
1305 2788 1570 2845 potuerunt

187 2869 294 2901 esse
317 2852 575 2912 seditiosae,
594 2864 679 2903 aut
693 2856 894 2905 tendere
918 2858 982 2906 ad
1006 2857 1254 2921 regiminis
1278 2856 1432 2905 civilis
1455 2857 1568 2905 sub-

322 2942 445 2976 voL.
468 2942 551 2976 111.
955 2961 958 2964 ‹
1345 2946 1379 2979 A
1400 2947 1434 2980 Α

1609 389 1712 422 ΟΛΡ.
1734 388 1829 422 xm.

1625 443 1814 466 ε-Ὕ-κ

1608 485 1653 514 De
1667 485 1826 514 Semtorin

1608 529 1699 557 nostri
1713 529 1797 556 beno-

1607 572 1678 600 dicn'
1689 571 1796 601 officio.
