<?xml version="1.0" encoding="UTF-8"?>
<!DOCTYPE html PUBLIC "-//W3C//DTD XHTML 1.0 Transitional//EN"
    "http://www.w3.org/TR/xhtml1/DTD/xhtml1-transitional.dtd">
<html xmlns="http://www.w3.org/1999/xhtml" xml:lang="en" lang="en">
 <head>
  <title>
</title>
<meta http-equiv="Content-Type" content="text/html;charset=utf-8" />
  <meta name='ocr-system' content='tesseract 3.04.00' />
  <meta name='ocr-capabilities' content='ocr_page ocr_carea ocr_par ocr_line ocrx_word'/>
</head>
<body>
  <div class='ocr_page' id='page_1' title='image "./operaphilosophic03hobbuoft_0047.png"; bbox 0 0 1910 3236; ppageno 0'>
   <div class='ocr_carea' id='block_1_1' title="bbox 0 1590 29 2371">
    <p class='ocr_par' dir='ltr' id='par_1_1' title="bbox 0 1590 29 2371">
     <span class='ocr_line' id='line_1_1' title="bbox 0 1590 29 2371; baseline 0 865"><span class='ocrx_word' id='word_1_1' title='bbox 0 1590 29 2371; x_wconf 95' lang='lat' dir='ltr'> </span> 
     </span>
    </p>
   </div>
   <div class='ocr_carea' id='block_1_2' title="bbox 696 272 1554 313">
    <p class='ocr_par' dir='ltr' id='par_1_2' title="bbox 696 272 1554 313">
     <span class='ocr_line' id='line_1_2' title="bbox 696 272 1554 313; baseline 0.003 -3"><span class='ocrx_word' id='word_1_2' title='bbox 696 277 765 310; x_wconf 72' lang='grc' dir='ltr'>ΒΕ</span> <span class='ocrx_word' id='word_1_3' title='bbox 792 277 1033 311; x_wconf 65' lang='lat' dir='ltr'>nomme.</span> <span class='ocrx_word' id='word_1_4' title='bbox 1494 272 1554 313; x_wconf 89' lang='lat'>35</span> 
     </span>
    </p>
   </div>
   <div class='ocr_carea' id='block_1_3' title="bbox 178 388 1562 910">
    <p class='ocr_par' dir='ltr' id='par_1_3' title="bbox 178 388 1562 910">
     <span class='ocr_line' id='line_1_3' title="bbox 182 388 1557 453; baseline 0 -14"><span class='ocrx_word' id='word_1_5' title='bbox 182 388 330 439; x_wconf 80' lang='lat' dir='ltr'>Quod</span> <span class='ocrx_word' id='word_1_6' title='bbox 351 389 391 437; x_wconf 90' lang='lat' dir='ltr'>si</span> <span class='ocrx_word' id='word_1_7' title='bbox 423 404 568 453; x_wconf 86' lang='lat' dir='ltr'>quem</span> <span class='ocrx_word' id='word_1_8' title='bbox 597 389 669 438; x_wconf 83' lang='lat' dir='ltr'>ita</span> <span class='ocrx_word' id='word_1_9' title='bbox 691 390 970 453; x_wconf 88' lang='lat' dir='ltr'>loquentem</span> <span class='ocrx_word' id='word_1_10' title='bbox 1002 393 1250 451; x_wconf 84' lang='lat' dir='ltr'>sentirem,</span> <span class='ocrx_word' id='word_1_11' title='bbox 1286 407 1387 440; x_wconf 90' lang='lat' dir='ltr'>non</span> <span class='ocrx_word' id='word_1_12' title='bbox 1421 391 1557 439; x_wconf 92' lang='lat' dir='ltr'>illum</span> 
     </span>
     <span class='ocr_line' id='line_1_4' title="bbox 178 463 1371 522; baseline 0.003 -9"><span class='ocrx_word' id='word_1_13' title='bbox 178 479 398 522; x_wconf 74' lang='lat' dir='ltr'>errasse,</span> <span class='ocrx_word' id='word_1_14' title='bbox 424 464 510 512; x_wconf 91' lang='lat' dir='ltr'>sed</span> <span class='ocrx_word' id='word_1_15' title='bbox 532 463 751 512; x_wconf 77' lang='lat' dir='ltr'><em>absurde</em></span> <span class='ocrx_word' id='word_1_16' title='bbox 774 466 990 514; x_wconf 89' lang='lat' dir='ltr'>locutum</span> <span class='ocrx_word' id='word_1_17' title='bbox 1014 483 1118 515; x_wconf 88' lang='lat' dir='ltr'>esse</span> <span class='ocrx_word' id='word_1_18' title='bbox 1142 467 1371 516; x_wconf 85' lang='lat' dir='ltr'>dicerem.</span> 
     </span>
     <span class='ocr_line' id='line_1_5' title="bbox 247 538 1556 606; baseline 0.004 -20"><span class='ocrx_word' id='word_1_19' title='bbox 247 538 511 587; x_wconf 89' lang='lat' dir='ltr'><strong>Hominem</strong></span> <span class='ocrx_word' id='word_1_20' title='bbox 530 540 720 587; x_wconf 85' lang='lat' dir='ltr'>caeteris</span> <span class='ocrx_word' id='word_1_21' title='bbox 743 541 1031 590; x_wconf 75' lang='lat' dir='ltr'><strong>animalibus</strong></span> <span class='ocrx_word' id='word_1_22' title='bbox 1055 551 1287 606; x_wconf 85' lang='lat' dir='ltr'>praestare</span> <span class='ocrx_word' id='word_1_23' title='bbox 1306 542 1405 591; x_wconf 86' lang='lat' dir='ltr'><strong>dixi</strong></span> <span class='ocrx_word' id='word_1_24' title='bbox 1425 551 1556 603; x_wconf 90' lang='lat' dir='ltr'>ante,</span> 
     </span>
     <span class='ocr_line' id='line_1_6' title="bbox 180 614 1559 681; baseline 0.002 -17"><span class='ocrx_word' id='word_1_25' title='bbox 180 630 240 664; x_wconf 89' lang='lat' dir='ltr'>eo</span> <span class='ocrx_word' id='word_1_26' title='bbox 263 614 396 678; x_wconf 92' lang='lat' dir='ltr'>quod</span> <span class='ocrx_word' id='word_1_27' title='bbox 418 631 530 662; x_wconf 92' lang='lat' dir='ltr'>cum</span> <span class='ocrx_word' id='word_1_28' title='bbox 555 615 616 663; x_wconf 91' lang='lat' dir='ltr'>de</span> <span class='ocrx_word' id='word_1_29' title='bbox 639 631 693 663; x_wconf 89' lang='lat' dir='ltr'>re</span> <span class='ocrx_word' id='word_1_30' title='bbox 728 631 1018 680; x_wconf 87' lang='lat' dir='ltr'>quacunque</span> <span class='ocrx_word' id='word_1_31' title='bbox 1051 619 1356 681; x_wconf 83' lang='lat' dir='ltr'>cogitaverit,</span> <span class='ocrx_word' id='word_1_32' title='bbox 1380 619 1432 666; x_wconf 89' lang='lat' dir='ltr'>in</span> <span class='ocrx_word' id='word_1_33' title='bbox 1454 619 1559 681; x_wconf 88' lang='lat' dir='ltr'>ejus</span> 
     </span>
     <span class='ocr_line' id='line_1_7' title="bbox 180 690 1560 756; baseline 0.002 -17"><span class='ocrx_word' id='word_1_34' title='bbox 180 690 253 739; x_wconf 88' lang='lat' dir='ltr'>rei</span> <span class='ocrx_word' id='word_1_35' title='bbox 274 691 647 753; x_wconf 82' lang='lat' dir='ltr'>consequentias</span> <span class='ocrx_word' id='word_1_36' title='bbox 670 691 914 753; x_wconf 85' lang='lat' dir='ltr'>inquirere</span> <span class='ocrx_word' id='word_1_37' title='bbox 951 701 998 740; x_wconf 90' lang='lat' dir='ltr'>et</span> <span class='ocrx_word' id='word_1_38' title='bbox 1034 694 1277 756; x_wconf 91' lang='lat' dir='ltr'>quomodo</span> <span class='ocrx_word' id='word_1_39' title='bbox 1312 710 1370 742; x_wconf 85' lang='lat' dir='ltr'>ea</span> <span class='ocrx_word' id='word_1_40' title='bbox 1403 709 1457 741; x_wconf 88' lang='lat' dir='ltr'>re</span> <span class='ocrx_word' id='word_1_41' title='bbox 1486 694 1560 741; x_wconf 90' lang='lat' dir='ltr'>uti</span> 
     </span>
     <span class='ocr_line' id='line_1_8' title="bbox 179 767 1562 833; baseline 0.002 -20"><span class='ocrx_word' id='word_1_42' title='bbox 179 772 356 831; x_wconf 55' lang='lat' dir='ltr'>potest,</span> <span class='ocrx_word' id='word_1_43' title='bbox 413 775 559 829; x_wconf 85' lang='lat' dir='ltr'>aptus</span> <span class='ocrx_word' id='word_1_44' title='bbox 614 774 758 814; x_wconf 89' lang='lat' dir='ltr'>natus</span> <span class='ocrx_word' id='word_1_45' title='bbox 811 767 888 815; x_wconf 91' lang='lat' dir='ltr'>sit.</span> <span class='ocrx_word' id='word_1_46' title='bbox 980 769 1210 832; x_wconf 88' lang='lat' dir='ltr'>Ejusdem</span> <span class='ocrx_word' id='word_1_47' title='bbox 1262 769 1562 833; x_wconf 88' lang='lat' dir='ltr'>praestantiae</span> 
     </span>
     <span class='ocr_line' id='line_1_9' title="bbox 178 841 1562 910; baseline 0.004 -21"><span class='ocrx_word' id='word_1_48' title='bbox 178 841 387 906; x_wconf 81' lang='lat' dir='ltr'>gradum</span> <span class='ocrx_word' id='word_1_49' title='bbox 415 842 564 890; x_wconf 88' lang='lat' dir='ltr'>alium</span> <span class='ocrx_word' id='word_1_50' title='bbox 601 842 682 890; x_wconf 90' lang='lat' dir='ltr'>hic</span> <span class='ocrx_word' id='word_1_51' title='bbox 722 842 867 900; x_wconf 86' lang='lat' dir='ltr'>addo,</span> <span class='ocrx_word' id='word_1_52' title='bbox 902 844 1035 907; x_wconf 92' lang='lat' dir='ltr'>quod</span> <span class='ocrx_word' id='word_1_53' title='bbox 1067 861 1155 908; x_wconf 89' lang='lat' dir='ltr'>per</span> <span class='ocrx_word' id='word_1_54' title='bbox 1189 846 1562 910; x_wconf 81' lang='lat' dir='ltr'>consequentias</span> 
     </span>
    </p>
   </div>
   <div class='ocr_carea' id='block_1_4' title="bbox 180 917 1563 1058">
    <p class='ocr_par' dir='ltr' id='par_1_4' title="bbox 180 917 1563 1058">
     <span class='ocr_line' id='line_1_10' title="bbox 180 917 1563 984; baseline 0.004 -19"><span class='ocrx_word' id='word_1_55' title='bbox 180 917 439 965; x_wconf 79' lang='lat' dir='ltr'>verborum</span> <span class='ocrx_word' id='word_1_56' title='bbox 476 917 687 981; x_wconf 90' lang='lat' dir='ltr'>reperire</span> <span class='ocrx_word' id='word_1_57' title='bbox 720 925 882 982; x_wconf 91' lang='lat' dir='ltr'>potest</span> <span class='ocrx_word' id='word_1_58' title='bbox 916 919 1110 981; x_wconf 82' lang='lat' dir='ltr'>regulas</span> <span class='ocrx_word' id='word_1_59' title='bbox 1145 922 1414 983; x_wconf 60' lang='lat' dir='ltr'>generales»,</span> <span class='ocrx_word' id='word_1_60' title='bbox 1452 937 1563 984; x_wconf 88' lang='lat' dir='ltr'>quae</span> 
     </span>
     <span class='ocr_line' id='line_1_11' title="bbox 181 991 1562 1058; baseline 0.004 -18"><span class='ocrx_word' id='word_1_61' title='bbox 181 991 489 1041; x_wconf 75' lang='lat' dir='ltr'>theoremata</span> <span class='ocrx_word' id='word_1_62' title='bbox 529 1000 580 1040; x_wconf 92' lang='lat' dir='ltr'>et</span> <span class='ocrx_word' id='word_1_63' title='bbox 619 992 895 1058; x_wconf 71' lang='lat' dir='ltr'>aphorismi</span> <span class='ocrx_word' id='word_1_64' title='bbox 940 995 1103 1042; x_wconf 86' lang='lat' dir='ltr'>vocari</span> <span class='ocrx_word' id='word_1_65' title='bbox 1150 996 1338 1053; x_wconf 82' lang='lat' dir='ltr'>solent3</span> <span class='ocrx_word' id='word_1_66' title='bbox 1379 997 1432 1045; x_wconf 91' lang='lat' dir='ltr'>id</span> <span class='ocrx_word' id='word_1_67' title='bbox 1470 1004 1562 1055; x_wconf 85' lang='lat' dir='ltr'>est,</span> 
     </span>
    </p>
   </div>
   <div class='ocr_carea' id='block_1_5' title="bbox 181 1068 1571 3003">
    <p class='ocr_par' dir='ltr' id='par_1_5' title="bbox 181 1068 1565 1282">
     <span class='ocr_line' id='line_1_12' title="bbox 181 1068 1564 1132; baseline 0.004 -17"><span class='ocrx_word' id='word_1_68' title='bbox 181 1075 466 1132; x_wconf 85' lang='lat' dir='ltr'>computare</span> <span class='ocrx_word' id='word_1_69' title='bbox 489 1075 652 1131; x_wconf 88' lang='lat' dir='ltr'>potest</span> <span class='ocrx_word' id='word_1_70' title='bbox 669 1084 770 1116; x_wconf 92' lang='lat' dir='ltr'>non</span> <span class='ocrx_word' id='word_1_71' title='bbox 794 1068 951 1116; x_wconf 89' lang='lat' dir='ltr'>solum</span> <span class='ocrx_word' id='word_1_72' title='bbox 974 1069 1026 1117; x_wconf 92' lang='lat' dir='ltr'>in</span> <span class='ocrx_word' id='word_1_73' title='bbox 1048 1072 1279 1130; x_wconf 89' lang='lat' dir='ltr'>numeris,</span> <span class='ocrx_word' id='word_1_74' title='bbox 1305 1072 1391 1120; x_wconf 92' lang='lat' dir='ltr'>sed</span> <span class='ocrx_word' id='word_1_75' title='bbox 1415 1072 1564 1120; x_wconf 86' lang='lat' dir='ltr'>etiam</span> 
     </span>
     <span class='ocr_line' id='line_1_13' title="bbox 182 1142 1565 1207; baseline 0.004 -16"><span class='ocrx_word' id='word_1_76' title='bbox 182 1142 235 1192; x_wconf 92' lang='lat' dir='ltr'>in</span> <span class='ocrx_word' id='word_1_77' title='bbox 255 1143 402 1191; x_wconf 88' lang='lat' dir='ltr'>rebus</span> <span class='ocrx_word' id='word_1_78' title='bbox 416 1142 524 1191; x_wconf 89' lang='lat' dir='ltr'>aliis</span> <span class='ocrx_word' id='word_1_79' title='bbox 549 1144 790 1203; x_wconf 90' lang='lat' dir='ltr'>omnibus,</span> <span class='ocrx_word' id='word_1_80' title='bbox 815 1160 1021 1207; x_wconf 87' lang='lat' dir='ltr'>quarum</span> <span class='ocrx_word' id='word_1_81' title='bbox 1049 1161 1149 1194; x_wconf 88' lang='lat' dir='ltr'>una</span> <span class='ocrx_word' id='word_1_82' title='bbox 1182 1147 1324 1195; x_wconf 84' lang='lat' dir='ltr'>alteri</span> <span class='ocrx_word' id='word_1_83' title='bbox 1347 1147 1463 1196; x_wconf 90' lang='lat' dir='ltr'>addi</span> <span class='ocrx_word' id='word_1_84' title='bbox 1486 1147 1565 1195; x_wconf 87' lang='lat' dir='ltr'>vel</span> 
     </span>
     <span class='ocr_line' id='line_1_14' title="bbox 183 1219 564 1282; baseline 0 -15"><span class='ocrx_word' id='word_1_85' title='bbox 183 1219 363 1268; x_wconf 82' lang='lat' dir='ltr'>auferri</span> <span class='ocrx_word' id='word_1_86' title='bbox 384 1226 564 1282; x_wconf 91' lang='lat' dir='ltr'>potest.</span> 
     </span>
    </p>

    <p class='ocr_par' dir='ltr' id='par_1_6' title="bbox 183 1294 1570 2115">
     <span class='ocr_line' id='line_1_15' title="bbox 251 1294 1562 1362; baseline 0.003 -20"><span class='ocrx_word' id='word_1_87' title='bbox 251 1294 349 1343; x_wconf 89' lang='lat' dir='ltr'>Sed</span> <span class='ocrx_word' id='word_1_88' title='bbox 371 1294 679 1358; x_wconf 84' lang='lat' dir='ltr'>privilegium</span> <span class='ocrx_word' id='word_1_89' title='bbox 696 1294 792 1343; x_wconf 89' lang='lat' dir='ltr'>hoc</span> <span class='ocrx_word' id='word_1_90' title='bbox 816 1296 878 1343; x_wconf 90' lang='lat' dir='ltr'>ab</span> <span class='ocrx_word' id='word_1_91' title='bbox 897 1295 993 1343; x_wconf 88' lang='lat' dir='ltr'>alio</span> <span class='ocrx_word' id='word_1_92' title='bbox 1012 1297 1224 1359; x_wconf 85' lang='lat' dir='ltr'>quodam</span> <span class='ocrx_word' id='word_1_93' title='bbox 1243 1305 1562 1362; x_wconf 90' lang='lat' dir='ltr'>temperatur.</span> 
     </span>
     <span class='ocr_line' id='line_1_16' title="bbox 185 1370 1564 1434; baseline 0.001 -15"><span class='ocrx_word' id='word_1_94' title='bbox 185 1370 345 1419; x_wconf 90' lang='lat' dir='ltr'>Solius</span> <span class='ocrx_word' id='word_1_95' title='bbox 384 1370 514 1418; x_wconf 89' lang='lat' dir='ltr'>enim</span> <span class='ocrx_word' id='word_1_96' title='bbox 549 1370 760 1418; x_wconf 89' lang='lat' dir='ltr'>hominis</span> <span class='ocrx_word' id='word_1_97' title='bbox 799 1370 1108 1434; x_wconf 86' lang='lat' dir='ltr'>privilegium</span> <span class='ocrx_word' id='word_1_98' title='bbox 1146 1381 1220 1421; x_wconf 93' lang='lat' dir='ltr'>est</span> <span class='ocrx_word' id='word_1_99' title='bbox 1256 1373 1564 1432; x_wconf 69' lang='lat' dir='ltr'>absurditas,</span> 
     </span>
     <span class='ocr_line' id='line_1_17' title="bbox 185 1445 1567 1497; baseline 0.001 -2"><span class='ocrx_word' id='word_1_100' title='bbox 185 1446 264 1495; x_wconf 85' lang='lat' dir='ltr'>cui</span> <span class='ocrx_word' id='word_1_101' title='bbox 309 1445 406 1494; x_wconf 86' lang='lat' dir='ltr'>alia</span> <span class='ocrx_word' id='word_1_102' title='bbox 443 1454 669 1494; x_wconf 85' lang='lat' dir='ltr'>creatura</span> <span class='ocrx_word' id='word_1_103' title='bbox 707 1446 842 1494; x_wconf 89' lang='lat' dir='ltr'>nulla</span> <span class='ocrx_word' id='word_1_104' title='bbox 879 1454 953 1495; x_wconf 89' lang='lat' dir='ltr'>est</span> <span class='ocrx_word' id='word_1_105' title='bbox 999 1448 1224 1496; x_wconf 84' lang='lat' dir='ltr'>obnoxia.</span> <span class='ocrx_word' id='word_1_106' title='bbox 1296 1449 1567 1497; x_wconf 91' lang='lat' dir='ltr'>Hominum</span> 
     </span>
     <span class='ocr_line' id='line_1_18' title="bbox 184 1522 1568 1587; baseline 0.002 -17"><span class='ocrx_word' id='word_1_107' title='bbox 184 1528 349 1570; x_wconf 78' lang='lat' dir='ltr'>autem</span> <span class='ocrx_word' id='word_1_108' title='bbox 371 1522 581 1570; x_wconf 80' lang='lat' dir='ltr'>maxime</span> <span class='ocrx_word' id='word_1_109' title='bbox 609 1522 807 1570; x_wconf 85' lang='lat' dir='ltr'>obnoxii</span> <span class='ocrx_word' id='word_1_110' title='bbox 838 1529 953 1570; x_wconf 90' lang='lat' dir='ltr'>sunt</span> <span class='ocrx_word' id='word_1_111' title='bbox 987 1523 1057 1570; x_wconf 92' lang='lat' dir='ltr'>illi</span> <span class='ocrx_word' id='word_1_112' title='bbox 1092 1524 1176 1587; x_wconf 91' lang='lat' dir='ltr'>qui</span> <span class='ocrx_word' id='word_1_113' title='bbox 1210 1525 1375 1572; x_wconf 87' lang='lat' dir='ltr'>vocari</span> <span class='ocrx_word' id='word_1_114' title='bbox 1410 1525 1568 1572; x_wconf 86' lang='lat' dir='ltr'>solent</span> 
     </span>
     <span class='ocr_line' id='line_1_19' title="bbox 184 1596 1569 1662; baseline 0.001 -16"><span class='ocrx_word' id='word_1_115' title='bbox 184 1596 474 1662; x_wconf 83' lang='lat' dir='ltr'>philosophi.</span> <span class='ocrx_word' id='word_1_116' title='bbox 545 1596 604 1644; x_wconf 92' lang='lat' dir='ltr'>Id</span> <span class='ocrx_word' id='word_1_117' title='bbox 627 1598 758 1645; x_wconf 91' lang='lat' dir='ltr'>enim</span> <span class='ocrx_word' id='word_1_118' title='bbox 790 1597 978 1646; x_wconf 88' lang='lat' dir='ltr'>dictum</span> <span class='ocrx_word' id='word_1_119' title='bbox 1009 1605 1083 1646; x_wconf 88' lang='lat' dir='ltr'>est</span> <span class='ocrx_word' id='word_1_120' title='bbox 1105 1615 1135 1647; x_wconf 87' lang='lat' dir='ltr'>a</span> <span class='ocrx_word' id='word_1_121' title='bbox 1159 1599 1394 1647; x_wconf 87' lang='lat' dir='ltr'>Cicerone</span> <span class='ocrx_word' id='word_1_122' title='bbox 1417 1601 1569 1648; x_wconf 85' lang='lat' dir='ltr'>veris-</span> 
     </span>
     <span class='ocr_line' id='line_1_20' title="bbox 183 1672 1568 1738; baseline 0.001 -17"><span class='ocrx_word' id='word_1_123' title='bbox 183 1673 322 1731; x_wconf 76' lang='lat' dir='ltr'>sime,</span> <span class='ocrx_word' id='word_1_124' title='bbox 344 1672 466 1720; x_wconf 89' lang='lat' dir='ltr'>nihil</span> <span class='ocrx_word' id='word_1_125' title='bbox 489 1679 592 1720; x_wconf 87' lang='lat' dir='ltr'>tam</span> <span class='ocrx_word' id='word_1_126' title='bbox 615 1688 720 1721; x_wconf 90' lang='lat' dir='ltr'>esse</span> <span class='ocrx_word' id='word_1_127' title='bbox 742 1689 884 1736; x_wconf 90' lang='lat' dir='ltr'>posse</span> <span class='ocrx_word' id='word_1_128' title='bbox 912 1673 1192 1732; x_wconf 86' lang='lat' dir='ltr'>absurdum,</span> <span class='ocrx_word' id='word_1_129' title='bbox 1218 1675 1337 1738; x_wconf 91' lang='lat' dir='ltr'>quin</span> <span class='ocrx_word' id='word_1_130' title='bbox 1360 1675 1568 1724; x_wconf 87' lang='lat' dir='ltr'>inveniri</span> 
     </span>
     <span class='ocr_line' id='line_1_21' title="bbox 184 1748 1567 1814; baseline 0.001 -18"><span class='ocrx_word' id='word_1_131' title='bbox 184 1748 339 1814; x_wconf 81' lang='lat' dir='ltr'>possit</span> <span class='ocrx_word' id='word_1_132' title='bbox 382 1748 433 1795; x_wconf 92' lang='lat' dir='ltr'>in</span> <span class='ocrx_word' id='word_1_133' title='bbox 478 1748 615 1796; x_wconf 87' lang='lat' dir='ltr'>libris</span> <span class='ocrx_word' id='word_1_134' title='bbox 659 1748 1078 1812; x_wconf 89' lang='lat' dir='ltr'>philosophorum.</span> <span class='ocrx_word' id='word_1_135' title='bbox 1149 1749 1300 1812; x_wconf 85' lang='lat' dir='ltr'>Cujus</span> <span class='ocrx_word' id='word_1_136' title='bbox 1335 1750 1407 1797; x_wconf 91' lang='lat' dir='ltr'>rei</span> <span class='ocrx_word' id='word_1_137' title='bbox 1441 1751 1567 1798; x_wconf 87' lang='lat' dir='ltr'>ratio</span> 
     </span>
     <span class='ocr_line' id='line_1_22' title="bbox 184 1823 1567 1888; baseline 0.001 -16"><span class='ocrx_word' id='word_1_138' title='bbox 184 1823 444 1872; x_wconf 84' lang='lat' dir='ltr'>manifesta</span> <span class='ocrx_word' id='word_1_139' title='bbox 466 1831 556 1871; x_wconf 88' lang='lat' dir='ltr'>est.</span> <span class='ocrx_word' id='word_1_140' title='bbox 625 1823 808 1871; x_wconf 87' lang='lat' dir='ltr'>Eorum</span> <span class='ocrx_word' id='word_1_141' title='bbox 831 1824 963 1872; x_wconf 91' lang='lat' dir='ltr'>enim</span> <span class='ocrx_word' id='word_1_142' title='bbox 997 1840 1141 1873; x_wconf 90' lang='lat' dir='ltr'>nemo</span> <span class='ocrx_word' id='word_1_143' title='bbox 1173 1836 1265 1884; x_wconf 89' lang='lat' dir='ltr'>est,</span> <span class='ocrx_word' id='word_1_144' title='bbox 1302 1826 1385 1888; x_wconf 94' lang='lat' dir='ltr'>qui</span> <span class='ocrx_word' id='word_1_145' title='bbox 1421 1827 1567 1874; x_wconf 89' lang='lat' dir='ltr'>ratio-</span> 
     </span>
     <span class='ocr_line' id='line_1_23' title="bbox 185 1898 1570 1965; baseline 0.001 -17"><span class='ocrx_word' id='word_1_146' title='bbox 185 1898 455 1948; x_wconf 83' lang='lat' dir='ltr'>cinationes</span> <span class='ocrx_word' id='word_1_147' title='bbox 477 1915 589 1947; x_wconf 86' lang='lat' dir='ltr'>suas</span> <span class='ocrx_word' id='word_1_148' title='bbox 607 1915 637 1947; x_wconf 88' lang='lat' dir='ltr'>a</span> <span class='ocrx_word' id='word_1_149' title='bbox 654 1899 1019 1948; x_wconf 87' lang='lat' dir='ltr'>definitionibus</span> <span class='ocrx_word' id='word_1_150' title='bbox 1038 1900 1275 1960; x_wconf 79' lang='lat' dir='ltr'>ordiatur,</span> <span class='ocrx_word' id='word_1_151' title='bbox 1297 1902 1399 1949; x_wconf 90' lang='lat' dir='ltr'>sive</span> <span class='ocrx_word' id='word_1_152' title='bbox 1418 1903 1570 1965; x_wconf 84' lang='lat' dir='ltr'>expli-</span> 
     </span>
     <span class='ocr_line' id='line_1_24' title="bbox 185 1974 1568 2038; baseline 0.001 -14"><span class='ocrx_word' id='word_1_153' title='bbox 185 1974 459 2024; x_wconf 70' lang='lat' dir='ltr'>cationibus</span> <span class='ocrx_word' id='word_1_154' title='bbox 481 1975 735 2023; x_wconf 90' lang='lat' dir='ltr'>nominum</span> <span class='ocrx_word' id='word_1_155' title='bbox 752 1976 930 2038; x_wconf 91' lang='lat' dir='ltr'>quibus</span> <span class='ocrx_word' id='word_1_156' title='bbox 947 1977 1084 2024; x_wconf 88' lang='lat' dir='ltr'>usuri</span> <span class='ocrx_word' id='word_1_157' title='bbox 1102 1984 1233 2024; x_wconf 91' lang='lat' dir='ltr'>sunt.</span> <span class='ocrx_word' id='word_1_158' title='bbox 1304 1977 1568 2026; x_wconf 89' lang='lat' dir='ltr'>Methodus</span> 
     </span>
     <span class='ocr_line' id='line_1_25' title="bbox 185 2050 1223 2115; baseline 0.001 -16"><span class='ocrx_word' id='word_1_159' title='bbox 185 2050 318 2099; x_wconf 87' lang='lat' dir='ltr'>enim</span> <span class='ocrx_word' id='word_1_160' title='bbox 338 2050 445 2099; x_wconf 85' lang='lat' dir='ltr'>haec</span> <span class='ocrx_word' id='word_1_161' title='bbox 467 2059 830 2114; x_wconf 83' lang='lat' dir='ltr'>geometrarum</span> <span class='ocrx_word' id='word_1_162' title='bbox 851 2052 1109 2115; x_wconf 88' lang='lat' dir='ltr'>peculiaris</span> <span class='ocrx_word' id='word_1_163' title='bbox 1132 2059 1223 2100; x_wconf 87' lang='lat' dir='ltr'>est.</span> 
     </span>
    </p>

    <p class='ocr_par' dir='ltr' id='par_1_7' title="bbox 185 2126 1571 2944">
     <span class='ocr_line' id='line_1_26' title="bbox 252 2126 1570 2176; baseline 0.001 -2"><span class='ocrx_word' id='word_1_164' title='bbox 252 2126 632 2174; x_wconf 86' lang='lat' dir='ltr'>Conclusionum</span> <span class='ocrx_word' id='word_1_165' title='bbox 654 2127 931 2176; x_wconf 79' lang='lat' dir='ltr'>absurditas</span> <span class='ocrx_word' id='word_1_166' title='bbox 953 2127 1005 2175; x_wconf 92' lang='lat' dir='ltr'>in</span> <span class='ocrx_word' id='word_1_167' title='bbox 1028 2127 1218 2175; x_wconf 88' lang='lat' dir='ltr'>caeteris</span> <span class='ocrx_word' id='word_1_168' title='bbox 1247 2127 1460 2176; x_wconf 88' lang='lat' dir='ltr'>scientiis</span> <span class='ocrx_word' id='word_1_169' title='bbox 1484 2127 1570 2175; x_wconf 91' lang='lat' dir='ltr'>de-</span> 
     </span>
     <span class='ocr_line' id='line_1_27' title="bbox 185 2200 1569 2266; baseline 0 -16"><span class='ocrx_word' id='word_1_170' title='bbox 185 2200 339 2250; x_wconf 84' lang='lat' dir='ltr'>fectui</span> <span class='ocrx_word' id='word_1_171' title='bbox 382 2201 603 2250; x_wconf 87' lang='lat' dir='ltr'>methodi</span> <span class='ocrx_word' id='word_1_172' title='bbox 644 2202 931 2266; x_wconf 87' lang='lat' dir='ltr'>imputanda</span> <span class='ocrx_word' id='word_1_173' title='bbox 975 2211 1050 2251; x_wconf 87' lang='lat' dir='ltr'>est</span> <span class='ocrx_word' id='word_1_174' title='bbox 1069 2224 1082 2258; x_wconf 89' lang='lat'>;</span> <span class='ocrx_word' id='word_1_175' title='bbox 1131 2210 1392 2266; x_wconf 87' lang='lat' dir='ltr'>propterea</span> <span class='ocrx_word' id='word_1_176' title='bbox 1437 2202 1569 2266; x_wconf 92' lang='lat' dir='ltr'>quod</span> 
     </span>
     <span class='ocr_line' id='line_1_28' title="bbox 185 2276 1569 2341; baseline -0.001 -15"><span class='ocrx_word' id='word_1_177' title='bbox 185 2276 583 2326; x_wconf 85' lang='lat' dir='ltr'>ratiocinationes</span> <span class='ocrx_word' id='word_1_178' title='bbox 613 2293 726 2326; x_wconf 85' lang='lat' dir='ltr'>suas</span> <span class='ocrx_word' id='word_1_179' title='bbox 761 2294 861 2326; x_wconf 92' lang='lat' dir='ltr'>non</span> <span class='ocrx_word' id='word_1_180' title='bbox 885 2278 1128 2341; x_wconf 89' lang='lat' dir='ltr'>incipiunt</span> <span class='ocrx_word' id='word_1_181' title='bbox 1151 2294 1182 2326; x_wconf 87' lang='lat' dir='ltr'>a</span> <span class='ocrx_word' id='word_1_182' title='bbox 1205 2278 1569 2326; x_wconf 89' lang='lat' dir='ltr'>definitionibus</span> 
     </span>
     <span class='ocr_line' id='line_1_29' title="bbox 186 2351 1569 2416; baseline 0.001 -17"><span class='ocrx_word' id='word_1_183' title='bbox 186 2351 453 2400; x_wconf 87' lang='lat' dir='ltr'>nominum.</span> <span class='ocrx_word' id='word_1_184' title='bbox 546 2352 703 2401; x_wconf 79' lang='lat' dir='ltr'>Quasi</span> <span class='ocrx_word' id='word_1_185' title='bbox 758 2368 1015 2400; x_wconf 88' lang='lat' dir='ltr'>numerare</span> <span class='ocrx_word' id='word_1_186' title='bbox 1056 2353 1252 2411; x_wconf 85' lang='lat' dir='ltr'>vellent,</span> <span class='ocrx_word' id='word_1_187' title='bbox 1306 2361 1569 2416; x_wconf 89' lang='lat' dir='ltr'>antequam</span> 
     </span>
     <span class='ocr_line' id='line_1_30' title="bbox 187 2427 1569 2491; baseline -0.001 -15"><span class='ocrx_word' id='word_1_188' title='bbox 187 2427 510 2476; x_wconf 82' lang='lat' dir='ltr'>numeralium</span> <span class='ocrx_word' id='word_1_189' title='bbox 523 2428 777 2476; x_wconf 82' lang='lat' dir='ltr'>nominum</span> <span class='ocrx_word' id='word_1_190' title='bbox 794 2428 1009 2476; x_wconf 88' lang='lat' dir='ltr'>valorem</span> <span class='ocrx_word' id='word_1_191' title='bbox 1022 2428 1367 2491; x_wconf 86' lang='lat' dir='ltr'>intelligerent.</span> <span class='ocrx_word' id='word_1_192' title='bbox 1405 2428 1569 2490; x_wconf 90' lang='lat' dir='ltr'>Atque</span> 
     </span>
     <span class='ocr_line' id='line_1_31' title="bbox 186 2501 1571 2567; baseline 0 -16"><span class='ocrx_word' id='word_1_193' title='bbox 186 2501 293 2551; x_wconf 81' lang='lat' dir='ltr'>haec</span> <span class='ocrx_word' id='word_1_194' title='bbox 316 2518 464 2551; x_wconf 85' lang='lat' dir='ltr'>causa</span> <span class='ocrx_word' id='word_1_195' title='bbox 484 2503 728 2567; x_wconf 85' lang='lat' dir='ltr'>generalis</span> <span class='ocrx_word' id='word_1_196' title='bbox 752 2511 843 2551; x_wconf 88' lang='lat' dir='ltr'>est.</span> <span class='ocrx_word' id='word_1_197' title='bbox 913 2503 1159 2552; x_wconf 80' lang='lat' dir='ltr'>Quoniam</span> <span class='ocrx_word' id='word_1_198' title='bbox 1177 2513 1341 2551; x_wconf 90' lang='lat' dir='ltr'>autem</span> <span class='ocrx_word' id='word_1_199' title='bbox 1364 2519 1571 2565; x_wconf 89' lang='lat' dir='ltr'>corpora</span> 
     </span>
     <span class='ocr_line' id='line_1_32' title="bbox 187 2577 1571 2643; baseline 0.001 -17"><span class='ocrx_word' id='word_1_200' title='bbox 187 2577 240 2626; x_wconf 92' lang='lat' dir='ltr'>in</span> <span class='ocrx_word' id='word_1_201' title='bbox 261 2578 478 2626; x_wconf 79' lang='lat' dir='ltr'>rationes</span> <span class='ocrx_word' id='word_1_202' title='bbox 501 2586 703 2643; x_wconf 89' lang='lat' dir='ltr'>propter</span> <span class='ocrx_word' id='word_1_203' title='bbox 724 2579 884 2627; x_wconf 86' lang='lat' dir='ltr'>varias</span> <span class='ocrx_word' id='word_1_204' title='bbox 913 2579 1345 2637; x_wconf 88' lang='lat' dir='ltr'>considerationes,</span> <span class='ocrx_word' id='word_1_205' title='bbox 1370 2579 1497 2626; x_wconf 91' lang='lat' dir='ltr'>sicut</span> <span class='ocrx_word' id='word_1_206' title='bbox 1518 2579 1571 2627; x_wconf 89' lang='lat' dir='ltr'>in</span> 
     </span>
     <span class='ocr_line' id='line_1_33' title="bbox 186 2652 1571 2718; baseline -0.001 -15"><span class='ocrx_word' id='word_1_207' title='bbox 186 2652 496 2717; x_wconf 71' lang='lat' dir='ltr'>praecedente</span> <span class='ocrx_word' id='word_1_208' title='bbox 518 2655 680 2718; x_wconf 87' lang='lat' dir='ltr'>capite</span> <span class='ocrx_word' id='word_1_209' title='bbox 703 2654 891 2703; x_wconf 89' lang='lat' dir='ltr'>dictum</span> <span class='ocrx_word' id='word_1_210' title='bbox 927 2662 1020 2713; x_wconf 90' lang='lat' dir='ltr'>est,</span> <span class='ocrx_word' id='word_1_211' title='bbox 1057 2654 1367 2708; x_wconf 88' lang='lat' dir='ltr'>inferuntur;</span> <span class='ocrx_word' id='word_1_212' title='bbox 1402 2653 1571 2702; x_wconf 85' lang='lat' dir='ltr'>multae</span> 
     </span>
     <span class='ocr_line' id='line_1_34' title="bbox 187 2727 1571 2793; baseline 0.001 -17"><span class='ocrx_word' id='word_1_213' title='bbox 187 2727 515 2777; x_wconf 60' lang='lat' dir='ltr'>absurditates</span> <span class='ocrx_word' id='word_1_214' title='bbox 537 2729 814 2793; x_wconf 87' lang='lat' dir='ltr'>procedunt</span> <span class='ocrx_word' id='word_1_215' title='bbox 835 2746 866 2777; x_wconf 86' lang='lat' dir='ltr'>a</span> <span class='ocrx_word' id='word_1_216' title='bbox 884 2729 1080 2778; x_wconf 89' lang='lat' dir='ltr'>defectu</span> <span class='ocrx_word' id='word_1_217' title='bbox 1098 2728 1423 2777; x_wconf 87' lang='lat' dir='ltr'>distinctionis</span> <span class='ocrx_word' id='word_1_218' title='bbox 1441 2728 1571 2777; x_wconf 88' lang='lat' dir='ltr'>inter</span> 
     </span>
     <span class='ocr_line' id='line_1_35' title="bbox 187 2803 1569 2868; baseline 0.001 -17"><span class='ocrx_word' id='word_1_219' title='bbox 187 2803 599 2853; x_wconf 83' lang='lat' dir='ltr'>considerationes</span> <span class='ocrx_word' id='word_1_220' title='bbox 622 2805 763 2861; x_wconf 85' lang='lat' dir='ltr'>illas;</span> <span class='ocrx_word' id='word_1_221' title='bbox 797 2805 928 2853; x_wconf 90' lang='lat' dir='ltr'>unde</span> <span class='ocrx_word' id='word_1_222' title='bbox 962 2805 1021 2853; x_wconf 91' lang='lat' dir='ltr'>fit</span> <span class='ocrx_word' id='word_1_223' title='bbox 1054 2813 1111 2853; x_wconf 90' lang='lat' dir='ltr'>ut</span> <span class='ocrx_word' id='word_1_224' title='bbox 1143 2804 1342 2853; x_wconf 87' lang='lat' dir='ltr'>nomina</span> <span class='ocrx_word' id='word_1_225' title='bbox 1370 2804 1421 2852; x_wconf 90' lang='lat' dir='ltr'>in</span> <span class='ocrx_word' id='word_1_226' title='bbox 1455 2819 1569 2868; x_wconf 91' lang='lat' dir='ltr'>pro-</span> 
     </span>
     <span class='ocr_line' id='line_1_36' title="bbox 187 2878 1124 2944; baseline 0 -17"><span class='ocrx_word' id='word_1_227' title='bbox 187 2878 454 2942; x_wconf 86' lang='lat' dir='ltr'>positiones</span> <span class='ocrx_word' id='word_1_228' title='bbox 475 2896 731 2944; x_wconf 83' lang='lat' dir='ltr'>perperam</span> <span class='ocrx_word' id='word_1_229' title='bbox 754 2888 1124 2929; x_wconf 88' lang='lat' dir='ltr'>connectantur.</span> 
     </span>
    </p>

    <p class='ocr_par' dir='ltr' id='par_1_8' title="bbox 1292 2970 1370 3003">
     <span class='ocr_line' id='line_1_37' title="bbox 1292 2970 1370 3003; baseline -0.038 0"><span class='ocrx_word' id='word_1_230' title='bbox 1292 2970 1325 3003; x_wconf 86' lang='lat' dir='ltr'>n</span> <span class='ocrx_word' id='word_1_231' title='bbox 1349 2970 1370 3000; x_wconf 80' lang='lat'><strong>2</strong></span> 
     </span>
    </p>
   </div>
   <div class='ocr_carea' id='block_1_6' title="bbox 1605 417 1796 494">
    <p class='ocr_par' dir='ltr' id='par_1_9' title="bbox 1605 417 1796 494">
     <span class='ocr_line' id='line_1_38' title="bbox 1620 417 1785 450; baseline 0 0"><span class='ocrx_word' id='word_1_232' title='bbox 1620 417 1723 450; x_wconf 78' lang='lat' dir='ltr'>cAP.</span> <span class='ocrx_word' id='word_1_233' title='bbox 1739 418 1785 450; x_wconf 87' lang='lat' dir='ltr'>V.</span> 
     </span>
     <span class='ocr_line' id='line_1_39' title="bbox 1605 472 1796 494; baseline 0 -6"><span class='ocrx_word' id='word_1_234' title='bbox 1605 472 1796 494; x_wconf 37' lang='grc' dir='ltr'>»ψ</span> 
     </span>
    </p>
   </div>
   <div class='ocr_carea' id='block_1_7' title="bbox 1608 510 1781 582">
    <p class='ocr_par' dir='ltr' id='par_1_10' title="bbox 1608 510 1781 582">
     <span class='ocr_line' id='line_1_40' title="bbox 1610 510 1781 539; baseline -0.012 0"><span class='ocrx_word' id='word_1_235' title='bbox 1610 510 1655 539; x_wconf 75' lang='lat' dir='ltr'>De</span> <span class='ocrx_word' id='word_1_236' title='bbox 1669 511 1781 538; x_wconf 75' lang='lat' dir='ltr'>ntimo</span> 
     </span>
     <span class='ocr_line' id='line_1_41' title="bbox 1608 554 1778 582; baseline 0 0"><span class='ocrx_word' id='word_1_237' title='bbox 1608 559 1638 582; x_wconf 78' lang='lat' dir='ltr'>ct</span> <span class='ocrx_word' id='word_1_238' title='bbox 1650 554 1778 582; x_wconf 63' lang='lat' dir='ltr'>scientis.</span> 
     </span>
    </p>
   </div>
  </div>
 </body>
</html>
