1968 3236
401 212 490 255 162
896 222 966 255 DE
996 223 1271 256 CIVITATE.

131 350 235 384 CAP.
261 351 360 386 xxi.
394 342 600 404 injurius
624 357 725 389 esse
743 342 794 389 in
819 342 977 389 Deum
1002 342 1169 405 possit.
1242 342 1540 408 Contingere
1559 359 1677 407 ergo
1701 358 1787 406 po-

152 409 335 428 N-——f——ae

149 447 338 477 Delibertam
394 415 508 476 test,
545 425 596 465 et
630 417 874 480 contingit
913 433 1041 480 saepe
1077 418 1128 465 in
1157 418 1453 478 civitatibus,
1485 421 1624 483 jussu
1654 435 1784 467 sum-

148 491 266 520 civium.

395 509 523 540 mam
558 492 783 540 habentis
816 500 1127 555 potestatem,
1158 493 1471 542 innocentem
1505 495 1651 542 etiam
1679 493 1784 541 sine

392 569 570 631 injuria
615 567 858 623 interfici;
906 575 964 615 ut
1010 567 1205 631 quando
1251 568 1402 616 filiam
1449 585 1585 617 suam
1626 569 1782 618 occidi

386 645 531 707 jussit
553 644 582 691 J
587 643 784 706 ephtha.
855 643 1017 690 Etiam
1042 643 1092 690 in
1117 643 1359 691 occisione
1385 644 1534 701 Uriae,
1567 645 1658 692 etsi
1698 660 1784 692 rex

391 720 551 767 David
574 719 738 782 inique
769 719 905 776 fecit,
932 726 981 767 et
1017 726 1190 767 contra
1223 719 1382 767 Deum
1414 720 1632 783 graviter
1671 736 1785 783 pec-

390 795 535 853 cavit,
561 801 735 842 contra
760 794 931 842 Uriam
969 802 1135 841 tamen
1159 810 1258 841 non
1283 795 1520 857 peccavit,
1558 794 1642 858 qui
1664 794 1783 843 facti

389 871 516 918 illius
535 870 790 918 authorem
807 885 858 917 se
876 870 1079 918 fecerat.
1174 869 1287 917 Tibi
1307 870 1405 917 soli
1419 870 1650 934 peccavi,
1669 878 1784 918 sunt

394 948 489 1007 (Ps.
510 946 573 993 iv.
593 947 644 1006 6)
663 945 814 992 verba
827 945 981 1008 ipsius
1000 944 1064 992 ad
1079 945 1239 994 Deum
1258 945 1472 993 Davidis.
1533 946 1638 994 Deo
1653 946 1784 993 enim

390 1022 492 1070 solo
509 1022 714 1084 obligari
732 1021 893 1084 potuit
911 1037 1012 1069 rex.
1050 1021 1211 1068 Etiam
1226 1021 1436 1084 populus
1453 1021 1782 1080 Atheniensis,

390 1115 501 1146 cum
526 1098 683 1144 civem
718 1112 808 1160 per
846 1097 1188 1144 ostracismum
1220 1097 1271 1144 in
1310 1097 1510 1144 exilium
1545 1097 1782 1156 mitteret,

388 1191 488 1222 non
511 1173 649 1220 illum
673 1172 890 1220 criminis
914 1173 1189 1230 accusabat,
1216 1172 1303 1219 sed
1328 1188 1668 1236 quemcunque
1700 1189 1786 1221 ex-

387 1250 524 1297 ulare
541 1248 697 1296 voluit
719 1263 954 1295 numerus
980 1247 1257 1296 concivium
1272 1248 1531 1306 maximus,
1551 1247 1592 1296 is
1618 1249 1784 1297 exula-

386 1326 500 1380 bat3
525 1340 626 1371 non
651 1324 765 1386 quia
789 1323 996 1371 violator
1011 1324 1176 1387 legum
1194 1331 1317 1382 erat,
1343 1323 1431 1371 sed
1449 1324 1566 1387 quia
1579 1331 1783 1388 propter

388 1399 590 1447 nimiam
612 1399 883 1462 potentiam
906 1400 1088 1447 violare
1111 1400 1244 1463 leges
1268 1400 1467 1463 impune
1484 1415 1626 1463 posse
1648 1399 1783 1450 vide-

388 1476 547 1522 batur.
620 1475 791 1537 Itaque
819 1474 1105 1532 Aristidem,
1131 1475 1210 1522 cui
1229 1490 1503 1537 cognomen
1533 1474 1657 1538 justi
1691 1475 1785 1539 ipsi

389 1558 503 1598 ante
519 1549 772 1607 dederant,
793 1549 992 1597 civitate
1008 1550 1314 1614 expulerunt.
1340 1550 1649 1613 Expulerunt
1665 1550 1783 1598 item

391 1625 733 1690 Hyperbolum
769 1625 854 1672 imi
888 1625 1072 1673 ordinis
1106 1626 1354 1673 hominem
1378 1641 1611 1684 scurram,
1638 1641 1783 1689 quem

390 1718 534 1750 nemo
569 1701 820 1748 metuebat
854 1700 970 1763 quia
1002 1701 1291 1756 voluerunt;
1322 1700 1609 1764 joculariter
1639 1701 1782 1759 forte,

389 1794 490 1826 non
514 1788 679 1825 autem
703 1777 897 1839 injuste,
922 1793 1034 1825 cum
1057 1777 1108 1824 id
1121 1778 1231 1840 jure
1253 1776 1463 1824 fecerint
1488 1776 1714 1825 civitatis.

456 1853 677 1901 Libertas
702 1852 800 1910 illa,
826 1852 887 1900 de
912 1868 1009 1915 qua
1031 1853 1080 1900 in
1114 1852 1398 1900 Graecorum
1427 1852 1782 1901 Romanorum-

390 1945 483 1993 que
506 1936 727 1977 veterum
757 1928 894 1976 libris
916 1928 1164 1976 historicis
1201 1935 1253 1976 et
1280 1927 1511 1991 politicis,
1536 1927 1782 1992 hodieque

389 2006 440 2053 in
465 2020 688 2054 sermone
712 2011 762 2052 et
785 2004 978 2067 scriptis
1002 2020 1171 2052 eorum
1187 2004 1271 2067 qui
1289 2004 1510 2052 Graecam
1526 2011 1576 2052 et
1601 2004 1782 2052 Roma-

389 2097 504 2128 nam
543 2080 794 2144 politicam
832 2096 970 2127 suam
1014 2080 1218 2139 faciunt,
1267 2088 1369 2127 tam
1414 2079 1678 2143 magnifica
1722 2081 1783 2128 fit

389 2156 589 2216 mentio,
614 2172 714 2204 non
737 2155 916 2203 civium
936 2155 1272 2218 singularium,
1297 2155 1383 2203 sed
1402 2155 1612 2204 civitatis
1635 2155 1782 2204 liber-

391 2240 467 2280 tas
492 2240 595 2286 est;
632 2231 902 2294 eademque
922 2246 1031 2294 quae
1048 2230 1303 2278 hominum
1323 2231 1645 2293 singularium
1659 2230 1780 2280 fuis-

391 2315 478 2366 set,
502 2308 596 2355 nisi
621 2307 902 2355 constitutae
926 2306 1149 2354 civitates
1168 2313 1219 2354 et
1236 2306 1370 2370 leges
1384 2306 1605 2355 fuissent.
1644 2307 1782 2356 Sicut

390 2383 520 2431 enim
544 2383 674 2430 inter
695 2381 935 2440 homineS,
961 2381 1065 2429 sine
1089 2381 1212 2445 lege,
1234 2381 1338 2429 sine
1353 2382 1574 2445 imperio,
1598 2382 1782 2432 bellum

389 2459 652 2522 unicuique
677 2465 849 2506 contra
870 2458 1085 2505 vicinum
1110 2464 1200 2516 est,
1226 2458 1361 2505 nulla
1383 2466 1550 2506 autem
1571 2458 1781 2507 haeredi-

389 2543 465 2583 tas
488 2534 600 2582 filiis
622 2532 1016 2591 transmittenda,
1051 2532 1188 2580 nulla
1222 2534 1498 2597 proprietas
1520 2534 1779 2594 bonorum,

388 2611 524 2658 nulla
543 2610 796 2668 securitaS,
822 2609 909 2658 sed
931 2609 1132 2657 libertas
1155 2609 1420 2673 unicuique
1444 2610 1593 2674 plena
1621 2617 1671 2658 et
1693 2610 1781 2658 ab·

387 2687 575 2741 soluta3
617 2686 689 2734 ita
724 2685 852 2733 inter
887 2684 1124 2743 civitates,
1157 2700 1362 2747 quarum
1385 2702 1485 2733 una
1514 2685 1655 2734 alteri
1678 2701 1778 2734 non

387 2762 660 2826 subjicitur,
684 2761 948 2824 unicuique
973 2760 1163 2808 civitati
1181 2760 1382 2809 libertas
1404 2761 1619 2810 faciendi
1642 2761 1777 2825 quic-

387 2838 506 2901 quid
531 2837 623 2885 sibi
646 2836 958 2886 commodum
992 2835 1238 2884 videbitur
1273 2836 1499 2886 absoluta
1521 2846 1609 2885 est.
1680 2836 1778 2885 Sed
