1968 3236
426 250 497 284 nn
523 250 782 284 elvrrArss
810 250 1166 285 camsi-mim.
1391 242 1486 284 385

101 377 195 411 nus
232 361 367 410 nulla
411 362 519 425 lege
565 362 695 409 civili
736 362 798 410 ad
841 364 1141 411 contrarium
1182 372 1485 412 tenerentur.
1523 384 1628 417 cu».
1647 384 1761 417 xmi.

102 437 277 501 Neque
299 437 430 485 enim
454 453 512 484 eo
537 438 634 484 fine
659 445 1008 494 convenerunt,
1029 447 1085 486 ut
1110 438 1229 501 quid
1248 438 1487 502 recipere·
1540 440 1743 518 Dm

100 519 200 571 tur,
223 512 311 561 sed
331 520 389 560 ut
412 512 531 576 quid
554 512 816 560 doceretur
841 513 1184 562 deliberarent.
1221 514 1351 562 Nam
1370 513 1491 576 quid
1539 524 1747 552 eccle-imit*

101 588 416 653 reciperetur,
457 588 551 636 nisi
587 597 885 651 potestatem
931 589 1215 638 habuissent
1256 590 1491 654 legislati-

100 679 228 722 vam,
249 662 573 711 determinare
598 680 697 711 non
720 674 1001 727 potuerunt.
1055 666 1271 714 Verbum
1294 665 1491 729 quidem

102 738 196 788 Dei
229 754 321 803 pro
354 738 463 802 lege
492 739 672 787 habere
697 740 980 803 obligantur
1004 742 1224 789 homines
1246 741 1490 796 universi;

100 821 158 863 ut
200 822 366 862 autem
400 830 490 877 pro
527 815 676 862 verbo
716 816 806 863 Dei
854 816 1129 880 reciperent
1162 817 1395 881 quicquid
1440 817 1491 865 in

101 889 195 939 Dei
216 890 415 938 nomine
439 891 500 937 ab
525 891 722 939 homine
747 892 942 939 mortali
967 894 1383 956 pronuntiaretur,
1406 901 1492 941 aut

101 965 236 1031 quod
281 966 471 1030 legibus
518 967 758 1025 civilibus,
816 983 938 1031 quas
985 969 1331 1017 custodiendas
1386 984 1492 1017 esse

102 1041 239 1090 Deus
279 1042 440 1106 jussit,
483 1043 785 1090 contrarium
832 1042 1107 1103 doceretur,
1144 1045 1346 1108 obligati
1391 1060 1491 1092 non

103 1124 259 1166 erant.
1008 1123 1039 1191 ῥ’

171 1193 420 1242 Quoniam
456 1201 620 1241 autem
659 1194 973 1243 consiliorum
1004 1197 1341 1260 apostolorum
1379 1206 1491 1245 acta

101 1283 203 1316 non
222 1277 363 1316 erant
386 1269 534 1332 leges,
573 1269 727 1317 multo
760 1270 919 1318 minus
945 1287 1034 1334 pro
1054 1271 1243 1335 legibus
1268 1272 1493 1321 habenda

102 1352 220 1391 sunt
243 1343 575 1392 Conciliorum
600 1360 772 1392 eorum
799 1354 1051 1408 pastorum
1083 1356 1210 1407 acta,
1236 1364 1345 1411 quae
1380 1364 1492 1411 pos-

102 1428 187 1467 tea
208 1419 313 1467 sine
336 1419 632 1467 authoritate
657 1420 787 1467 civili
806 1420 975 1468 habita
990 1422 1207 1470 fuerunt.
1280 1423 1489 1471 Constat

103 1509 223 1558 ergo
254 1494 532 1558 Scripturas
574 1495 763 1552 Sacras,
802 1496 895 1543 etsi
926 1496 1163 1546 doctrinae
1200 1499 1491 1547 Christianae

104 1569 286 1634 regulae
318 1578 458 1618 erant
489 1571 870 1634 perfectissimae,
906 1572 1039 1636 leges
1069 1581 1237 1622 tamen
1260 1575 1367 1621 fieri
1391 1591 1489 1622 non

98 1645 320 1709 potuisse
367 1646 471 1693 sine
509 1662 750 1694 consensu
792 1663 965 1710 regum
1012 1649 1319 1714 aliorumque
1359 1666 1491 1698 sum-

100 1736 231 1769 mam
258 1720 547 1768 habentium
572 1730 869 1785 potestatem
894 1724 1101 1772 civilem.

169 1796 229 1844 In
249 1812 349 1860 quo
372 1797 584 1860 primum
618 1798 838 1846 Concilio
865 1799 1133 1863 Scripturae
1158 1801 1322 1850 Sacrae
1345 1802 1490 1850 factae

102 1880 246 1920 erant
267 1873 534 1932 canonicae,
553 1890 651 1921 non
672 1882 879 1922 constat.
935 1875 1063 1923 Nam
1087 1892 1330 1925 canonum
1354 1894 1492 1941 apos-

102 1946 363 1996 tolicorum
386 1948 626 2008 collectio,
653 1966 762 2012 quae
782 1951 1020 2000 Clementi
1044 1954 1344 2012 attribuitur,
1366 1954 1491 2016 epis-

104 2038 230 2086 copo
267 2023 489 2072 Romano
523 2034 636 2088 post
669 2026 718 2073 S.
745 2026 942 2074 Petrum
977 2028 1152 2090 primo,
1177 2029 1325 2076 etiam
1360 2045 1491 2076 nunc

105 2096 411 2161 disputatur:
448 2108 498 2147 et
534 2116 812 2164 quanquam
843 2101 955 2149 libri
987 2104 1211 2151 canonici
1244 2105 1308 2152 ibi
1349 2104 1488 2164 (Can.

105 2172 273 2233 lxxxv)
314 2185 651 2234 numerantur,
675 2178 824 2225 verba
858 2187 1023 2225 tamen
1058 2179 1179 2238 haec,
1211 2180 1313 2227 sint
1351 2179 1492 2227 nobis

104 2248 325 2296 omnibus
348 2249 550 2298 clericis
573 2258 623 2299 et
647 2251 796 2300 laicis
820 2252 942 2301 libri
964 2255 1251 2313 venerandi,
1276 2263 1368 2303 etc.
1394 2255 1491 2303 dis-

105 2324 394 2372 tinctionem
417 2325 598 2374 habent
615 2327 902 2376 clericorum
921 2339 971 2377 et
989 2330 1240 2389 laicorum,
1257 2347 1366 2394 quae
1390 2341 1491 2379 tam

102 2416 258 2465 prope
290 2400 355 2448 ad
388 2409 613 2466 tempora
650 2405 983 2467 apostolorum
1019 2415 1254 2469 usurpata
1288 2422 1387 2453 non
1419 2406 1489 2453 vi-

106 2476 267 2524 detur.
326 2476 499 2539 Itaque
522 2477 810 2536 Concilium,
835 2481 966 2543 quod
990 2481 1267 2544 Scripturas
1291 2482 1491 2529 canoni-

106 2567 189 2599 cas
221 2551 435 2614 primum
470 2551 604 2611 fecit,
630 2553 930 2603 Laodicense
953 2564 1075 2614 erat,
1101 2556 1248 2620 quod,
1293 2556 1491 2604 Canone

109 2641 226 2684 Lxx,
259 2625 494 2674 librorum
524 2626 732 2676 aliorum
754 2628 1016 2678 lectionem
1040 2631 1090 2678 in
1124 2631 1341 2679 ecclesiis
1376 2648 1492 2695 pro-

106 2701 259 2750 hibet.
329 2701 493 2765 Atque
517 2701 624 2751 haec
647 2703 709 2751 de
732 2721 918 2754 canone
960 2707 1322 2770 Scripturarum
1359 2707 1492 2756 dicta

105 2777 367 2825 sufficiant.

173 2852 457 2901 officiorum
497 2854 955 2916 ecclesiasticorum,
993 2864 1213 2921 tempore
1253 2858 1494 2921 apostolo-

242 2943 367 2977 voL.
389 2944 474 2977 111.
1272 2948 1302 2982 c
1327 2947 1358 2983 c
