1968 3236
390 220 484 262 386
709 229 780 262 DE
808 227 1065 262 CIVITATE
1095 227 1452 261 cnmsmANA.

124 358 226 392 cAP.
244 359 356 393 xm.
388 357 513 400 rum,
555 341 650 389 alia
696 347 835 388 erant
880 338 1243 402 magisterialia,
1283 339 1379 387 alia
1418 339 1773 389 ministerialia.

141 414 340 493 m
391 416 720 480 Magisteriale
766 431 941 462 munus
989 423 1096 462 erat
1143 415 1451 478 evangelium
1497 416 1777 465 infidelibus

139 498 344 528 ecclesiasticu-
389 492 683 555 praedicare3
720 498 1025 539 sacramenta
1049 498 1099 537 et
1123 507 1319 538 omnem
1344 491 1530 538 cultum
1555 492 1776 540 divinum

390 567 729 615 administrare
748 587 758 621 ;
785 575 835 614 et
852 566 1044 629 regulas
1062 565 1179 613 fidei
1199 573 1250 613 et
1265 583 1455 614 morum
1480 583 1562 615 eos
1581 567 1774 628 docere,

391 659 509 706 quos
546 642 609 690 ad
638 642 785 690 fidem
823 649 1181 690 converterent.
1253 642 1574 690 Ministeriale
1598 659 1776 692 munus

390 726 495 765 erat
532 717 864 776 diaconorum,
903 716 955 764 id
992 722 1081 775 est,
1121 732 1291 764 eorum
1328 717 1411 780 qui
1450 717 1667 766 ecclesiae
1700 734 1776 766 se-

389 793 570 841 cularia
603 793 1025 851 administrabant,
1065 808 1161 855 quo
1192 799 1413 855 tempore
1451 793 1714 841 Christiani
1746 811 1777 842 a

389 869 829 917 contributionibus
866 868 1085 916 fidelium
1108 868 1414 927 voluntariis,
1439 868 1491 915 in
1516 885 1775 917 commune

388 945 590 1004 collatis,
632 946 900 993 alebantur.
989 945 1125 992 Inter
1164 959 1370 991 munera
1413 945 1775 1007 magisterialia,

387 1021 599 1085 primum
634 1028 684 1068 et
719 1021 983 1068 maximum
1025 1028 1133 1067 erat
1173 1020 1491 1083 apostolatus.
1555 1021 1776 1084 Apostoli

388 1104 550 1144 autem
565 1096 722 1159 primo
738 1095 996 1143 duodecim
1017 1102 1170 1153 erant,
1188 1110 1356 1142 omnes
1375 1096 1434 1142 ab
1453 1095 1559 1158 ipso
1580 1095 1775 1144 Christo

389 1172 531 1220 electi
554 1180 603 1220 et
627 1172 882 1220 constituti
903 1192 915 1227 3
953 1187 1160 1235 quorum
1186 1171 1400 1218 officium
1426 1179 1548 1230 erat,
1572 1187 1674 1219 non
1697 1187 1776 1220 so-

386 1248 488 1295 lum
510 1248 793 1312 praedicare,
819 1247 1012 1306 docere,
1038 1255 1089 1295 et
1121 1247 1388 1310 baptizare,
1416 1247 1502 1295 sed
1526 1248 1674 1295 etiam
1698 1263 1775 1295 re-

388 1324 738 1372 surrectionem
765 1323 966 1381 Christi,
991 1339 1271 1386 quanquam
1306 1323 1525 1386 periculo
1549 1323 1678 1382 vitae,
1704 1329 1778 1371 at-

388 1399 572 1447 testari.
630 1399 984 1447 Testimonium
1009 1406 1174 1446 autem
1202 1398 1297 1446 hoc
1329 1398 1633 1462 apostolatus
1656 1406 1778 1446 nota

389 1475 615 1538 specifica
660 1474 1024 1537 essentialisque
1068 1481 1188 1521 erat.
1275 1474 1448 1537 Itaque
1490 1473 1686 1537 quando
1725 1472 1777 1520 in

387 1551 549 1598 locum
593 1550 735 1598 Judae
775 1550 1028 1598 Iscariotae
1065 1549 1316 1613 apostolus
1359 1550 1612 1613 eligendus
1654 1555 1776 1608 erat,

388 1625 618 1689 praefatus
641 1633 714 1673 est
732 1627 903 1673 Petrus
918 1626 1047 1686 (Act.
1072 1626 1103 1673 i.
1130 1632 1211 1683 21,
1237 1625 1323 1687 22)
1349 1644 1360 1672 ε
1403 1625 1618 1689 Oportet
1648 1641 1774 1689 ergo

389 1717 553 1749 eorum
576 1701 805 1760 virorum,
832 1702 917 1766 qui
940 1701 1191 1749 nobiseum
1213 1707 1361 1749 erant
1374 1716 1478 1765 per
1497 1716 1632 1748 omne
1655 1706 1776 1748 tem-

379 1793 482 1841 pus
524 1777 574 1824 in
611 1793 705 1841 quo
740 1777 966 1825 introivit
1007 1777 1079 1824 ad
1116 1793 1203 1824 nos
1245 1783 1295 1824 et
1336 1776 1493 1824 exivit
1531 1775 1776 1824 Dominus

388 1851 554 1910 Jews,
574 1869 606 1899 a
630 1852 873 1916 baptismo
906 1851 1151 1900 Johannis
1175 1869 1330 1917 usque
1355 1852 1428 1900 ad
1449 1852 1579 1900 diem
1602 1851 1654 1899 in
1676 1868 1775 1916 qao

389 1934 671 1993 assumptus
712 1935 803 1987 est,
845 1928 1059 1992 aliquem
1101 1928 1338 1976 constitui
1387 1927 1775 1975 resurrectionis

387 2005 494 2065 ejus
525 2002 771 2051 nobiseum
795 2010 981 2051 testem.
1042 2004 1385 2052 Necessarium
1410 2019 1528 2066 ergo
1552 2003 1775 2067 apostolo

388 2086 507 2138 erat,
532 2086 586 2127 ut
613 2079 791 2127 Christi
814 2081 1223 2128 resurrectionem
1241 2086 1523 2128 testaretur.

452 2154 648 2214 Eorum,
687 2156 769 2218 qui
805 2156 1011 2218 apostoli
1043 2156 1299 2203 constituti
1336 2156 1396 2203 ab
1435 2155 1540 2218 ipso
1577 2154 1774 2203 Christo

385 2245 485 2277 non
509 2238 663 2290 erant,
682 2231 777 2278 fuit
800 2231 1052 2279 Matthias,
1123 2232 1321 2279 Electus
1344 2231 1437 2279 fuit
1460 2230 1557 2279 sic:
1596 2246 1774 2279 conve-

384 2313 563 2354 nerunt
587 2306 638 2354 in
667 2307 937 2354 Jerusalem
961 2306 1089 2366 (Act.
1115 2307 1145 2355 i.
1179 2307 1258 2369 15)
1284 2307 1479 2355 circiter
1503 2313 1701 2354 centum
1724 2313 1775 2354 et

384 2381 557 2444 viginti
573 2382 864 2437 Christiani3
891 2389 1035 2445 atque
1049 2383 1101 2430 hi
1124 2384 1270 2444 (vers.
1297 2383 1382 2444 23)
1410 2382 1774 2430 constituerunt

385 2456 521 2515 duos,
550 2457 818 2520 Josephum
851 2465 902 2505 et
932 2458 1211 2517 Matthiam,
1248 2458 1631 2521 electionemque
1671 2472 1773 2505 sor-

383 2532 513 2580 tibus
571 2533 929 2596 permiserunt3
988 2540 1038 2580 et
1083 2534 1151 2581 sic
1198 2534 1525 2598 apostolatum
1570 2533 1773 2581 sortitus
1955 2579 1958 2583 .

385 2607 637 2667 Matthias,
661 2609 789 2656 inter
813 2608 1057 2671 apostolos
1089 2618 1374 2657 numeratus
1399 2616 1489 2657 est.
1558 2609 1631 2656 Ex
1673 2623 1772 2672 quo
1950 2587 1968 2666 [l

385 2690 589 2742 constat,
615 2683 902 2732 electionem
926 2683 1132 2746 apostoli
1155 2700 1304 2747 penes
1329 2683 1583 2732 ecclesiam
1605 2683 1772 2742 fuisse,
1951 2663 1968 2755 ἒ

384 2773 482 2804 non
501 2765 664 2806 autem
687 2774 836 2822 penes
870 2757 1067 2806 Petrum
1087 2774 1244 2822 neque
1273 2759 1519 2823 apostolos
1543 2758 1774 2807 undecim

385 2831 609 2894 reliquos.

1955 2537 1959 2547 ⁷
1954 1786 1968 2482 <¹⁶fwmffffflfflwaefi—mnafflmffi.mmffl„
1963 1765 1968 1773 „
1960 1695 1968 1747 aza:
1967 1663 1968 1666 „
1957 1495 1968 1590 2=eae1.,„..
1964 1422 1968 1479 ,-....,
1964 1396 1968 1407 ,Δ
1967 1373 1968 1377 Α
