1910 3236
710 218 779 251 nn
808 218 1047 251 ηοΜῙΝΕ.
1483 207 1572 251 103

254 328 499 379 Quoniam
535 335 698 376 autem
734 328 950 376 conditio
989 327 1241 376 hominum
1279 329 1356 387 (ut
1390 342 1573 391 praece-
1612 350 1715 382 cmv,
1736 349 1834 382 mv,

188 404 336 453 dente
351 404 511 467 capite
526 412 774 451 ostensum
794 406 889 463 est)
908 412 981 451 est
998 403 1213 451 conditio
1227 402 1341 451 belli
1356 402 1573 450 omnium
1594 403 1840 480 „Effl-

189 488 362 529 contra
384 494 570 537 omneS,
597 487 647 526 et
671 488 932 542 propterea
955 479 1287 542 unusquisque
1311 494 1400 526 sua
1422 478 1574 541 ipsius
1592 487 1647 514 πώ
1665 486 1779 522 batibus
1791 495 1839 514 n*

188 556 378 604 ratione
401 555 704 619 gubernatur
725 576 736 609 ;
773 563 822 602 et
846 555 961 618 quia
984 554 1104 602 nihil
1127 563 1217 613 est,
1243 554 1375 618 quod
1399 554 1450 602 in
1473 554 1577 602 vita
1592 529 1840 601 &wiza

188 639 362 679 contra
397 631 587 678 hostem
618 629 924 677 defendenda
948 629 1067 677 utile
1102 629 1147 676 ei
1183 629 1447 693 aliquando
1471 645 1576 677 esse

188 722 290 755 non
302 706 477 770 possit;
498 705 716 768 sequitur
735 705 785 752 in
804 705 1086 752 conditione
1100 705 1353 772 hominum
1368 705 1578 753 naturali

189 782 407 830 omnium
431 781 482 829 in
507 781 671 829 omnia
688 782 769 844 jus
793 796 913 839 esse,
938 781 1054 844 ipsis
1077 781 1330 829 hominum
1361 782 1579 844 corpori-

188 857 280 905 bus
301 873 403 905 non
427 857 657 920 exceptis.
730 856 975 905 Quamdiu
997 872 1115 919 ergo
1147 859 1228 920 jus
1253 856 1373 904 illud
1396 857 1578 905 retine-

187 932 338 988 bitur,
361 932 496 980 nulla
528 932 772 993 cuiquam,
797 931 889 978 etsi
925 931 1215 979 fortissimus
1239 932 1319 990 sit,
1343 932 1580 980 securitas

190 1023 295 1056 esse
313 1007 510 1071 poterit.
582 1006 804 1054 Rationis
823 1022 940 1069 ergo
964 1017 1265 1070 praeceptum
1289 1008 1389 1055 sive
1413 1008 1582 1072 reg-ula

189 1083 431 1147 generalis
463 1091 554 1139 est,
581 1099 762 1147 pacem
798 1082 1011 1145 quidem,
1035 1082 1147 1130 dum
1185 1084 1292 1145 ejus
1326 1082 1582 1131 obtinendi

190 1175 309 1223 spes
332 1165 424 1216 est,
448 1158 763 1222 quaerendam
801 1174 947 1211 οὑτω·
983 1158 1181 1222 quando
1219 1165 1380 1206 autem
1404 1158 1582 1206 haberi

191 1250 286 1283 non
318 1240 507 1298 potest,
531 1233 725 1280 auxilia
763 1233 1079 1297 undecunque
1106 1250 1349 1298 quoerere,
1385 1241 1435 1281 et
1473 1234 1580 1282 illis

192 1310 267 1358 uti
300 1310 489 1358 licitum.
525 1325 648 1356 esse.
720 1309 920 1371 Regulae
943 1309 1086 1372 hujus
1109 1325 1221 1372 pars
1243 1309 1403 1372 prima
1426 1309 1582 1358 conti-

191 1394 278 1434 net
299 1385 459 1449 legem
482 1393 671 1432 naturae
693 1384 918 1447 primam,
944 1401 1127 1448 pacem
1150 1400 1314 1448 quoere
1338 1391 1388 1432 et
1402 1401 1582 1449 perse-

191 1476 347 1526 quere
361 1479 380 1515 ;
416 1459 631 1508 secunda
646 1468 719 1507 est
738 1459 862 1522 juris
885 1459 1121 1507 naturalis
1144 1475 1350 1515 summa,
1365 1459 1582 1507 omnibus

191 1536 289 1584 viis
323 1542 374 1583 et
407 1535 566 1583 modis
605 1535 822 1600 seipsum
859 1535 1163 1599 defendendi
1188 1537 1279 1598 jus
1320 1535 1584 1600 unicuique

192 1627 318 1660 esse.

258 1687 306 1736 A
340 1687 448 1751 lege
486 1696 674 1735 naturae
705 1687 865 1750 prima
895 1687 1053 1735 oritur
1086 1687 1317 1746 secunda,
1347 1693 1584 1751 oportere

194 1779 590 1827 unumquemque,
614 1762 809 1826 quoties
824 1763 951 1826 paci
975 1769 1026 1810 et
1050 1762 1332 1826 defensioni
1345 1763 1584 1827 propriae

184 1837 445 1903 provisum
468 1838 583 1895 erit,
608 1855 640 1885 α
665 1839 790 1900 jure
819 1854 908 1885 suo
945 1838 996 1886 in
1031 1839 1208 1898 omnia,
1234 1839 1432 1887 eaeteris
1455 1838 1585 1886 idem

174 1913 603 1979 succreparatis,
619 1913 876 1970 decedere,
893 1920 1266 1979 contentumque
1284 1930 1394 1962 esse
1411 1914 1585 1962 eadem

195 1988 431 2038 libertate
453 2006 601 2053 quam
638 1989 832 2037 coeteris
864 1990 1067 2038 concedi
1100 1989 1264 2038 vellet.
1336 1989 1586 2039 Quamdiu

195 2065 327 2113 enim
348 2065 560 2113 faciendi
584 2065 762 2123 omnia,
788 2081 898 2128 quae
920 2065 1039 2123 vult,
1059 2066 1139 2128 jus
1169 2065 1364 2122 retinet,
1396 2064 1584 2112 tamdiu

195 2140 377 2189 bellum
399 2148 580 2188 manet.
651 2140 832 2188 Verum
855 2141 896 2188 si
921 2141 1086 2188 caeteri
1103 2141 1219 2204 jura
1236 2157 1324 2188 sua
1346 2141 1397 2187 in
1420 2140 1585 2188 omnia

196 2216 442 2280 deponere
466 2223 706 2274 recusent,
730 2232 889 2279 neque
923 2215 1004 2263 ille
1026 2231 1168 2264 suum
1192 2216 1438 2279 deponere
1462 2215 1583 2263 obli-

194 2298 354 2356 gatur.
425 2291 624 2355 Alioqui
648 2291 837 2339 caeteris
860 2291 912 2339 in
933 2291 1151 2355 praedam
1173 2292 1337 2355 potius
1361 2307 1413 2339 se
1437 2307 1585 2353 expo-

195 2382 330 2426 nere,
376 2366 509 2429 quod
562 2375 740 2414 natura
794 2383 893 2415 non
939 2367 1172 2430 postulat,
1222 2383 1367 2430 quam
1412 2382 1585 2429 pacem

196 2442 423 2506 persequi
445 2449 717 2506 putaretur.
768 2443 932 2506 Atque
954 2442 1062 2491 haec
1085 2442 1164 2490 lex
1187 2442 1358 2490 eadem
1382 2448 1456 2489 ffit
1470 2457 1582 2488 eum

197 2516 283 2566 illa
302 2517 570 2581 Evangelii,
588 2517 832 2582 quiequid
851 2517 1125 2580 vobisfieroe'
1155 2517 1321 2575 vultis,
1347 2516 1585 2581 idsacite

198 2591 320 2640 aliis
340 2610 358 2647 ‚·
393 2600 443 2640 et
460 2609 573 2640 cum
595 2592 679 2640 illa
701 2593 920 2640 omnium
942 2593 1181 2656 gentium,
1200 2591 1336 2656 quod
1355 2590 1585 2653 tibifieri

199 2682 293 2715 non
314 2666 405 2725 vie,
429 2667 584 2715 alteri
605 2684 667 2715 ne
669 2668 891 2731 feceris.

267 2742 326 2790 In
347 2757 450 2789 rem
474 2742 687 2805 aliquam
717 2744 797 2806 jus
820 2758 960 2791 suum
987 2742 1208 2807 deponit,
1233 2742 1319 2806 qui
1342 2741 1586 2790 libertate

201 2815 295 2865 illa
317 2832 372 2864 se
382 2816 579 2881 privat,
593 2833 740 2881 quam
756 2816 921 2875 habet,
942 2823 1152 2865 caeteros
1168 2816 1471 2882 impediendi
1488 2833 1585 2881 quo
