1968 3236
427 260 522 303 348
746 269 814 301 DE
842 266 1097 301 CIVITATE
1125 262 1478 298 CHRISTIANA.

181 398 282 430 eAP.
299 398 374 430 xx..
426 399 588 446 regem
631 382 720 429 sibi
767 381 885 439 dari,
927 395 1061 427 more
1107 377 1342 441 gentium,
1386 375 1707 440 postularent,
1746 372 1798 420 id

427 466 590 505 tamen
615 473 711 504 non
735 472 791 503 eo
815 455 1015 503 consilio
1039 454 1260 501 fecerunt
1284 461 1339 501 ut
1363 452 1547 500 cultum
1565 449 1657 498 Dei
1674 448 1797 511 pris-

168 534 223 562 Dei
249 534 280 561 ³¹²
305 534 393 561 Aba
427 533 583 580 tinum
619 532 911 588 desererent,
951 529 1036 577 sed
1076 529 1190 592 quia
1221 528 1461 591 justitiam
1498 543 1528 574 a
1561 525 1672 572 filiis
1714 523 1798 571 Sa-

168 577 263 610 hamo,
289 576 380 608 Mose,

169 620 392 669 suujmissacer-
428 608 596 655 muelis
621 607 944 669 desperantes,
975 605 1233 652 voluerunt
1245 603 1428 666 judicia
1451 601 1610 649 civilia
1632 616 1660 647 a
1682 615 1798 662 rege

168 663 394 743 gfffiusffioerg
429 682 768 739 administrari,
789 697 887 728 non
914 678 1046 743 quod
1070 678 1369 727 ceremonias
1385 676 1624 725 Leviticas
1647 674 1797 722 aboli-

428 766 502 805 tas
540 757 732 804 vellent.
821 756 990 818 Itaque
1027 761 1319 818 praetextum
1360 767 1549 815 semper
1588 750 1798 813 aliquem

428 833 517 880 sibi
540 840 863 890 reservarunt,
887 831 964 878 vel
998 848 1030 888 a,
1053 830 1242 893 justitia
1274 829 1351 876 vel
1375 845 1405 876 a
1426 827 1675 890 religione,
1701 841 1797 888 quo

428 924 478 955 se
519 907 793 955 obedientia
830 906 1097 954 rectoribus
1143 906 1240 953 suis
1287 904 1452 952 debita
1496 901 1796 966 expedirent.

430 982 714 1030 Succensuit
731 982 911 1045 populo
931 981 1125 1030 Samuel
1140 980 1271 1044 quod
1285 995 1466 1042 regem,
1475 979 1656 1041 rejecto
1676 977 1797 1035 Deo,

426 1058 724 1121 postularent
744 1078 755 1111 ;
791 1056 935 1115 idem,
962 1056 1155 1120 quando
1180 1055 1354 1103 Saulus
1378 1053 1633 1102 consilium
1658 1068 1798 1100 suum

427 1134 476 1181 in
501 1132 765 1181 occidendo
801 1133 954 1196 Agag,
988 1133 1131 1195 juxta
1163 1130 1448 1178 mandatum
1472 1128 1577 1187 Dei,
1602 1127 1799 1192 neglex-

427 1215 544 1267 erat,
569 1208 714 1255 alium
738 1224 903 1272 regem
927 1208 1084 1267 unxit,
1100 1223 1274 1270 nempe
1290 1205 1542 1263 Davidem,
1568 1205 1650 1267 qui
1666 1203 1797 1252 Sauli

426 1284 641 1332 haeredes
659 1300 809 1347 regno
829 1284 1058 1348 privaret.
1095 1283 1377 1331 Rehoboam
1395 1280 1671 1328 idololatra
1695 1279 1799 1343 qui-

429 1359 538 1407 dem
577 1375 674 1407 non
712 1367 829 1417 erat,
868 1359 952 1406 sed
992 1359 1215 1422 populus,
1255 1357 1368 1421 quia
1406 1355 1662 1403 videbatur
1707 1354 1799 1402 sibi

428 1451 630 1497 regnare
657 1434 947 1493 duriuscule,
971 1436 1031 1483 ab
1056 1451 1113 1482 eo
1150 1434 1343 1482 defecit.
1413 1433 1504 1480 Per
1538 1439 1691 1479 totam
1715 1431 1799 1478 de-

429 1510 573 1572 nique
611 1510 860 1557 historiam
908 1527 1079 1574 regum
1123 1509 1308 1558 Judaeae
1348 1516 1398 1556 et
1444 1506 1652 1564 Israelis,
1689 1522 1801 1569 pro-

430 1584 588 1646 phetae
611 1593 921 1632 surrexerunt
944 1585 1114 1642 indies,
1134 1585 1218 1648 qui
1241 1599 1380 1647 reges
1404 1581 1647 1630 criminati
1670 1587 1799 1639 sunt,

432 1659 687 1721 aliquando
712 1660 842 1722 quod
862 1660 1159 1723 religionem,
1180 1657 1438 1723 aliquando
1464 1656 1594 1720 quod
1619 1663 1799 1705 statum

432 1734 620 1781 civilem
644 1735 766 1781 male
802 1735 1210 1784 administrarent.
1282 1735 1361 1783 Sic
1395 1749 1480 1781 rex
1501 1732 1801 1795 Jehosaphat

432 1809 746 1872 reprehensus
771 1819 842 1857 est
866 1827 894 1857 a
918 1812 1153 1874 propheta
1175 1810 1317 1869 Jehu,
1356 1807 1487 1872 quod
1527 1822 1692 1870 regem
1727 1807 1798 1855 Is-

432 1884 573 1932 raelis
591 1884 864 1946 adjuvasset
888 1894 1059 1934 contra
1075 1886 1240 1950 Syrios
1258 1907 1270 1942 ;
1307 1893 1356 1933 et
1372 1900 1457 1932 rex
1478 1883 1722 1931 Hezekias
1736 1884 1798 1931 ab

434 1958 607 2017 Isaiah,
633 1959 761 2021 quod
793 1960 1072 2009 thesaurum
1101 1962 1289 2025 regium
1313 1958 1603 2008 ostendisset
1626 1958 1800 2022 legatis

436 2034 754 2096 Babylonicis.
791 2035 992 2084 Constat
1010 2053 1141 2100 ergo,
1158 2037 1249 2085 etsi
1267 2044 1527 2098 utrumque
1539 2035 1621 2098 jus
1638 2050 1799 2082 rerum

435 2109 646 2157 civilium
682 2118 731 2156 et
768 2109 1036 2159 divinarum
1060 2119 1184 2160 esset
1217 2112 1268 2160 in
1303 2111 1515 2174 regibus,
1557 2109 1798 2157 neminem

435 2192 596 2232 tamen
642 2183 742 2231 fere
787 2200 954 2247 regum
990 2187 1180 2235 illorum
1210 2189 1289 2251 jus
1323 2203 1464 2235 suum
1496 2185 1600 2233 sine
1636 2200 1801 2248 repre-

435 2259 744 2307 hensionibus
762 2260 926 2322 populi
944 2262 1154 2323 potuisse
1170 2278 1411 2310 exercere.
1449 2260 1525 2309 Illi
1540 2259 1631 2308 soli
1644 2275 1799 2324 reges,

437 2351 642 2398 quorum
666 2335 737 2381 vis
760 2335 986 2383 terribilis
1018 2345 1101 2385 aut
1133 2338 1336 2386 felicitas
1373 2335 1658 2384 admiranda
1679 2343 1814 2394 erat,-

437 2410 661 2458 vixerunt
704 2409 1021 2458 laudabiliter.
1114 2412 1236 2460 Cum
1272 2429 1390 2476 ergo
1428 2419 1478 2460 et
1511 2413 1591 2476 jus
1630 2426 1800 2475 regum

437 2485 743 2533 manifestum
767 2485 845 2542 sit,
878 2493 927 2533 et
960 2488 1178 2549 populus,
1202 2497 1348 2552 atque
1372 2488 1520 2536 etiam
1542 2485 1802 2550 aliquando

438 2561 527 2624 ipsi
550 2560 814 2624 prophetae,
839 2559 889 2607 id
912 2576 1009 2608 non
1033 2561 1304 2626 intelligant
1325 2585 1337 2619 ;
1367 2565 1480 2627 Jura
1501 2578 1687 2626 regum,
1719 2577 1802 2608 ex-

439 2636 607 2699 emplis
631 2634 786 2683 ductis
819 2635 879 2682 ab
915 2635 1188 2698 ignorantia
1209 2639 1389 2702 populi,
1415 2639 1491 2687 vel
1514 2654 1543 2686 a
1579 2636 1803 2686 doctrina

438 2710 701 2773 prophetae,
725 2710 993 2773 oppugnari
1016 2711 1232 2774 iniquum
1258 2722 1344 2762 est.
1413 2713 1573 2762 Judaei
1596 2712 1802 2760 durante

441 2786 718 2848 captivitate
752 2785 996 2833 civitatem
1030 2787 1224 2834 omnino
1259 2804 1357 2836 non
1393 2789 1618 2836 habuere.
1688 2787 1803 2835 Post

439 2859 646 2908 reditum
671 2867 849 2919 autem,
874 2859 962 2908 etsi
986 2867 1180 2923 pactum
1213 2878 1324 2910 cum
1349 2863 1452 2911 Deo
1490 2868 1800 2920 renovarunt,
