1968 3236
377 672 484 726 DE
525 671 891 726 CIVITATE
933 670 1433 725 CHRISTIANA.

674 993 887 1040 CAPUT
921 992 1135 1040 XXXII.

433 1108 494 1139 DE
521 1108 744 1139 POLl'rlcAE
765 1108 1061 1139 CHRISTIANAE
1087 1107 1348 1139 PRlNcu‘ns.

213 1185 518 1233 HACTENUS
545 1200 842 1231 summarum
869 1188 1165 1251 pote'qtatum
1182 1186 1296 1247 jura
1318 1182 1592 1247 civiumque
1608 1199 1711 1233 cAP.
1720 1198 1873 1232 xxxii.

211 1260 370 1307 officia
391 1276 420 1307 a
442 1260 693 1323 principiis
717 1276 837 1323 pure
872 1260 1172 1308 naturalibus
1205 1259 1416 1307 deducta
1445 1268 1591 1315 sunt3

211 1335 439 1382 nimirum
474 1351 503 1382 a
551 1334 912 1382 definitionibus
955 1335 1301 1382 vocabulorum
1353 1349 1593 1382 consensu

211 1410 465 1458 hominum
488 1410 784 1474 approbatis.
824 1409 921 1458 Sed
939 1409 1001 1457 ad
1020 1426 1092 1468 ea,
1117 1426 1226 1473 quae
1250 1409 1456 1457 dicenda
1480 1417 1595 1458 sunt

211 1485 272 1534 de
309 1495 485 1534 natura
521 1495 570 1534 et
602 1486 791 1550 juribus
829 1486 1050 1533 civitatis
1090 1485 1409 1544 Christiano-2,
1456 1485 1594 1548 cujus

210 1562 426 1626 cognitio
451 1561 694 1625 dependet
729 1577 907 1625 magna
929 1577 989 1608 ex
1012 1570 1151 1624 parte
1175 1577 1206 1608 a
1227 1560 1493 1609 voluntatis
1515 1560 1590 1608 di-

208 1636 336 1685 vinae
380 1637 755 1685 revelationibus
803 1636 1268 1700 supernaturalibus,
1313 1634 1591 1683 adhibenda

210 1721 325 1760 sunt
347 1713 585 1776 principia
606 1713 715 1771 alia,
740 1727 929 1775 nempe,
954 1712 1154 1759 verbum
1172 1711 1529 1775 propheticum.

276 1789 608 1837 Veruntamen
645 1788 880 1846 sensibus,
907 1787 1235 1851 experientiae,
1260 1794 1309 1834 et
1337 1786 1468 1850 quod
1486 1802 1596 1835 ver-

209 1863 327 1911 bum
350 1864 442 1912 Dei
465 1863 792 1911 indubitatum
817 1871 905 1921 est,
930 1871 1078 1910 rectae
1096 1862 1289 1921 rationi,
1314 1862 1596 1910 renuntian-

210 1939 327 1987 dum
349 1955 448 1987 non
473 1948 560 1987 est.
631 1940 755 1987 Sunt
789 1938 918 1986 enim
953 1938 1036 1985 illa
1069 1938 1224 1986 instar
1246 1938 1407 1997 minae,
1432 1954 1541 2002 quae
1566 1955 1596 1986 a

210 2015 468 2063 Servatore
498 2024 668 2062 nostro
702 2014 978 2061 hominibus
1011 2012 1075 2060 ad
1107 2013 1459 2077 negotiandum
1482 2014 1598 2062 data

211 2099 298 2149 est,
322 2106 413 2138 nec
435 2090 485 2138 in
510 2090 607 2138 fide
630 2089 882 2153 implicita,
908 2090 1044 2152 quasi
1068 2089 1119 2136 in
1142 2089 1337 2137 sudario
1359 2089 1595 2148 involuta,

210 2164 492 2228 reponenda
512 2186 524 2219 ;
560 2164 643 2212 sed
669 2164 732 2212 ad
749 2164 1006 2227 justitiam,
1023 2179 1211 2227 pacem,
1235 2180 1498 2228 veramque
1520 2180 1596 2212 re-

210 2239 442 2303 ligionem
473 2239 806 2304 expendenda.
878 2238 1170 2302 Quanquam
1205 2240 1335 2287 enim
1371 2240 1421 2287 in
1444 2241 1593 2288 verbo

212 2315 307 2363 Dei
341 2315 581 2363 rationem
614 2316 875 2363 humanam
910 2315 1187 2378 superantia
1220 2314 1374 2363 multa
1407 2316 1521 2374 sint,
1545 2315 1597 2363 id

212 2397 302 2446 est,
326 2406 435 2453 quae
460 2391 647 2439 ratione
675 2391 886 2438 naturali
908 2406 1066 2453 neque
1090 2390 1415 2438 demonstrari
1437 2406 1597 2454 neque

217 2466 460 2514 confutari
481 2475 715 2529 possunt;
751 2474 923 2515 contra
953 2475 1117 2515 tamen
1148 2474 1331 2514 rectam
1354 2466 1597 2514 rationem

210 2541 333 2589 nihil
351 2541 605 2605 reperitur.

280 2615 485 2669 Quoties
530 2632 647 2681 ergo
691 2617 742 2665 in
786 2617 947 2666 locum
997 2618 1206 2681 aliquem
1259 2615 1595 2675 difficiliorem,

212 2706 358 2754 quam
386 2699 440 2738 ut
466 2707 496 2739 a
526 2691 666 2740 nobis
699 2693 964 2741 examinari
995 2692 1164 2756 possit,
1180 2691 1506 2749 inciderimus,
1522 2692 1597 2739 in-

214 2766 463 2814 tellectum
493 2775 714 2815 nostrum
747 2769 909 2816 verbis
946 2769 1061 2832 ipsis
1097 2768 1200 2815 sine
1235 2766 1456 2814 examine
1491 2766 1597 2829 phi-

211 2842 479 2906 losophico,
510 2851 711 2906 propter
742 2844 1082 2907 mysteriorum
1111 2841 1386 2890 divinorum
1409 2842 1596 2889 incom-

1645 1253 1836 1276 s--f-ae

1648 1292 1693 1321 De
1705 1293 1831 1331 politico

1648 1335 1823 1365 Christian·

210 2917 691 2981 prehensibilitatem‚
716 2917 946 2967 debemus
973 2919 1209 2982 subjicere
1244 2926 1296 2965 et
1330 2916 1592 2980 captivare.
1670 2947 1672 2950 >
