1968 3236
512 264 584 299 nn
603 265 863 301 civium
890 268 1245 302 camsi-mxu.
1472 259 1572 302 ·361

195 379 302 422 trus
327 374 374 436 (l
403 374 557 439 Epist.
582 377 630 425 ii.
663 381 831 439 13-15)
857 398 868 426 :
906 379 1127 443 Subjecta'
1161 386 1318 428 estote
1340 380 1469 427 omni
1490 380 1577 428 hu-
1611 406 1714 438 ew
1731 406 1844 438 xm

195 464 351 498 manae
372 451 712 500 constitutioni
725 461 945 518 propter
968 456 1143 514 Deum,
1166 455 1271 503 sive
1292 455 1408 520 regi
1430 456 1577 520 quasi
1627 462 1822 536 m

186 525 524 590 pertenenti,
548 528 652 576 sice
677 529 897 586 ducibus,
914 538 1148 595 tanquam
1171 530 1236 579 ab
1253 547 1310 579 eo
1325 531 1490 579 missis
1507 533 1580 580 ad
1623 516 1825 580 mizuae...

195 599 467 649 mdia-tam
509 604 900 668 malefactorum,
933 606 1128 654 landem
1162 623 1279 655 vero
1308 607 1577 663 bonorum;

195 675 317 741 qnia
330 677 406 724 sic
422 684 498 726 est
517 678 743 727 voluntas
763 681 873 728 Dei.
921 682 983 729 Et
1001 682 1049 729 S.
1072 682 1248 730 Paulus
1266 682 1411 742 (Tit.
1399 683 1466 731 iii.
1493 685 1539 744 l)
1563 702 1575 730 :

195 751 420 801 Admone
443 753 560 801 illos
569 756 893 821 principibus
917 764 966 805 et
980 757 1318 822 potestatibus
1350 757 1576 806 subditos

194 843 320 887 eece,
343 835 395 876 et
424 828 560 877 dicto
583 830 802 879 obedire.
873 833 1119 896 Principes
1153 842 1317 881 autem
1340 841 1391 881 et
1412 843 1577 897 potes-

196 909 339 962 tates,
376 906 438 954 de
475 906 650 968 quibus
684 908 853 956 Petrus
885 917 936 956 et
971 909 1147 957 Paulus
1174 909 1254 957 hic
1290 909 1574 972 loquuntur,

195 995 365 1028 omnes
393 991 531 1029 erant
566 983 763 1031 ethnici.
836 985 1035 1033 Quanto
1072 1001 1189 1048 ergo
1228 985 1383 1048 magis
1412 985 1577 1034 Chris-

193 1053 315 1104 tiani
350 1055 649 1142 principibus
684 1060 784 1107 suis
816 1060 1104 1108 Christianis
1138 1060 1336 1108 obedire
1368 1060 1573 1109 debent.
1562 1061 1574 1085 '

197 1130 310 1180 Quo
345 1132 456 1194 jure
491 1133 713 1183 ministro
743 1135 941 1194 Christi,
979 1133 1032 1191 ἐ]
1054 1137 1173 1200 quid
1211 1136 1371 1184 facere
1402 1146 1576 1185 contra

194 1205 425 1255 mandata
441 1208 569 1271 regis
591 1210 772 1258 aliusve
796 1227 996 1260 summae
1014 1212 1271 1275 potestatis
1287 1210 1483 1276 Juberet
1498 1212 1574 1260 vel

195 1280 410 1340 doceret,
435 1283 503 1331 illi
526 1285 723 1333 obedire
746 1286 1052 1349 obligamur?
1111 1288 1424 1351 Perspicuum
1457 1304 1574 1352 ergo

194 1364 270 1406 est
314 1357 560 1407 Christum
601 1361 835 1409 ministris
875 1363 975 1410 suis
1015 1363 1066 1410 in
1106 1363 1200 1411 hoc
1245 1364 1443 1422 mundo,
1479 1364 1575 1412 nisi

196 1432 344 1480 etiam
376 1434 677 1484 authoritate
711 1437 841 1485 civili
874 1438 1072 1501 praediti
1112 1439 1227 1497 sint,
1264 1440 1345 1502 jus
1389 1439 1575 1488 civibus

194 1507 465 1572 imperandi
489 1510 676 1558 nullum
700 1513 1010 1560 concessisse.

262 1583 396 1633 Quid
418 1592 596 1645 autem,
631 1587 819 1651 inquiet
840 1588 1028 1651 aliquis,
1063 1589 1104 1636 si
1138 1605 1239 1647 rex,
1262 1589 1339 1636 vel
1362 1595 1575 1647 senatus,

193 1666 281 1708 aut
312 1659 590 1724 quicunque
625 1679 862 1710 summam
885 1666 935 1710 iu
961 1663 1159 1712 civitate
1181 1663 1330 1712 habet
1363 1673 1577 1727 potesta-

194 1741 312 1794 oem,
330 1735 528 1784 credere
551 1737 602 1785 in
618 1738 865 1787 Christum
881 1739 1196 1802 prohiberet?
1265 1740 1573 1804 Respondeo,

194 1810 574 1874 prohibitionem
590 1813 738 1861 talem
753 1814 1053 1862 frustaneam
1073 1815 1184 1863 ideo
1199 1831 1317 1873 esse,
1338 1816 1454 1879 quia
1467 1832 1576 1864 cre-

197 1885 319 1934 dere
342 1894 395 1934 et
415 1903 510 1935 non
528 1889 736 1937 credere
749 1906 848 1938 non
866 1899 1137 1954 sequuntur
1159 1891 1398 1955 imperata
1421 1891 1575 1939 homi-

195 1976 331 2020 num,
346 1962 430 2025 qui
443 1978 507 2011 an
530 1964 786 2013 credamus
809 1982 963 2014 necne
981 1967 1104 2014 scire
1127 1983 1227 2015 non
1245 1975 1467 2030 possunt,
1483 1983 1575 2015 nec

197 2036 239 2085 si
258 2036 456 2097 scirent,
478 2048 684 2089 mutare.
720 2042 861 2090 Fides
878 2051 953 2090 est
968 2043 1150 2091 donum
1168 2043 1277 2100 Dei,
1293 2059 1439 2106 quam
1461 2059 1574 2106 pro-

197 2111 356 2160 missis
376 2114 589 2177 praemiis
621 2125 705 2165 aut
738 2134 993 2181 poenarum
1017 2119 1393 2167 comminatione
1415 2134 1575 2181 neque

199 2185 317 2235 dare
337 2202 495 2252 neque
518 2190 688 2239 tollere
718 2202 879 2256 potoet
912 2194 1075 2242 homo.
1145 2194 1197 2242 Si
1219 2209 1367 2257 porro
1391 2209 1576 2256 quaera·

198 2270 297 2321 tur,
332 2263 465 2326 quid,
489 2264 530 2312 si
547 2265 804 2328 jubeamur
833 2285 864 2317 a
897 2269 1118 2333 principe
1152 2276 1321 2316 nostro
1356 2268 1575 2330 legitimo

200 2336 379 2396 dicere,
419 2339 551 2402 quod
589 2356 688 2389 non
728 2344 992 2403 credimus,
1030 2343 1422 2393 obediendumne
1468 2343 1575 2391 est?

201 2411 508 2475 Respondeo,
525 2430 695 2464 vocem
719 2416 930 2467 hominis
953 2435 1055 2467 rem
1081 2427 1334 2467 externam
1352 2434 1472 2476 esse,
1490 2433 1576 2465 ne-

200 2502 295 2551 que
309 2486 582 2551 siguificare
599 2490 926 2541 obedientiam
940 2494 1232 2557 proferentis
1249 2508 1406 2557 posse,
1421 2493 1576 2556 magis

200 2577 348 2626 quam
371 2561 495 2610 alius
518 2564 794 2630 quicunque
814 2577 983 2631 gestus
1008 2585 1270 2632 corporeus
1291 2589 1303 2622 ;
1338 2575 1386 2615 et
1412 2568 1576 2617 Chris-

199 2636 389 2685 tianum
426 2636 672 2687 hominem
708 2641 758 2689 in
799 2643 944 2691 rebus
968 2644 1259 2708 hujusmodi,
1283 2643 1323 2690 si
1347 2643 1494 2691 corde
1524 2643 1576 2691 in

203 2710 451 2759 Christum
475 2712 659 2772 credat,
688 2716 890 2765 eandem
913 2718 1094 2767 habere
1116 2719 1407 2775 libertatem,
1431 2734 1576 2781 quam

202 2786 443 2834 concessit
473 2786 727 2838 Naamano
761 2792 885 2856 Syro
916 2794 1156 2857 propheta
1188 2792 1367 2840 Elisha.
1449 2793 1576 2841 Con-

201 2876 368 2909 versus
401 2870 506 2909 erat
540 2862 645 2911 Deo
681 2864 871 2915 Israelis
904 2867 955 2916 in
979 2867 1127 2916 corde
1150 2883 1238 2915 suo
1263 2867 1574 2923 Naamanus;
