1968 3236
434 250 505 284 nn
531 249 789 284 elvrrATE
817 246 1173 283 cums-NANA.
1397 231 1494 284 379

109 362 284 413 fuisset
305 361 572 425 responsio,
596 360 688 408 nisi
712 360 920 423 populus
958 360 1141 423 seipsos
1171 356 1235 406 ad
1266 355 1497 405 obedien·
1526 375 1631 409 cAp.
1647 374 1762 408 xm,

113 439 232 488 dum
278 438 407 486 Mosi
453 437 718 500 obligasset
762 437 837 484 his
873 436 1032 483 verbis
1073 433 1248 496 (Exod.
1273 449 1354 481 xx.
1385 433 1493 492 19):
1547 431 1747 514 Dm

115 515 347 579 Loquere
383 520 437 561 tu
471 512 612 560 nobis
646 519 696 559 et
717 512 972 559 audiemus
988 530 1007 566 ‚·
1063 510 1157 558 sed
1176 526 1237 558 ne
1260 508 1496 574 loquatur
1545 519 1749 550 ecclesa-fica

114 589 256 640 nobie
300 590 455 647 Deus,
503 606 563 635 ne
609 588 891 636 moriamur.
978 588 1198 635 Potestas
1241 601 1389 648 ergo„
1409 598 1498 647 per

116 682 264 731 quam
277 665 552 728 Decalogus
571 664 729 712 factus
747 665 890 712 estin
914 664 1073 726 legem
1096 661 1283 710 civitati
1306 659 1498 709 Israeli-

115 742 244 799 ticoe,
268 749 374 789 erat
396 756 546 804 penes
571 740 778 797 Mosem,
803 747 852 786 et
875 747 986 802 post
1008 738 1146 786 illum
1167 753 1318 801 penes
1339 749 1498 784 sacer-

117 817 285 867 dotem
314 832 573 873 summum,
602 815 684 878 qui
724 822 829 863 erat
858 814 1069 862 civitatis
1095 828 1312 861 summus
1349 811 1501 874 impe-

115 908 247 942 rans.
302 893 555 940 Hactenus
579 907 697 954 ergo
719 891 984 954 Scripturae
1010 891 1172 938 Sacrae
1195 886 1501 937 canonizatio

118 968 184 1018 ad
204 984 317 1017 eum
347 967 599 1032 pertinuit,
624 967 707 1029 qui
730 982 968 1014 summam
991 965 1043 1013 in
1067 965 1265 1013 civitate
1287 970 1497 1027 potesta-

118 1052 221 1093 tem
244 1043 416 1092 habuit
433 1042 641 1089 civilem.

185 1120 349 1168 Etiam
385 1118 518 1181 leges
546 1117 816 1180 judiciales,
839 1116 891 1164 id
922 1116 1169 1187 estwleges
1206 1114 1503 1179 magistrati-

118 1197 213 1245 bus
236 1194 428 1244 Israelis
451 1210 482 1241 a
518 1194 622 1241 Deo
649 1193 965 1256 praescriptae,
991 1190 1052 1240 de
1082 1190 1505 1239 administratione

116 1271 322 1336 justitiae
365 1269 675 1331 ferendisque
733 1268 861 1315 inter
911 1267 1159 1330 litigantes
1210 1265 1467 1314 sententiis
1492 1285 1505 1319 ;

122 1347 243 1395 item
270 1346 349 1394 lex
370 1345 603 1402 Levitica,
627 1342 678 1390 id
713 1350 802 1402 est,
826 1342 1007 1406 regulae
1031 1358 1060 1389 a
1084 1342 1188 1389 Deo
1210 1340 1507 1405 praescriptae

123 1422 186 1470 de
230 1421 404 1470 ritibus
449 1427 499 1467 et
545 1418 832 1467 ceremoniis
877 1418 1037 1465 cultus
1085 1417 1265 1471 divini;
1312 1415 1508 1464 traditae

122 1512 292 1547 omnoe
313 1496 513 1544 fuerunt
535 1511 565 1542 a
602 1494 741 1542 Mose
764 1493 899 1548 solo;
951 1492 1158 1556 ideoque
1188 1492 1320 1556 leges
1352 1498 1508 1548 erant,

123 1573 239 1637 quia
259 1570 590 1620 obedientiam
627 1568 756 1616 Mosi
791 1568 1132 1631 promiserant,
1156 1582 1397 1615 summam
1423 1566 1510 1615 ha-

123 1647 262 1697 benti
282 1652 576 1710 potestatem
594 1644 800 1691 civilem.

192 1723 457 1786 Postquam
479 1721 704 1769 venerint
727 1719 959 1767 Israelitae
983 1718 1034 1766 in
1058 1718 1350 1782 campestria
1371 1717 1512 1765 Moa-

30 1862 35 1864 ⁷
125 1799 340 1848 bitarum
364 1814 391 1846 e
413 1798 615 1861 regione
636 1797 665 1844 J
669 1795 918 1854 ericuntis,
942 1795 1171 1843 intraturi
1203 1795 1307 1857 jam
1337 1794 1390 1842 in
1412 1801 1510 1841 ter-

21 1870 38 1880 ”
127 1891 235 1925 ram
265 1875 571 1940 promissam,
610 1872 798 1936 legibus
841 1870 1083 1935 prioribus
1129 1869 1321 1917 addidit
1365 1869 1513 1917 etiam

130 1951 250 2000 alias
272 1951 452 2008 MoseS,
481 1965 589 2012 quae
612 1954 852 1996 vocantur
874 1946 1326 2003 Deuteronomium,
1350 1944 1402 1992 id
1424 1951 1512 2001 est,

130 2027 263 2091 leges
284 2025 540 2080 secundae;
577 2040 684 2087 quae
712 2023 878 2085 (Deut.
902 2022 1034 2070 xxix.
1066 2023 1112 2083 l)
1138 2029 1377 2070 vocantur
1409 2035 1516 2068 ver-

132 2102 197 2150 ba
210 2101 376 2166 pacti,
398 2100 530 2164 quod
543 2100 737 2163 faeere
759 2099 1001 2146 Dominus
1012 2098 1174 2160 jussit
1196 2097 1388 2145 Mosem
1411 2111 1517 2143 cum

117 2177 256 2240 filiis
286 2174 520 2233 Israelis,
550 2181 743 2239 prceter
764 2181 974 2239 paetum
1008 2173 1143 2236 quod
1164 2172 1378 2237 fecerat
1411 2187 1517 2218 eum

136 2251 244 2301 iuis
268 2251 319 2299 in
341 2249 539 2298 Horeb.
615 2249 738 2297 Cum
762 2249 893 2297 enim
913 2250 1101 2313 priores
1123 2248 1230 2296 illas
1260 2247 1391 2310 leges
1427 2245 1517 2293 sub

137 2326 331 2375 initium
360 2324 472 2373 libri
503 2324 874 2372 Deuteronomii
905 2325 1212 2388 explicasset,
1244 2322 1362 2370 alias
1394 2321 1516 2378 illas,

137 2418 248 2467 quae
282 2400 523 2464 incipiunt
555 2415 662 2462 cap.
703 2413 808 2457 xn,
850 2399 1174 2462 desinuntque
1210 2413 1315 2460 cap.
1359 2411 1519 2453 xxvr,

139 2475 476 2542 superaddidit
500 2475 681 2523 Moses,
738 2475 901 2538 Atque
923 2475 1029 2522 haec
1052 2483 1127 2522 est
1150 2473 1229 2523 lex
1253 2473 1350 2531 illa,
1374 2486 1521 2534 quam

143 2555 310 2611 (Dent.
341 2550 487 2599 xxvii.
522 2556 569 2608 3,
599 2551 653 2611 4)
700 2550 909 2614 populus
941 2550 1183 2614 lapidibus
1228 2549 1277 2596 in
1313 2547 1523 2595 transitu

139 2627 368 2678 Jordanis
390 2625 661 2689 insculpere
677 2626 842 2689 jussus
859 2635 998 2674 erat:
1022 2626 1129 2673 haec
1153 2623 1323 2672 eadem
1340 2622 1403 2670 ab
1416 2622 1523 2685 ipso

143 2705 284 2752 Mose
307 2702 358 2750 in
380 2700 627 2749 volumine
662 2700 861 2764 scripta,
885 2701 1219 2749 sacerdotibus
1249 2707 1300 2747 et
1321 2697 1522 2746 seniori·

140 2781 234 2829 bus
269 2776 462 2826 Israelis
485 2775 667 2825 tradita
689 2783 796 2824 erat
821 2776 988 2835 (Dent.
1012 2776 1143 2823 xxxi.
1166 2776 1220 2835 9)
1241 2772 1526 2822 collocanda

144 2855 195 2903 in
234 2868 362 2902 arcae
400 2851 581 2900 latere:
616 2850 723 2900 haec
763 2851 934 2900 eadem
975 2858 1096 2910 erat,
1127 2851 1266 2914 cujus
1302 2848 1524 2913 exempla
