1968 3236
127 367 152 399 C
158 368 182 399 A
190 367 230 400 Ρ.
250 367 279 399 X
287 368 325 399 Ll
332 368 376 402 V.

167 425 351 443 Ὀ-Ὗ-σ

149 462 193 490 De
206 463 332 491 tenebris

145 506 347 542 spiritualibus

148 549 185 575 nb
198 549 365 586 interpretu-

145 591 223 619 tione
231 602 250 621 n
255 602 292 620 on
304 595 382 620 rectu.

146 634 375 673 scripturarum.

411 226 505 267 456
769 237 834 268 DE
864 236 1050 269 REGNo
1077 236 1482 271 TENEBRARUM.

409 347 693 394 affirmando
718 363 915 410 porrum
941 355 990 394 et
1014 363 1146 411 cepe,
1164 364 1272 410 quae
1291 349 1576 408 adorabant,
1592 365 1793 412 porrum

409 429 458 469 et
482 438 598 485 cepe
623 422 827 485 amplius
851 439 949 470 non
988 438 1092 470 esse
1131 432 1246 486 post
1281 424 1682 483 incantationem,
1707 425 1794 473 sed

408 497 566 544 Deum
606 498 763 560 ipsum
802 498 891 544 sub
927 498 1114 545 olerum
1148 499 1343 547 illorum
1384 500 1561 563 specie.
1630 501 1794 549 Verba

407 572 502 630 illa,
529 572 618 618 hoc
642 579 717 619 est
741 588 923 637 corpus
947 589 1099 620 meum
1123 579 1172 620 et
1200 573 1282 621 hie
1309 581 1386 622 est
1408 575 1617 639 sanguis
1641 591 1791 634 meus,

406 648 699 710 aequivalent
734 647 824 703 his,
866 647 958 695 hoc
988 647 1264 712 significat,
1301 650 1403 697 sive
1436 657 1790 714 reproesentat,

407 738 588 786 corpus
612 728 661 770 et
682 723 974 786 sanguinem
1000 740 1153 771 meum
1168 743 1187 779 ;
1215 733 1266 772 et
1288 726 1447 788 figura
1470 725 1666 788 quidem
1689 742 1791 774 ser—

405 798 559 845 monis
605 805 679 845 est
713 798 1062 854 usitatissima3
1099 816 1244 862 quam
1290 801 1558 849 secundum
1596 801 1790 850 literam

404 874 727 936 interpretari,
762 874 1027 937 Scripturae
1062 875 1242 923 abusus
1283 884 1425 924 esset.
1497 877 1789 940 Quanquam

404 956 566 996 autem
611 950 949 1013 interpretatio
996 951 1108 999 talis
1155 951 1514 1011 admitteretur,
1555 953 1790 1017 applicari

403 1032 564 1072 tamen
603 1026 717 1088 pani
758 1026 834 1073 vel
881 1027 1123 1090 sanguini,
1165 1035 1494 1091 praeterquam
1531 1029 1603 1076 illi
1643 1045 1788 1092 quem

403 1101 624 1149 Christus
648 1102 872 1150 manibus
891 1103 1099 1166 propriis
1123 1104 1441 1160 consecravit,
1466 1104 1587 1152 nulli
1609 1111 1786 1168 potest.

403 1176 515 1223 Non
533 1177 659 1224 enim
682 1177 741 1224 de
764 1194 890 1240 pane
906 1194 1211 1241 quocunque,
1231 1187 1279 1226 et
1303 1179 1364 1226 de
1383 1179 1634 1227 sacerdote
1655 1179 1788 1228 omni

402 1252 484 1315 qui
507 1252 848 1315 pronuntiaret
870 1253 953 1300 illa
975 1254 1138 1308 verba,
1164 1254 1255 1302 hoc
1293 1261 1370 1302 est
1402 1271 1584 1319 corpas
1620 1271 1786 1313 meum,

401 1328 892 1377 transubstantiatum
916 1329 977 1376 iri
1010 1329 1134 1377 dixit
1172 1329 1413 1377 Christus.
1501 1330 1672 1394 Neque
1707 1346 1786 1379 ec-

400 1403 547 1451 clesia
572 1404 792 1451 Romana
814 1404 921 1468 ipsa
949 1404 1221 1452 doctrinam
1245 1405 1392 1452 talem
1418 1405 1650 1453 stabilivit
1672 1414 1787 1454 ante

400 1480 740 1528 Innocentium
764 1481 979 1540 tertium,
1005 1481 1056 1529 id
1080 1490 1170 1540 est,
1196 1482 1337 1530 annis
1361 1482 1423 1529 ab
1448 1482 1563 1530 hinc
1588 1482 1786 1531 circiter

400 1558 693 1620 quingentis,
720 1559 914 1621 quando
947 1566 1163 1623 potestas
1196 1559 1383 1623 papalis
1419 1561 1631 1609 maxima
1663 1570 1784 1620 erat,

399 1640 448 1679 et
473 1634 688 1681 tenebrae
711 1634 1115 1696 profundissimae.

466 1709 622 1756 Simili
650 1709 980 1758 incantatione
1015 1711 1091 1758 usi
1127 1718 1240 1758 sunt
1264 1710 1540 1758 sacerdotes
1564 1712 1783 1760 ecclesiae

400 1784 631 1832 Romanae
671 1785 721 1832 in
759 1794 1063 1834 sacramento
1099 1786 1342 1850 baptismi,
1368 1794 1424 1834 ut
1446 1786 1611 1834 videre
1635 1787 1783 1835 estin

396 1858 558 1906 rituali
583 1860 815 1919 Romano,
831 1862 915 1908 ubi
938 1861 1134 1909 nomine
1153 1862 1258 1919 Dei,
1275 1862 1544 1920 Trinitatis,
1560 1870 1611 1910 et
1634 1863 1783 1911 trium

395 1950 726 1997 personarum,
743 1943 793 1983 et
807 1937 947 2000 signo
966 1937 1124 1984 crucis
1148 1937 1211 1984 ad
1234 1937 1652 1985 incantamentum
1667 1939 1783 1987 abu-

393 2017 578 2058 tuntur.
650 2012 719 2059 Ut
742 2012 915 2075 primo,
941 2013 992 2060 in
1030 2029 1156 2076 aqua
1196 2013 1529 2061 consecranda
1556 2014 1782 2063 sacerdos

394 2084 529 2140 dicit,
563 2087 764 2148 conjuro
796 2093 860 2145 te,
900 2094 1137 2135 creatura
1178 2105 1334 2152 aquae,
1372 2088 1422 2135 in
1455 2088 1645 2136 nomine
1681 2089 1782 2137 Dei

396 2160 572 2207 Patris
615 2162 979 2226 omnipotenti-5²,
1018 2170 1068 2211 et
1105 2164 1154 2211 in
1195 2163 1384 2211 nomine
1420 2162 1544 2211 Jesu
1586 2162 1781 2213 Christi

378 2235 488 2296 filie?
521 2236 600 2283 sui
623 2237 755 2284 unici
774 2237 977 2285 Domini
1000 2239 1177 2298 nostri,
1201 2245 1251 2286 et
1276 2239 1326 2286 in
1349 2239 1534 2287 virtute
1558 2238 1780 2304 Spiritu-s·

395 2311 581 2370 Sancti,
607 2318 660 2359 ut
681 2313 792 2374 fias
823 2330 957 2376 aqua
995 2315 1276 2376 conjurata,
1303 2314 1375 2362 ad
1396 2321 1684 2379 potestates
1709 2316 1781 2363 in-

394 2386 526 2434 imici
550 2387 829 2451 abigendas
852 2395 903 2436 et
927 2390 1284 2449 eradicandas,
1305 2397 1396 2438 etc.
1469 2390 1710 2449 Secundo,
1727 2391 1777 2439 in

392 2462 502 2509 salis
526 2479 635 2510 cum
660 2479 787 2525 aqua
809 2463 1044 2511 miscendi
1068 2465 1434 2520 benedictione;
1471 2472 1525 2513 uc
1545 2466 1658 2527 fias
1698 2466 1782 2514 sal

392 2538 714 2598 conjuratum,
740 2553 834 2601 quo
852 2538 1215 2601 phantasmata
1249 2539 1426 2597 onmia,
1451 2547 1501 2588 et
1523 2541 1778 2604 fraudum

392 2610 581 2658 diaboli
620 2611 911 2675 improbitas
932 2612 1123 2675 ficgiat
1154 2613 1401 2678 abeatque
1424 2631 1455 2661 a
1480 2614 1587 2663 loeo
1613 2615 1662 2663 in
1681 2632 1777 2680 quo

389 2687 659 2750 spargeris
676 2706 693 2741 ;
730 2693 878 2751 utque
899 2688 1114 2751 spiritus
1139 2689 1292 2736 onmis
1319 2690 1587 2739 immundus
1610 2692 1777 2754 συνῄει-

391 2766 534 2806 ratas·
559 2762 626 2808 sit
649 2778 743 2825 per
768 2778 873 2809 enm
896 2763 983 2826 qui
1008 2763 1165 2810 *veniet
1197 2765 1268 2811 ad
1286 2766 1618 2826 judicandum
1642 2767 1776 2815 vivos

390 2839 438 2879 et
462 2843 690 2883 mortuos.
759 2836 943 2895 Tertio,
977 2837 1025 2884 in
1058 2838 1395 2887 benedictione
1432 2841 1559 2897 olei;
1598 2850 1650 2891 ut
1678 2858 1774 2907 po-
