1968 3236
477 226 547 259 DE
569 226 828 260 mvrrxrs
855 226 1210 260 cnms‘rlANA.
1446 215 1543 269 423

161 334 212 384 iu
253 336 391 399 cujus
419 336 636 385 dominio
672 338 804 386 illam
838 347 1103 386 exercent:
1153 346 1203 385 et
1241 337 1446 401 proinde
1470 337 1542 400 ip-
1576 357 1808 393 maxum.

160 427 269 460 sum
294 412 473 475 Papam
506 414 856 462 authoritatem
881 430 1033 472 suam,
1053 423 1191 462 extra
1215 412 1432 461 dominia
1454 428 1543 460 sua
1582 412 1788 494 Dm

159 486 461 550 temporalia,
503 487 680 536 debere
726 490 836 548 illis,
874 490 958 553 qui
1004 497 1117 537 sunt
1153 489 1423 547 civitatum,
1459 487 1544 536 ubi
1592 500 1795 531 ecclesiastica

160 561 293 610 illam
316 571 528 621 exercet,
555 565 730 612 summi
755 565 1063 628 imperantes.

228 637 585 701 Argumentum
603 640 826 702 quintum
846 641 943 688 tale
958 649 1031 689 est
1050 662 1061 696 ;
1087 641 1134 688 εἰ
1137 639 1547 701 jurisdictionem

157 728 297 760 suam
337 713 566 778 episcopi
615 731 647 762 α
701 715 808 762 Deo
845 716 1086 764 haberent
1128 715 1425 774 immediate,
1461 732 1546 763 ne-

162 788 335 836 minem
358 805 421 836 ex
444 789 696 854 episcopis
722 790 827 838 illis
852 792 1147 856 episcopatu
1169 807 1256 838 8110
1275 791 1546 854 deprivare

153 870 331 928 posset
350 882 369 918 ;
405 865 533 912 nihil
553 866 678 912 enim
701 866 895 930 facere
922 873 1096 932 potest
1131 873 1307 914 contra
1343 866 1547 914 ordina-

163 939 343 987 tionem
358 939 573 987 divinam
594 959 611 994 ;
647 949 697 988 et
711 943 1059 1005 consequentia
1075 942 1273 1006 quidem
1289 943 1419 989 bona
1436 949 1512 989 est
1532 962 1544 995 ;

162 1014 258 1062 sed
276 1013 443 1078 Papa,
463 1015 637 1075 inquit,
656 1016 945 1079 hoc-facere
959 1024 1147 1082 potest,
1172 1025 1221 1065 et
1225 1017 1370 1081 fecit
1392 1034 1544 1081 saepe.

165 1089 466 1138 Conceditur
491 1091 639 1138 etiam
664 1092 773 1150 boc,
799 1093 1074 1168 subaudjto,
1110 1093 1240 1156 quod
1276 1093 1344 1140 ita
1376 1092 1547 1140 fecerit

163 1166 213 1214 in
238 1181 326 1213 suo
349 1165 500 1228 ipsius
523 1166 755 1226 dominio,
780 1168 857 1215 vel
892 1169 1039 1216 etiam
1074 1169 1125 1216 in
1161 1169 1320 1216 alieno
1352 1168 1393 1216 si
1430 1184 1547 1216 con-

164 1241 345 1289 sentiat
387 1241 612 1290 dominus
649 1242 759 1291 loci.
854 1244 951 1292 Sed
991 1253 1047 1291 ut
1086 1244 1180 1292 hoc
1215 1244 1374 1292 facere
1396 1243 1550 1307 possit

165 1316 520 1386 universaliter,
559 1327 610 1365 et
644 1319 754 1382 jure
791 1320 941 1383 ipsius
978 1321 1286 1384 episcopatus
1324 1319 1549 1378 Romani,

165 1394 532 1443 concedendum
567 1412 667 1444 non
702 1406 791 1444 est.
863 1398 1081 1446 Potestas
1117 1398 1245 1445 enim
1271 1397 1354 1445 illa
1376 1397 1440 1445 ad
1461 1412 1550 1460 po-

165 1478 392 1519 testatem
416 1472 631 1534 pertinet
649 1473 902 1521 civitatum
925 1473 1259 1537 singularium,
1279 1482 1329 1521 et
1350 1489 1552 1520 summae

165 1546 395 1611 potestati
418 1546 548 1594 civili
572 1547 844 1596 essentialis
868 1557 956 1596 est.
1012 1549 1143 1596 Ante
1166 1564 1374 1611 regnum
1394 1547 1552 1596 Saulis

166 1620 218 1669 in
242 1621 437 1679 Israele,
471 1637 583 1669 cum
620 1638 810 1670 summa
832 1631 1054 1686 potestas
1079 1623 1234 1671 civilis
1275 1624 1327 1671 in
1361 1639 1551 1671 summo

165 1696 419 1745 sacerdote
458 1697 711 1756 resideret,
757 1699 838 1746 ille
875 1699 1006 1747 solus
1045 1699 1350 1747 sacerdotem
1387 1698 1553 1763 potuit

166 1771 427 1837 deponere.
498 1773 701 1832 Rursus,
721 1791 833 1822 cum
856 1784 1075 1839 potestas
1099 1775 1183 1823 illa
1206 1783 1334 1823 esset
1351 1775 1403 1822 in
1427 1773 1553 1838 regi·

165 1848 258 1896 bus
292 1848 500 1907 Israelis,
538 1850 840 1898 sacerdotem
877 1851 1122 1915 deponere
1159 1852 1322 1915 potuit
1362 1867 1463 1909 rex,
1503 1860 1553 1900 et

167 1923 470 1972 sacerdotem
524 1940 767 1974 summum
822 1927 1145 1975 Abiatharum
1193 1927 1420 1991 deposuit
1466 1942 1552 1975 rex

170 1998 419 2058 Solomon,
461 2001 574 2061 (nec
609 2001 671 2048 ob
712 2017 819 2049 eam
855 2018 959 2050 rem
995 2019 1025 2050 a
1060 2003 1165 2050 Deo
1204 2002 1553 2066 reprehensum

169 2091 274 2124 esse
286 2075 513 2139 legimus)
535 2077 652 2125 etin
672 2079 775 2141 ejus
794 2078 957 2126 locum
976 2078 1233 2126 constituit
1255 2078 1551 2125 Zadochum.

171 2150 438 2214 Episcopos
460 2167 578 2215 ergo
601 2152 861 2201 ordinandi
897 2162 948 2201 et
982 2153 1283 2216 deprivandi,
1306 2160 1455 2215 prout
1490 2151 1554 2199 ad

171 2225 377 2274 salutem
398 2227 566 2290 populi
600 2228 757 2275 visum
791 2229 902 2288 erit,
925 2229 976 2277 in
1001 2229 1100 2277 suis
1125 2228 1366 2285 dominiis,
1390 2234 1552 2291 potes-

171 2309 247 2349 tas
269 2300 483 2349 solorum
506 2317 678 2366 regum
699 2311 789 2351 oet.

239 2378 596 2439 Argumentum
614 2387 805 2427 sextum
825 2389 923 2435 est;
949 2380 989 2427 si
1003 2378 1394 2443 jurisdictionem
1414 2393 1552 2425 suam

160 2453 285 2516 jure
329 2451 496 2499 divino
531 2452 814 2501 immediato
850 2455 1064 2503 habeant
1104 2453 1335 2517 episcopi,
1373 2452 1555 2500 debent

174 2526 224 2574 id
258 2526 466 2590 probare
506 2542 565 2574 ex
599 2528 748 2577 verbo
782 2529 907 2585 Dei;
943 2530 1030 2578 sed
1067 2530 1160 2578 hoc
1197 2545 1297 2576 non
1331 2537 1552 2591 possunt.

174 2603 535 2665 Argumentum
559 2603 755 2665 quidem
777 2605 962 2654 bonum
988 2615 1078 2662 est,
1094 2621 1185 2653 nec
1205 2604 1465 2667 quicquam
1480 2604 1554 2652 di-

175 2693 282 2725 cam
297 2677 348 2724 in
365 2677 680 2726 contrarium.
717 2680 815 2729 Sed
831 2690 1173 2744 argumentum
1187 2679 1317 2727 idem
1331 2678 1556 2727 similiter

173 2751 366 2815 probat,
392 2753 534 2816 Papae
558 2752 650 2816 ipsi
672 2754 723 2802 in
746 2755 964 2805 dominio
988 2757 1146 2805 alieno
1164 2754 1553 2819 jurisdictionem

175 2826 358 2875 nullam
381 2843 486 2876 esse
507 2847 520 2881 ς
556 2844 714 2892 neque
739 2832 867 2879 enim
894 2832 943 2879 id
966 2832 1174 2896 probare
1198 2847 1256 2879 ex
1279 2831 1427 2879 verbo
1462 2830 1550 2880 Dei

174 2912 377 2967 possunt
400 2903 651 2967 pontificii.
