1968 3236
388 219 484 262 208
887 230 956 262 DE
985 229 1257 263 CIVITATE.

103 358 205 390 CAP,
225 359 353 392 xxvs.
389 339 551 397 turali,
572 355 680 402 quae
696 338 860 386 divina
884 339 1031 386 etiam
1056 348 1143 398 est,
1163 347 1218 387 ut
1240 341 1290 388 in
1316 340 1374 388 iis
1398 342 1634 400 omnibus,
1659 358 1767 405 quae

383 416 583 478 jusserit
608 414 794 472 civitas,
821 414 1005 462 civitati
1038 415 1334 474 obediamus,
1361 432 1634 479 quanquam
1669 433 1768 464 non

390 498 444 538 ut
469 490 737 537 credamus.
808 489 1016 537 Credere
1036 490 1164 537 enim
1188 491 1336 538 animi
1360 499 1496 539 aetus
1517 500 1605 550 est,
1620 509 1718 540 non
1737 509 1768 540 a

390 565 494 612 Deo
508 566 668 627 jussus
688 564 773 611 sed
791 563 963 623 factus,
984 581 1143 628 quem,
1165 565 1358 629 quando
1383 576 1432 614 et
1456 567 1628 630 quibus
1646 568 1764 626 vult,

388 640 519 687 Deus
543 640 627 687 dat
645 647 886 702 negatque
907 661 918 695 ;
956 648 1005 687 et
1023 657 1116 688 non
1142 642 1364 700 credere,
1388 643 1550 706 legum
1578 643 1767 691 divina-

387 732 495 762 rum
534 715 852 778 positivarum
898 716 1111 778 negatio,
1158 733 1257 764 non
1304 718 1622 780 transgressio
1669 725 1762 766 est.

388 791 603 849 Pactum,
629 790 762 853 quod
783 790 928 838 modo
965 792 1319 853 supernaturali
1352 808 1462 840 cum
1486 793 1763 841 Abrahamo

385 874 557 929 pactus
582 874 655 913 est
679 866 825 924 Deus,
850 865 945 913 tale
970 873 1040 913 est
1059 889 1070 921 ;
1089 866 1272 930 foedzcs
1297 883 1445 914 meum
1470 867 1600 915 inter
1624 885 1698 916 me
1716 875 1767 916 et

388 947 437 988 te
461 948 510 988 et
533 957 694 988 semen
719 947 847 988 tuum
860 947 984 1004 post
1008 948 1071 999 te,
1097 942 1233 1005 quod
1252 941 1534 1001 servabitis,
1559 943 1649 991 hoc
1674 951 1764 991 est.

389 1015 571 1063 Semini
607 1016 888 1073 Abrahami,
925 1015 1142 1063 nondum
1180 1016 1418 1073 existenti,
1453 1025 1649 1080 paetum
1671 1018 1765 1066 hoc

387 1091 656 1138 revelatum
677 1107 780 1138 esse
804 1107 904 1138 non
922 1091 1096 1153 potnit.
1148 1091 1311 1140 Quare
1327 1107 1442 1155 ergo
1460 1108 1549 1155 pro
1568 1092 1675 1156 lege
1694 1093 1767 1141 di-

385 1166 498 1213 vina
519 1166 699 1213 habere
724 1166 927 1229 obligati
952 1165 1151 1213 fuerunt
1179 1166 1412 1214 Israelitae
1436 1167 1487 1214 id
1519 1167 1651 1230 quod
1677 1184 1766 1231 pro

385 1242 492 1305 lege
518 1242 683 1290 divina
708 1243 767 1290 ab
792 1242 1071 1290 Abrahamo
1098 1243 1397 1290 declaratum
1421 1250 1507 1301 est,
1537 1243 1629 1291 nisi
1653 1244 1768 1307 quia

385 1317 436 1364 in
449 1317 573 1364 filios
594 1324 643 1364 et
658 1332 820 1364 servos
841 1333 950 1364 suos
970 1333 1206 1364 summam
1222 1317 1446 1365 habuerit
1461 1318 1766 1366 Abrahamus

384 1392 702 1455 potestatem?
729 1392 931 1450 RurSUS,
942 1392 1023 1439 ubi
1040 1393 1185 1450 Deus,
1196 1392 1255 1440 de
1272 1393 1548 1441 Abrahamo
1563 1393 1767 1456 loquens

387 1467 505 1515 dicit
529 1468 669 1529 (Gen.
690 1468 817 1515 xviii.
853 1473 926 1526 18,
955 1469 1059 1529 19):
1090 1468 1451 1516 Benedicendoe
1474 1469 1574 1516 sint
1603 1469 1652 1516 in
1678 1468 1767 1516 illo

386 1560 546 1592 omnes
571 1544 795 1592 nationes
812 1547 1000 1591 terme?
1038 1543 1151 1591 Seio
1167 1544 1307 1601 enim,
1328 1543 1463 1607 quod
1474 1550 1767 1608 proeceptu-

386 1635 473 1666 rus
489 1620 692 1681 sitfiliis
707 1620 826 1678 suis,
841 1626 890 1666 et
905 1619 1066 1666 domui
1083 1635 1180 1666 Suoe
1186 1625 1310 1682 post
1324 1635 1393 1676 se,
1411 1625 1463 1666 ut
1483 1618 1767 1666 custodiant

384 1695 511 1743 viam
525 1696 742 1754 Domini,
758 1702 807 1743 et
812 1695 1027 1758 faciant
1049 1694 1296 1757 judicium
1314 1700 1362 1740 et
1381 1693 1651 1756 justitiam,
1671 1700 1763 1740 etc.

384 1770 693 1818 manifestum
710 1778 782 1818 est
797 1770 1136 1824 obedientiam,
1147 1770 1424 1817 Abrahamo
1440 1785 1469 1816 a
1482 1767 1666 1816 familia
1679 1784 1765 1816 sua

385 1844 614 1905 debitam,
635 1846 920 1909 dependisse
945 1846 1006 1893 ab
1032 1845 1310 1893 obedientia
1333 1851 1444 1892 ante
1469 1844 1559 1907 ipsi
1585 1844 1763 1903 debita,

383 1927 438 1967 ut
474 1937 711 1969 summam
740 1921 940 1968 habenti
970 1921 1018 1967 in
1054 1921 1182 1983 ipsos
1217 1920 1342 1967 filios
1379 1926 1426 1966 et
1458 1935 1621 1967 servos
1652 1935 1765 1968 suos

383 2004 689 2058 potestatem.
761 1996 908 2044 Nulla
931 1996 1056 2043 enim
1076 1995 1271 2043 familiae
1295 1995 1425 2042 facta
1442 2001 1515 2041 est
1532 1994 1765 2042 revelatio

383 2070 561 2120 divina.
632 2073 688 2119 In
712 2079 927 2119 montem
953 2071 1084 2119 Sinai
1117 2071 1178 2118 ad
1202 2071 1358 2118 Deum
1394 2070 1613 2118 ascendit
1633 2070 1764 2118 solus

384 2147 547 2196 Moses
569 2169 580 2203 ;
616 2148 823 2211 populus
847 2163 908 2195 ne
932 2146 1218 2194 ascenderet
1239 2147 1416 2193 vetitus
1452 2153 1539 2203 est,
1566 2162 1627 2192 ne
1661 2161 1763 2194 mo-

385 2232 588 2271 reretur.
644 2223 963 2286 Obligabatur
983 2230 1158 2270 tamen.
1199 2221 1297 2268 Cur
1319 2220 1335 2268 ?
1373 2221 1502 2269 Quia
1526 2221 1616 2284 ipsi
1632 2221 1762 2270 Mosi

383 2298 708 2361 promiserant
730 2297 890 2345 facere
915 2297 1079 2344 omnia
1098 2312 1205 2359 quae
1223 2296 1498 2358 imperaret,
1515 2295 1760 2344 dixerant-

385 2390 496 2436 que,
523 2373 725 2438 loquere
749 2380 800 2421 tu
826 2372 1069 2421 nobiscum
1094 2379 1145 2419 et
1169 2371 1422 2419 audiemus
1442 2389 1459 2424 ;
1495 2371 1588 2418 secl
1606 2388 1667 2418 ne
1691 2370 1762 2419 lo-

384 2455 567 2514 quatur
591 2448 834 2497 nobiscum
857 2448 1010 2506 Dea-5,
1036 2453 1088 2494 ut
1113 2463 1205 2494 non
1229 2446 1509 2493 moriamur.
1558 2445 1631 2493 Ex
1657 2447 1764 2509 qui-

383 2525 475 2572 bus
491 2524 677 2572 duobus
691 2522 808 2571 locis
817 2522 932 2571 satis
948 2528 1152 2580 constat,
1163 2522 1213 2568 in
1230 2521 1361 2569 omni
1377 2521 1573 2568 civitate
1589 2521 1760 2581 civem,

385 2600 464 2648 cui
487 2616 586 2648 non
607 2600 669 2647 sit
682 2599 814 2647 facta
831 2598 1006 2646 divinae
1030 2597 1292 2644 voluntatis
1308 2595 1539 2643 revelat-io
1560 2604 1694 2644 certa
1713 2603 1763 2644 et

386 2674 682 2733 immediata,
693 2673 867 2721 debere
885 2689 973 2736 pro
991 2672 1243 2720 voluntate
1263 2671 1426 2718 divina
1443 2671 1630 2734 legibus
1649 2672 1763 2719 obe-

387 2750 490 2798 dire
511 2749 734 2798 civitatis.
788 2749 916 2797 Nam
936 2748 974 2796 si
992 2763 1080 2812 pro
1100 2746 1341 2796 mandatis
1363 2746 1454 2794 Dei
1472 2762 1558 2795 sua
1575 2746 1651 2794 vel
1666 2747 1762 2811 pri·

386 2834 610 2874 vatorum
634 2824 886 2873 hominum
911 2837 1309 2887 quorumcunque
1333 2821 1519 2870 somnia
1537 2828 1586 2869 et
1607 2821 1760 2886 phan-
