1968 3236
375 289 468 331 214
885 294 953 325 DE
982 292 1257 326 elvi'rA'rE.

102 433 356 466 mnxxvn.
445 407 739 463 Passionum,
775 421 883 468 quae
924 403 1127 451 crimina
1162 403 1501 466 potentissime
1539 403 1760 461 suadent,

118 493 309 558 n‹·-er÷n⁷1÷1-.1
379 491 491 531 sunt
511 483 606 540 ira,
627 480 863 537 avaritia,
885 487 1173 541 caeteraeque
1193 478 1487 541 cupiditates
1505 480 1763 527 vehemen-

117 573 308 622 pugnem
379 559 541 616 tiores,
568 557 651 604 sed
676 572 774 603 non
794 555 895 602 sine
914 571 1019 618 spe.
1090 554 1248 601 Nemo
1274 555 1405 602 enim
1431 557 1764 618 cujuscunque

118 616 352 686 QJXIKRZ'JKAEZ‘
379 634 494 682 boni
519 649 662 680 causa
676 632 858 679 crimen
874 630 1217 689 committeret,
1235 632 1371 693 cujus
1386 631 1613 694 potiundi
1629 646 1766 693 spem

379 710 580 756 haberet
603 707 800 754 nullam.
872 706 1076 752 Faciunt
1099 713 1265 753 autem
1290 722 1425 768 spem
1450 706 1648 764 divitiae,
1677 721 1766 768 po-

379 784 532 831 tentia
563 782 845 839 amicorum,
882 797 1002 828 aura
1039 780 1302 843 popularis,
1337 788 1386 828 et
1423 781 1603 844 effugia
1639 795 1767 843 quae-

381 874 586 921 cunque.
654 857 682 904 J
687 856 852 903 udices
876 863 925 903 et
948 863 1097 903 testes
1122 863 1503 919 corrumpuntur
1518 872 1548 904 a
1570 855 1767 904 divitiis.

383 936 578 983 Poenam
602 931 744 979 amici
765 931 1126 994 deprecantur;
1162 931 1309 978 etiam
1334 931 1596 995 aliquando
1631 946 1769 978 reum

381 1026 467 1074 per
497 1009 595 1055 vim
630 1008 857 1071 eripiunt.
927 1007 1082 1054 Favor
1105 1006 1273 1070 populi
1297 1006 1602 1070 impunitatis
1633 1022 1770 1070 spem

382 1104 411 1134 a
429 1083 738 1133 multitudine
754 1082 983 1140 ostendit,
1009 1098 1155 1145 quam
1178 1081 1341 1144 puniri
1361 1082 1464 1130 sine
1483 1082 1639 1130 multo
1658 1097 1770 1130 san-

383 1161 530 1225 guine
554 1159 747 1206 difficile
772 1165 860 1216 est,
876 1174 966 1205 nec
991 1157 1178 1205 civitati
1213 1165 1268 1205 ut
1290 1157 1556 1220 puniantur
1580 1173 1773 1221 semper

386 1236 595 1299 expedit.
682 1235 834 1281 Amor
863 1241 913 1281 et
953 1233 1212 1281 admiratio
1250 1234 1503 1297 sapientiae
1543 1234 1771 1297 propriae,

386 1311 499 1374 quia
540 1311 762 1373 plausum
803 1326 832 1357 a
876 1309 1189 1357 multitudine
1229 1310 1510 1372 hujusmodi
1550 1309 1774 1358 homines

388 1393 644 1449 expectare
669 1385 839 1442 solent,
862 1385 980 1432 facit
1002 1392 1058 1432 ut
1075 1392 1260 1432 temere
1275 1385 1539 1449 loquantur
1558 1385 1618 1433 de
1642 1392 1776 1433 statu

389 1471 437 1509 et
456 1461 691 1524 regimine
716 1461 925 1508 civitatis
946 1469 994 1508 et
1029 1461 1274 1524 religionis
1297 1461 1534 1524 publicae;
1569 1461 1621 1509 id
1644 1460 1780 1525 quod

390 1553 477 1600 per
509 1552 559 1584 se
597 1536 779 1583 crimen
811 1552 1056 1598 magnum,
1083 1544 1133 1584 et
1160 1553 1450 1600 magnarum
1483 1537 1778 1585 seditionum

393 1628 540 1659 causa
562 1611 952 1674 frequentissima
976 1620 1062 1659 est.
1138 1613 1328 1662 Quibus
1352 1619 1516 1661 autem
1540 1629 1632 1661 nec
1657 1611 1779 1661 divi-

394 1688 475 1734 tiae
499 1694 626 1745 sunt,
651 1703 741 1734 nec
766 1687 1156 1745 authoritaS‚11ec
1170 1689 1331 1751 gratia
1352 1688 1617 1752 popularis,
1641 1704 1778 1752 spem

396 1762 1050 1825 impunitatis‚praeterquam
1067 1763 1117 1811 in
1133 1764 1332 1811 latebris
1349 1772 1436 1812 aut
1449 1764 1580 1828 fugae
1599 1780 1778 1828 oppor-

394 1837 698 1896 tunitatibus,
716 1837 899 1885 nullam
923 1838 1120 1887 habent.
1181 1839 1382 1887 Initium
1413 1839 1609 1903 quidem
1629 1839 1779 1888 scele-

394 1929 502 1960 rum
526 1914 741 1960 omnium
765 1930 794 1960 a
817 1913 1162 1976 cupiditatibus
1194 1931 1298 1963 esse
1335 1915 1647 1964 manifestum
1671 1923 1778 1971 est;

395 1988 480 2035 sed
511 1988 603 2035 nisi
627 1988 926 2051 impunitatis
950 1991 1207 2039 antecedat
1234 2007 1358 2055 spes,
1395 2008 1645 2055 nunquam
1675 1991 1780 2040 fere

395 2064 458 2112 ad
472 2065 617 2111 finem
633 2064 981 2127 perducuntur.

463 2140 744 2188 Passionum
785 2149 947 2188 autem
989 2142 1204 2190 omnium
1243 2143 1669 2192 innocentissimus
1705 2150 1781 2191 est

396 2223 587 2270 metus;
625 2215 737 2272 imo,
762 2215 890 2262 solus
929 2223 1001 2263 est
1033 2217 1115 2279 qui
1147 2217 1369 2266 homines
1406 2235 1591 2278 omnes,
1613 2218 1783 2282 paucis

396 2290 610 2353 exceptis
636 2290 718 2352 qui
755 2290 1017 2338 excelsiore
1054 2292 1216 2341 animo
1242 2302 1356 2342 sunt
1381 2310 1527 2357 quam
1549 2302 1607 2343 ut
1627 2294 1782 2343 velint

397 2365 573 2412 debere
602 2365 785 2427 aliquid
815 2366 1082 2428 injustitiae,
1108 2385 1136 2415 a
1161 2370 1444 2418 criminibus
1473 2370 1782 2418 committen-

396 2440 469 2487 dis
493 2440 732 2503 prohibet.
803 2441 1076 2503 Aliquando
1110 2451 1274 2492 tamen
1306 2446 1357 2493 in
1382 2446 1568 2494 crimen
1592 2445 1783 2494 inducit

398 2516 543 2563 etiam
562 2524 732 2563 metus.

464 2591 721 2639 Actionem
762 2592 891 2639 enim
927 2608 1025 2642 non
1065 2594 1220 2642 omnis
1250 2605 1450 2644 excusat
1486 2604 1659 2655 metus,
1697 2596 1784 2646 sed

399 2666 591 2729 corpori
610 2674 800 2714 tantum
820 2683 907 2714 suo
928 2670 1188 2716 metuentis
1205 2691 1216 2724 ;
1242 2673 1380 2735 cujus
1396 2672 1691 2722 defendendi
1702 2674 1785 2737 jus

400 2741 659 2804 unicuique
680 2742 901 2789 naturale
927 2759 1117 2806 semper
1141 2756 1321 2795 manet.
1358 2748 1594 2797 Attamen
1617 2749 1659 2797 si
1674 2748 1784 2812 quis

400 2832 449 2862 se
495 2817 555 2864 ab
598 2817 793 2865 inimico
835 2834 921 2865 suo
963 2819 1179 2867 nondum
1220 2823 1534 2885 aggrediente
1575 2824 1785 2874 interfici

401 2891 660 2954 aliquando
684 2901 921 2954 metuens,
945 2905 1199 2959 metusque
1223 2898 1297 2945 sni
1329 2899 1644 2961 justissimam
1669 2914 1784 2949 cau-
