1968 3236
396 250 489 292 516
713 259 997 292 APPENDIX
1023 258 1095 291 An
1123 258 1461 292 LEVIATHAN.

394 387 494 419 non
514 387 620 418 eam
643 370 711 418 ita
734 368 1083 432 accipiendam,
1104 368 1240 431 quasi
1259 377 1387 417 esset
1410 370 1627 434 mysterii
1646 371 1774 419 tanti

396 446 571 494 idonea
594 445 882 509 explicati03
921 444 1006 492 sed
1035 451 1092 492 ut
1127 460 1222 507 qua
1254 445 1436 492 nullam
1471 453 1674 508 potuere
1697 447 1770 494 in-

396 522 559 571 venire
583 522 829 568 meliorem
851 541 861 575 ;
899 536 1066 567 omnes
1099 520 1227 566 enim
1251 520 1303 567 in
1326 536 1383 568 eo
1408 530 1773 581 consenserunt,

396 596 933 659 incomprehensibilem
954 611 1056 642 esse
1081 603 1306 642 naturam
1321 595 1426 654 Dei,
1443 604 1491 644 et
1504 597 1774 657 Trinitatis,

397 681 446 719 et
481 672 781 735 angelorum,
807 678 857 719 et
889 670 966 733 (ut
989 670 1127 719 addit
1150 671 1469 734 Athanasius)
1498 673 1673 722 animae
1696 690 1776 722 ra-

396 747 603 795 tionalis.

461 822 524 869 A.
562 822 686 869 Mihi
735 821 931 885 quidem
978 837 1075 868 non
1121 830 1254 869 recte
1300 822 1527 870 videntur
1567 824 1774 873 voluisse

396 898 679 962 mysterium
717 897 837 944 illud
877 896 1132 960 explicare.
1221 897 1353 945 Quid
1387 898 1517 946 enim
1539 899 1672 947 aliud
1704 908 1777 949 est

396 972 682 1036 mysterium
707 972 948 1035 explicare
968 988 1113 1035 quam
1137 971 1400 1032 destruere,
1434 973 1534 1022 sive
1559 990 1619 1022 ex
1650 992 1777 1040 mys-

397 1050 519 1096 terio
558 1049 717 1096 facere
757 1064 855 1096 non
891 1048 1210 1112 mysterium?
1297 1049 1438 1097 Fides
1475 1050 1619 1108 enim,
1659 1068 1776 1100 con-

396 1140 536 1172 versa
554 1124 604 1171 in
629 1124 896 1182 scientiam,
929 1124 1113 1183 interit,
1149 1125 1460 1172 manentibus
1494 1126 1596 1174 sola
1619 1143 1704 1190 spe
1727 1135 1778 1176 et

397 1200 646 1247 charitate.

462 1276 527 1323 B.
563 1275 748 1322 Lumen
780 1291 897 1338 ergo
934 1275 997 1323 de
1031 1274 1211 1323 lumine
1243 1275 1294 1322 in
1331 1276 1548 1340 symbolo
1576 1277 1778 1340 ponitur

395 1358 586 1399 tantum
616 1366 704 1414 pro
740 1350 982 1413 adjutorio
1016 1350 1130 1398 fidei
1165 1351 1353 1399 caeteris
1387 1351 1604 1400 articulis
1639 1352 1778 1400 adhi-

395 1426 583 1474 bendae.

463 1504 528 1550 A.
566 1501 798 1565 Sequitur
823 1501 1053 1564 deinceps
1077 1501 1310 1549 articulus
1334 1502 1416 1550 ille
1447 1519 1671 1566 magnus,
1696 1503 1780 1567 qui

398 1579 448 1625 in
473 1577 724 1625 ecclesiam
759 1576 1013 1640 antiquam
1052 1583 1128 1624 tot
1159 1577 1327 1625 turbas
1357 1577 1538 1637 intulit,
1563 1578 1707 1626 exilia
1729 1587 1780 1627 et

398 1653 674 1711 homicidia,
685 1651 1153 1700 consubstantialem
1167 1652 1336 1712 Patri,
1345 1669 1448 1718 per
1465 1670 1606 1718 quem
1619 1653 1780 1702 omnia

380 1729 542 1792 facta
565 1735 692 1775 sunt.

466 1803 530 1851 B.
566 1804 627 1851 Et
646 1803 842 1867 quidem
865 1802 1144 1851 verissimus
1180 1809 1269 1862 est,
1293 1803 1455 1851 verbis
1479 1803 1659 1867 apertis
1696 1804 1778 1852 de-

402 1879 612 1927 claratus
636 1896 665 1927 a
689 1880 737 1927 S.
757 1879 980 1927 Johanne
1000 1894 1035 1926 1.
1059 1885 1078 1926 l
1105 1898 1116 1926 :
1152 1878 1215 1927 In
1229 1879 1490 1944 principio
1513 1886 1628 1927 erat
1661 1880 1780 1928 Ver-

403 1953 525 2013 bum,
550 1961 600 2001 et
628 1954 834 2001 Verbum
858 1960 972 2001 erat
996 1954 1136 2018 apud
1156 1953 1331 2013 Deum,
1359 1961 1409 2002 et
1437 1954 1642 2003 Verbum
1665 1962 1781 2004 erat

399 2028 555 2077 DeuS.
622 2030 686 2077 Et
708 2030 848 2089 (vers.
875 2029 926 2090 3)
949 2047 959 2075 :
990 2028 1165 2077 Omnia
1179 2045 1280 2094 per
1298 2029 1458 2094 ipsum
1462 2030 1625 2093 facta
1647 2038 1777 2080 sunt.

464 2105 528 2152 A.
568 2105 700 2153 Quid
723 2105 1068 2152 intellexerunt
1083 2106 1250 2153 Patres
1273 2121 1362 2168 per
1395 2104 1599 2154 Verbum
1617 2109 1646 2154 2

464 2181 528 2229 B.
565 2181 738 2228 Filium
775 2181 867 2228 Dei
900 2181 1189 2239 naturalem,
1226 2181 1325 2228 sive
1359 2180 1581 2244 genitum
1604 2197 1635 2229 a
1657 2181 1777 2241 Deo,

398 2271 428 2302 a
450 2255 705 2318 principio,
730 2255 780 2302 id
804 2262 894 2314 est,
919 2255 979 2302 ab
1004 2263 1203 2304 aeterno.

465 2330 528 2377 A.
566 2330 816 2393 Numquid
853 2346 909 2378 eo
944 2330 1052 2378 loco
1098 2330 1304 2379 Verbum
1342 2331 1584 2394 significat
1607 2347 1778 2380 vocem

398 2403 623 2467 aliquam,
648 2413 704 2452 ut
727 2421 900 2452 sonum
923 2421 952 2452 a
975 2405 1079 2453 Deo
1103 2405 1379 2468 prolatum?

464 2479 529 2526 B.
567 2479 722 2527 Absit.
783 2480 948 2527 Patres
971 2479 1023 2527 id
1045 2481 1225 2543 passim
1248 2487 1443 2544 negant.

465 2553 526 2601 A.
566 2554 698 2602 Quid
721 2554 875 2616 ergo?
937 2554 1119 2602 Vocem
1139 2556 1397 2615 internam,
1417 2555 1558 2619 quale
1583 2563 1654 2604 est
1685 2556 1777 2605 Dei

399 2628 649 2675 decretum
674 2637 911 2677 aeternum
947 2629 1007 2677 de
1043 2631 1300 2679 condendo
1336 2631 1519 2679 mundo
1560 2640 1610 2680 et
1648 2632 1777 2680 redi-

396 2703 572 2750 mendo
590 2703 786 2751 homine
805 2703 822 2751 Ρ

464 2777 527 2824 Β.
568 2777 745 2826 Nescio
771 2778 831 2826 de
853 2779 945 2826 hac
970 2794 1022 2826 re
1049 2779 1166 2842 quid
1189 2781 1431 2829 senserint
1455 2781 1654 2837 Patres3
1690 2781 1776 2830 sed

398 2859 518 2912 puto
557 2852 663 2900 illos
703 2853 843 2901 aliter
880 2853 1099 2913 sensisse,
1137 2870 1199 2902 ne
1240 2855 1442 2903 nimium
1488 2856 1775 2904 accederent
