1968 3236
406 267 498 308 514
722 272 1008 306 APPENDIX
1034 270 1106 303 AD
1135 269 1473 303 LEVIATHAN.

174 407 275 439 cAp,
293 408 325 440 1,
404 392 499 443 tur,
525 384 595 431 ita
618 384 678 430 de
703 383 806 430 Deo
830 382 881 429 in
898 379 1165 443 Scripturis
1190 380 1350 428 Sacris
1369 380 1608 443 expressis
1630 379 1790 428 verbis

157 461 355 532 m
404 459 750 524 praedicantur.

162 534 283 575 Nice‘no.
473 534 537 582 A.
575 537 604 558 ‘⁶
621 532 691 580 Et
715 532 765 579 in
789 547 929 578 unum
948 530 1210 578 Dominum
1227 529 1397 578 Jesum
1421 530 1686 589 Christum,
1705 529 1754 577 F
1752 529 1793 578 i-

407 610 524 658 lium
555 608 658 656 Dei
692 606 1040 672 unigenitum.''
1110 606 1209 654 Cur
1246 622 1443 655 necesse
1484 614 1591 654 erat
1631 605 1793 653 dicere

407 684 723 749 unigenitum.

471 760 536 807 B.
575 759 703 808 Quia
722 764 862 806 erant
886 773 943 805 eo
959 764 1179 820 tempore
1197 757 1430 815 haeretici,
1449 757 1532 821 qui
1552 757 1796 805 docebant

408 835 657 882 Christum
693 849 794 880 non
829 848 931 880 esse
958 833 1132 880 Filium
1156 833 1248 881 Dei
1272 833 1510 896 genitum,
1536 832 1622 880 sed
1644 832 1796 896 adop-

406 911 587 964 tivum;
625 909 707 957 alii
748 909 895 957 etiam
936 916 1091 968 erant,
1135 909 1219 972 qui
1260 909 1504 957 docebant
1542 909 1796 956 Christum

407 986 501 1033 alio
527 1001 670 1033 sensu
704 985 755 1032 in
792 985 1057 1048 Scripturis
1094 985 1254 1033 Sacris
1283 985 1448 1033 vocari
1481 985 1656 1033 Filium
1687 984 1795 1044 Dei,

408 1078 553 1125 quam
579 1078 674 1124 quo
698 1061 866 1109 fideles
892 1077 1059 1109 omnes
1099 1061 1171 1109 ita
1207 1061 1516 1124 appellantur
1537 1079 1548 1108 ε
1587 1077 1698 1108 cum
1721 1066 1796 1108 ta-

407 1153 520 1184 men
542 1137 594 1184 in
619 1137 883 1200 Scripturis
910 1137 1070 1185 Sacris
1097 1152 1322 1200 expresse
1343 1144 1393 1184 et
1415 1135 1597 1200 passim
1617 1135 1798 1183 dicitur

406 1220 512 1261 tum
535 1213 743 1276 genitus,
767 1220 873 1260 tum
897 1212 1029 1261 Deus
1065 1229 1094 1261 a
1129 1213 1272 1261 Patre
1311 1220 1457 1260 natus
1497 1218 1610 1259 ante
1634 1212 1799 1259 omnia

407 1289 606 1344 secula3
657 1297 707 1336 et
743 1297 1005 1352 propterea
1039 1288 1173 1336 credi
1209 1288 1355 1336 debet
1397 1287 1647 1335 Christum
1693 1302 1797 1334 esse

407 1365 566 1412 Deum
591 1363 651 1411 de
675 1364 796 1422 Deo,
822 1365 1009 1412 Lumen
1026 1363 1087 1411 de
1111 1364 1335 1422 Lumine,
1360 1379 1530 1411 verum
1551 1363 1711 1411 Deum
1736 1361 1798 1410 de

407 1456 523 1488 vero
547 1440 668 1498 Deo,
693 1440 916 1503 genitum
940 1456 1040 1487 non
1062 1439 1263 1487 factum.

473 1515 540 1563 Α.
579 1515 818 1564 Quaenam
864 1523 940 1564 est
985 1514 1261 1563 differentia
1307 1514 1436 1562 inter
1478 1513 1703 1579 genitum
1747 1521 1798 1562 et

390 1590 597 1654 factum
614 1594 642 1639 ,9

476 1667 541 1714 B.
578 1666 670 1714 Per
691 1666 899 1730 factum
936 1665 1252 1728 intelligimus
1273 1665 1482 1729 factum
1519 1681 1550 1712 α
1587 1663 1698 1711 Deo
1735 1680 1798 1711 ex

408 1741 578 1799 nihilo,
599 1741 650 1789 id
674 1749 762 1800 est,
782 1747 1082 1789 creaturam.
1140 1741 1435 1804 Quanquam
1459 1739 1590 1787 enim
1613 1739 1799 1787 anima-

408 1817 475 1864 lia
507 1817 732 1864 dicantur
768 1824 816 1865 et
845 1825 1011 1865 creata
1034 1824 1083 1865 et
1105 1817 1299 1880 genita;
1340 1816 1536 1880 quando
1568 1815 1799 1864 dicuntur

410 1900 590 1950 creata,
628 1893 918 1956 intelligitur
962 1892 1084 1940 illud
1124 1909 1235 1940 cum
1272 1892 1508 1940 relatione
1545 1891 1608 1939 ad
1640 1891 1799 1939 Deum

411 1975 694 2026 creatorem,
720 1969 877 2032 quiin
902 1968 1035 2016 omni
1069 1984 1248 2032 genere
1282 1968 1495 2031 primum
1529 1982 1715 2015 marem
1750 1973 1799 2015 et

408 2043 658 2092 foeminam
683 2044 867 2092 creavit
885 2060 945 2092 ex
970 2051 1134 2092 creata
1166 2051 1312 2092 terra.
1385 2043 1483 2092 Sed
1507 2042 1701 2106 quando
1726 2042 1799 2090 di-

411 2120 538 2167 citur
561 2119 742 2167 animal
765 2135 867 2167 esse
891 2120 1113 2183 genitum
1150 2120 1362 2168 naturali
1401 2119 1565 2177 modo,
1592 2118 1799 2182 intelligi

413 2194 558 2242 debet
573 2211 685 2243 cum
703 2195 937 2243 relatione
958 2195 1021 2243 ad
1044 2195 1203 2258 prima
1227 2203 1407 2254 creata,
1432 2203 1488 2243 ut
1510 2194 1767 2243 materiam
1786 2214 1798 2250 ;

411 2276 462 2317 at
486 2270 681 2333 quando
706 2270 884 2318 dicitur
910 2270 1159 2318 Christum
1179 2286 1284 2318 esse
1307 2270 1543 2333 genitum,
1568 2269 1800 2333 intelligi-

413 2352 494 2392 tur
517 2345 737 2408 genitum
762 2346 824 2393 ab
848 2345 952 2408 ipso
978 2345 1082 2393 Deo
1107 2346 1250 2394 Patre
1275 2346 1335 2394 de
1354 2345 1560 2394 materia
1580 2345 1798 2409 virginis.

480 2421 542 2467 A.
581 2421 714 2469 Quid
729 2429 804 2469 est
819 2421 1040 2468 “Lumen
1057 2421 1119 2469 de
1128 2421 1334 2470 Lumine
1349 2422 1409 2470 .9”
1447 2422 1634 2469 Lumen
1652 2421 1799 2481 enim,

412 2502 468 2543 ut
499 2496 619 2543 mihi
652 2496 862 2553 videtur,
886 2496 1179 2559 phantasma
1210 2503 1299 2556 est,
1324 2513 1425 2545 non
1459 2512 1536 2545 res
1570 2497 1803 2545 existens.—

413 2571 634 2634 Exempli
672 2587 849 2625 causa;
887 2570 928 2618 si
962 2570 1089 2618 inter
1125 2572 1321 2620 oculum
1356 2580 1405 2620 et
1441 2571 1693 2620 candelam
1727 2572 1799 2620 vi-

413 2654 544 2694 trum
581 2653 782 2704 statuas,
821 2647 959 2709 cujus
1001 2647 1281 2709 superficies
1327 2663 1387 2695 ex
1432 2647 1597 2695 multis
1641 2647 1799 2711 planis

415 2729 606 2769 constat
641 2729 776 2769 certo
802 2721 948 2769 modo
974 2720 1236 2783 dispositis,
1260 2722 1426 2770 multae
1450 2722 1540 2770 tibi
1563 2721 1799 2770 videbun·

414 2804 494 2844 tur
518 2796 747 2845 candelae.
809 2796 999 2844 Scimus
1017 2790 1182 2843 tamen
1195 2797 1391 2845 unicam
1414 2797 1480 2846 ibi
1504 2813 1610 2845 esse
1632 2813 1798 2846 veram

416 2871 683 2930 candelam,
722 2879 770 2919 et
806 2870 1012 2934 proinde
1050 2879 1252 2919 caeteras
1299 2888 1467 2921 omnes
1513 2888 1648 2921 mera
1692 2889 1797 2922 esse

1933 2956 1968 2988 n
