1968 3236
523 260 593 293 DE
620 261 875 296 cwrrA'rE
902 262 1255 297 CHRISTIANA.
1470 255 1574 296 ’345

206 369 519 424 miraculum;
555 379 608 419 ut
623 388 652 419 a
676 373 812 420 Mose
836 383 1170 437 expectarunt,
1189 391 1285 423 non
1309 374 1464 422 solum
1488 389 1574 420 an-

206 451 400 507 tequam
416 445 612 494 obedire
630 447 899 507 voluerunt,
920 450 1004 497 sed
1022 450 1166 498 etiam
1183 457 1440 514 postquam
1459 449 1574 497 obe-

207 519 311 567 dire
334 535 385 567 se
404 521 711 584 obligassent.
750 523 899 587 Signa
922 533 1083 573 autem
1102 534 1152 573 et
1175 525 1406 573 miracula
1427 525 1573 572 finem

205 594 404 652 habent,
426 596 585 658 fidem
603 598 809 661 faeere,
845 615 943 647 non
968 600 1129 662 fidem
1155 616 1375 648 servare.
1443 599 1572 648 Nam

207 670 353 718 fidem
394 687 585 720 servare
627 674 907 737 obligantur
943 676 1163 724 homines
1205 676 1311 740 lege
1351 676 1574 724 naturali.

207 745 403 804 Verum,
428 747 469 794 si
492 763 691 796 summae
715 751 968 812 potestatis
987 767 1085 799 non
1109 751 1392 799 exercitium
1423 751 1577 799 consi·

209 819 548 881 deraverimus,
575 825 658 871 sed
671 826 765 888 jus,
785 826 963 874 mansit
987 842 1173 874 summa
1195 834 1409 890 potestas
1432 827 1578 874 etiam

211 904 330 945 tunc
364 898 414 945 in
438 914 626 947 summo
651 900 916 948 sacerdote.
989 902 1304 965 Quaecunque
1327 918 1444 965 ergo
1467 901 1581 950 obe-

213 971 394 1020 dientia
423 973 668 1036 judicibus
703 975 813 1033 illis,
838 977 920 1038 qui
944 993 973 1023 a
1010 977 1113 1024 Deo
1149 977 1211 1024 ad
1246 977 1579 1024 liberationem

208 1047 375 1118 populi
408 1049 479 1095 sui
519 1065 545 1096 e
578 1066 723 1097 manu
760 1051 972 1098 hostium
1013 1052 1393 1100 extraordinarie
1438 1051 1581 1100 electi

209 1132 363 1180 erant,
387 1125 603 1186 praestita
625 1124 786 1181 fuerit,
812 1123 860 1173 in
884 1136 1223 1190 arg-inuentum
1259 1127 1385 1175 trahi
1409 1136 1582 1175 contra

209 1199 382 1246 summi
407 1199 669 1248 sacerdotis
697 1216 932 1248 summam
964 1210 1257 1264 potestatem
1281 1218 1378 1250 non
1402 1209 1580 1265 potest,

209 1288 366 1336 neque
391 1273 440 1320 in
464 1275 607 1321 rebus
635 1275 858 1338 politicis,
884 1292 1040 1338 neque
1063 1277 1112 1324 in
1149 1276 1338 1324 divinis.
1409 1277 1580 1340 Neque

210 1348 338 1396 enim
358 1349 547 1411 judices
573 1350 657 1407 illi,
678 1366 834 1413 neque
859 1351 959 1414 ipse
981 1351 1174 1399 Samuel
1193 1352 1335 1399 aliam
1368 1359 1580 1415 potesta-

210 1431 310 1471 tem
333 1424 517 1482 habuit,
534 1441 678 1487 quam
698 1426 1128 1474 extraordinariam
1148 1435 1197 1475 et
1211 1428 1550 1491 temporariam
1567 1448 1579 1482 ;

210 1499 556 1563 obeditumque
581 1501 673 1548 illis
692 1509 795 1549 erat
818 1518 846 1550 a
870 1502 1063 1566 populo,
1088 1519 1186 1550 non
1211 1519 1271 1550 ex
1295 1502 1474 1560 debito,
1495 1501 1582 1549 sed

211 1590 271 1622 ex
307 1577 576 1623 reverentia
610 1592 753 1639 quam
786 1578 956 1639 genuit
992 1578 1040 1625 in
1072 1578 1166 1626 illis
1201 1578 1361 1641 gratia
1401 1578 1579 1636 divina,

209 1649 261 1698 in
283 1666 450 1698 eorum
473 1652 745 1714 prudentia,
769 1652 1070 1712 fortitudine,
1102 1653 1179 1701 vel
1210 1653 1456 1710 felicitate,
1482 1655 1580 1702 elu-

210 1740 422 1774 cescens.
460 1727 711 1775 Hactenus
735 1744 850 1791 ergo
870 1730 949 1792 jus
972 1729 1111 1777 civile
1135 1736 1184 1777 et
1199 1729 1580 1778 ecclesiasticum

212 1801 415 1850 extitere
442 1802 792 1866 inseparabilia.

277 1876 530 1925 Judicibus
564 1893 837 1927 successere
871 1895 1024 1943 reges,
1060 1889 1110 1928 et
1145 1880 1272 1927 sicut
1295 1888 1410 1928 ante
1434 1880 1484 1928 in
1508 1897 1582 1928 sa-

212 1950 503 2010 cerdotibuS‚
522 1953 594 2000 ita
614 1969 743 2001 nunc
766 1954 1034 2003 authoritas
1067 1963 1275 2018 utraque
1306 1955 1356 2003 in
1391 1955 1584 2019 regibus

212 2041 318 2074 esse
351 2027 514 2090 coepit.
583 2028 793 2091 Populus
827 2029 956 2077 enim
986 2030 1157 2093 jugum
1182 2030 1272 2078 Dei
1290 2032 1391 2094 jam
1416 2047 1583 2079 excus-

214 2108 406 2155 serant;
444 2101 665 2150 sacerdos
694 2119 906 2151 summus
936 2104 1093 2152 vicem
1116 2105 1207 2152 Dei
1241 2122 1340 2153 non
1380 2106 1584 2169 amplius

215 2175 458 2223 sustinuit.
527 2176 789 2226 Mutationi
823 2179 1071 2242 regiminis
1105 2180 1235 2228 Deus
1259 2181 1361 2244 ipse
1385 2196 1585 2228 consen-

216 2250 294 2298 sit.
329 2250 540 2298 Samueli
562 2252 768 2315 populus
797 2253 838 2312 (l
871 2254 997 2302 Sam.
1023 2255 1121 2302 viii.
1149 2257 1195 2318 5)
1230 2255 1444 2303 dixerat:
1480 2255 1585 2303 Fae

215 2323 355 2373 nobis
370 2340 537 2389 regem
554 2327 640 2390 qui
653 2343 740 2374 nos
745 2329 957 2390 judicet,
977 2346 1109 2378 more
1126 2331 1330 2378 omnium
1349 2331 1584 2394 gentium.

218 2399 430 2448 Samueli
453 2407 613 2447 autem
638 2401 768 2450 Deus
792 2403 914 2452 dixit
952 2411 1094 2465 (vers.
1119 2408 1173 2466 7)
1199 2425 1209 2452 :
1254 2405 1391 2453 Audi
1425 2421 1583 2453 vocem

207 2473 390 2539 populi
425 2474 475 2521 in
514 2475 729 2524 omnibus
754 2494 858 2542 quoe
889 2479 1150 2544 loquuntur
1186 2480 1310 2528 tibi:
1343 2496 1436 2527 non
1459 2480 1582 2527 enim

217 2557 268 2599 te
290 2549 589 2612 abjecerunt,
613 2552 707 2600 sed
725 2569 813 2609 me,
836 2571 896 2602 ne
918 2571 1117 2620 regnem
1141 2570 1291 2619 super
1314 2571 1412 2602 eos.
1460 2554 1582 2602 Cum

219 2640 337 2688 ergo
362 2624 520 2673 Deum
541 2626 747 2689 populus
781 2628 1064 2688 Iraeliticus,
1100 2630 1188 2678 sub
1219 2646 1314 2692 quo
1353 2645 1583 2692 regnave-

220 2707 332 2747 rant
353 2699 527 2747 summi
545 2701 832 2760 sacerdotes,
852 2705 1160 2767 rejecissent;
1185 2704 1388 2752 cessavit
1411 2702 1582 2751 autho-

221 2774 337 2822 ritas
359 2773 679 2833 sacerdotum,
704 2791 793 2824 nec
817 2794 874 2826 ex
902 2795 959 2827 eo
983 2787 1198 2843 tempore
1226 2779 1369 2827 aliam
1403 2779 1582 2827 habue-

220 2857 351 2908 runt,
369 2849 461 2897 uisi
483 2865 513 2898 a
534 2865 647 2912 rege
670 2851 980 2913 permissam;
1017 2870 1126 2917 quae
1148 2864 1293 2917 prout
1315 2869 1452 2917 reges
1468 2854 1583 2902 boni

1625 395 1727 428 CAP.
1746 395 1820 428 XL·

1630 450 1818 472 fi-—q-——s

1610 497 1654 525 De
1669 497 1738 534 jum
1757 497 1836 532 regni

1612 540 1666 568 Dei
1690 541 1721 568 in
1748 539 1838 568 Abra-

1608 583 1704 616 hnmo,
1734 582 1827 614 Mose.

1610 626 1731 654 summis
1748 634 1838 654 sacer-

1611 670 1736 702 dotibus,
1752 672 1781 697 et
1798 677 1838 696 re-

1610 713 1696 751 gibus
1716 711 1736 741 J
1739 712 1839 740 udaeoe.
