1968 3236
541 231 612 264 na
641 232 827 265 REGNo
854 233 1256 268 TENRBRARUM.
1493 224 1589 268 503

673 490 892 539 CAPUT
928 492 1129 540 XLVII.

219 613 283 647 DE
306 613 476 651 QUIBUS
501 614 713 650 QUAESTUI
742 615 963 648 FUERUNT
988 617 1113 649 ANTE
1145 617 1298 650 ch‘rAE
1323 616 1572 650 TENEBRAE.

202 714 286 763 ΒΕ
320 723 532 778 praetore
564 716 775 779 quodam
797 718 1018 766 Romano
1043 718 1209 765 Cassio
1232 717 1499 766 honorifice
1522 717 1591 766 lo-
1607 732 1710 765 CAP.
1726 731 1871 765 xtvn.

203 790 371 854 quitur
402 790 580 838 alicubi
606 792 803 839 Marcus
827 793 1015 851 Cicero,
1049 792 1183 856 quod
1219 793 1270 840 in
1307 792 1590 841 criminibus
1628 788 1834 863 m

203 865 570 928 cognoscendis,
595 867 678 913 ubi
701 867 1035 915 testimonium
1064 884 1163 916 non
1199 875 1306 916 erat
1341 867 1458 916 satis
1488 867 1591 931 ple·
1626 869 1825 941 ἓξὲξ-πω

201 956 336 999 num,
378 951 714 990 accusatorem
759 943 1063 1006 interrogare
1109 943 1281 991 solitus
1327 951 1470 1002 esset,
1512 943 1591 991 cui
1628 955 1714 984 dicto
1727 955 1863 983 tenebro-

202 1017 333 1065 bono
356 1017 473 1064 fecit
497 1033 638 1072 reus;
675 1017 725 1064 id
748 1026 837 1075 est,
862 1018 995 1081 quod
1018 1018 1223 1075 lucrum,
1250 1034 1395 1081 quam
1417 1026 1592 1081 poten-

202 1092 339 1150 tiam,
358 1102 444 1140 aut
468 1109 613 1155 quam
637 1093 780 1141 aliam
806 1110 910 1141 rem
934 1094 1168 1163 cupi'f-m,
1186 1093 1300 1141 inde
1325 1093 1592 1142 obtinuerit

202 1174 289 1215 aut
306 1169 666 1216 conservaverit
684 1176 771 1217 aut
793 1169 1137 1232 expectaverit.
1189 1169 1442 1218 Sentiebat
1460 1169 1592 1218 enim

202 1242 351 1291 homo
387 1243 602 1306 prudens
643 1245 823 1292 malum
863 1245 1016 1307 gratis
1057 1260 1161 1292 esse
1202 1244 1464 1302 neminem,
1506 1244 1593 1292 sed

201 1334 596 1381 unumquemque
618 1319 795 1377 facere,
812 1336 923 1383 quae
946 1320 1115 1368 volens
1137 1320 1271 1378 facit,
1286 1328 1489 1383 propter
1505 1320 1593 1368 ali·

203 1394 337 1458 quod
359 1395 542 1442 bonum
566 1395 672 1442 sibi.
744 1395 872 1443 Nam
908 1395 1039 1443 inter
1072 1403 1373 1458 praesumpta
1403 1395 1592 1443 nullum

202 1471 359 1533 majus
382 1478 472 1527 est,
489 1486 647 1534 neque
668 1470 800 1533 quod
822 1471 1079 1518 authorem
1105 1471 1320 1518 criminis
1344 1470 1415 1518 ita
1436 1470 1593 1519 mani-

200 1545 324 1593 feste
346 1546 525 1609 arguit,
552 1554 606 1593 ut
628 1561 658 1593 a
680 1546 882 1594 crimine
905 1546 1104 1594 utilitas.
1164 1546 1337 1609 Itaque
1360 1545 1592 1593 authores

203 1619 553 1678 doctrinarum,
595 1636 705 1683 quae
742 1621 1132 1668 Christianarum
1168 1621 1422 1668 civitatum
1455 1627 1593 1668 tran-

202 1695 492 1760 quillitatem
505 1697 609 1759 jam
627 1695 712 1743 diu
726 1696 1066 1754 turbaverunt,
1086 1695 1258 1744 eodem
1276 1695 1360 1743 illo
1378 1695 1592 1753 criterio,

204 1771 287 1819 cui
311 1770 450 1830 bono,
474 1771 891 1835 investigabimus.

270 1846 386 1895 Post
406 1846 815 1894 resurrectionem
841 1847 1115 1894 Servatoris
1139 1846 1310 1905 nostri,
1335 1861 1447 1893 cum
1467 1847 1594 1909 jam-

197 1922 303 1985 jam
337 1937 625 1970 ascensurus
664 1930 793 1970 esset
830 1923 882 1970 in
917 1922 1111 1980 coelum,
1136 1928 1432 1985 rogaverunt
1455 1921 1594 1969 illum

203 1997 414 2061 apostoli
449 1997 668 2046 dicentes
696 1999 829 2059 (Act.
848 1999 880 2046 i.
906 2002 953 2057 6,
980 1999 1032 2059 7)
1057 2017 1069 2046 :
1106 1997 1332 2055 Domine,
1357 2013 1466 2043 num
1501 1995 1594 2043 hoc

205 2078 425 2136 tempore
446 2073 684 2121 restitues
711 2089 919 2138 regnum
945 2071 1182 2121 Israeli?
1251 2071 1406 2119 Dia-it
1429 2076 1594 2118 autem

205 2146 279 2195 ad
298 2146 430 2204 illos,
453 2162 547 2195 non
583 2154 661 2195 est
695 2154 911 2196 vestrum
942 2163 1088 2195 nosse
1112 2154 1354 2210 tempora,
1379 2145 1482 2192 sive
1505 2160 1594 2208 op-

196 2222 540 2286 portunitates
562 2239 688 2286 quas
714 2223 873 2271 Pater
897 2224 946 2271 in
970 2239 1062 2270 sua
1089 2222 1249 2287 ipsius
1280 2220 1594 2268 authoritate

205 2296 400 2344 statuit.
470 2297 568 2346 Qui
602 2313 807 2361 regnum
839 2299 930 2346 Dei
954 2299 1236 2346 restitutum
1260 2296 1447 2353 dicunt,
1471 2303 1593 2343 tune

205 2388 318 2420 eum
357 2371 579 2420 Christus
609 2388 639 2420 a
673 2373 876 2422 mortuis
908 2373 1189 2430 resurrexit,
1214 2371 1294 2418 cui
1329 2369 1451 2418 bono
1475 2369 1594 2417 doc-

206 2447 387 2495 trinam
409 2447 537 2495 hanc
562 2446 799 2496 doctrinae
822 2448 916 2496 illae
945 2448 1067 2496 adeo
1093 2453 1462 2509 repugnantem,
1485 2453 1592 2492 tum

207 2522 413 2570 ecclesia
436 2522 671 2580 Romana,
696 2531 803 2570 tum
838 2522 1061 2571 nonnulli
1085 2522 1166 2568 alii
1189 2520 1336 2582 vulgo
1373 2518 1592 2567 docent?

210 2598 434 2661 Regnum
458 2597 549 2646 Dei
581 2597 861 2646 institutum
884 2606 990 2646 erat
1012 2598 1062 2645 in
1084 2595 1269 2645 Judaeis
1291 2610 1322 2642 a
1345 2594 1448 2643 Deo
1471 2595 1593 2658 ipso.

212 2674 269 2721 In
304 2688 362 2720 eo
396 2680 691 2735 potestatem
726 2671 776 2719 in
811 2681 943 2721 terra
976 2687 1214 2721 summam
1249 2669 1459 2717 babebat
1481 2676 1595 2732 post

207 2749 398 2796 Mosem
423 2748 604 2805 Aaron,
628 2755 678 2795 et
701 2755 811 2810 post
834 2749 1080 2796 Aaronem
1115 2745 1279 2793 caeteri
1314 2744 1593 2792 sacerdotes

206 2823 398 2882 summi,
424 2838 512 2871 suo
536 2822 740 2885 quisque
763 2830 999 2887 tempore.
1066 2823 1194 2879 Jam,
1216 2820 1446 2883 quoniam
1482 2835 1591 2883 reg-
