1910 3236
643 286 712 319 ne
740 285 982 319 nomme.
1433 272 1498 314 93

121 401 409 451 ceremoniae
433 399 929 462 alieuipraetermissae
947 399 1259 462 imputarent.
1315 395 1501 444 Quam·
1546 416 1649 448 eff,
1667 415 1750 447 xu.

122 493 268 542 quam
293 485 455 525 autem
480 474 609 560 apud
627 475 872 522 Romanos
891 491 921 520 v
924 481 1080 522 eteres
1099 487 1368 535 eanegare,
1393 487 1501 535 quae
1541 470 1745 546 „W

123 553 185 602 de
206 552 396 617 gaudiis
414 559 464 599 et
477 551 632 614 poenis
656 559 767 614 post
790 551 917 598 hanc
932 550 1080 597 vitam
1101 565 1131 596 a
1147 547 1305 612 poetis
1323 547 1505 611 scripta

123 636 280 687 erant,
303 644 402 676 non
435 626 790 691 prohiberetur,
816 635 865 673 et
897 625 1038 673 multi
1078 623 1243 687 magni
1279 622 1507 687 gravissi-

125 704 288 768 mique
309 702 399 750 viri
437 718 494 749 ea
527 702 720 765 publice
756 701 1050 758 deriderent,
1075 699 1195 747 fides
1224 708 1391 747 tamen
1424 698 1508 746 illa

125 779 281 843 magis
304 794 451 842 quam
475 777 721 825 contraria
744 792 933 840 semper
956 777 1191 824 alebatur.

193 855 284 902 Per
305 853 394 901 has
425 852 698 915 similesque
731 852 1076 910 institutiones,
1100 850 1163 898 ad
1181 851 1328 898 finem
1351 864 1507 907 snum,

125 946 301 994 nempe
334 944 506 993 pacem
540 928 766 983 civitatiS,
790 928 883 975 hoc
906 928 1077 975 saltem
1100 926 1431 983 obtinuerunt,
1455 931 1511 972 ut

125 1005 335 1071 populus
354 1003 655 1052 calamitates
679 1019 790 1051 suas
822 1003 974 1051 errori
998 1002 1143 1050 alicui
1167 1002 1242 1049 vel
1266 999 1511 1064 neglectui

128 1081 180 1130 in
203 1079 406 1144 agendis
430 1079 595 1135 sacris,
613 1078 689 1126 vel
708 1078 917 1142 propriis
935 1078 1098 1141 legum
1115 1075 1513 1140 transgressioni-

126 1156 220 1205 bus
242 1155 530 1211 attribuens,
556 1154 715 1201 minus
750 1161 922 1201 contra
952 1161 1165 1200 rectores
1202 1167 1315 1199 suos
1339 1151 1514 1198 incita-

130 1238 281 1289 retur,
303 1230 431 1278 ludis
455 1229 740 1292 pompisque
764 1228 953 1276 dierum
977 1227 1211 1275 festorum
1236 1233 1513 1274 contentus.

132 1307 320 1370 Itaque,
346 1321 408 1353 ne
433 1313 614 1352 statum
632 1305 965 1361 conturbaret,
980 1303 1116 1351 nulla
1137 1318 1190 1350 re
1209 1310 1389 1365 praeter
1412 1301 1515 1349 dies

131 1382 281 1430 festos
305 1389 354 1429 et
377 1396 555 1444 panem
578 1379 878 1442 indigebant.
928 1380 1136 1427 Omnem
1155 1378 1306 1441 igitur
1322 1377 1518 1440 religio-

132 1473 247 1506 nem
280 1456 506 1514 Romani,
531 1463 773 1503 terrarum
806 1455 908 1502 fere
943 1454 1159 1502 omnium
1184 1452 1384 1511 domini,
1409 1467 1519 1515 quae

133 1548 235 1581 non
250 1531 464 1586 habebat
481 1530 665 1594 aliquid
682 1531 732 1578 in
749 1546 800 1578 se
819 1530 1045 1594 regimini
1060 1529 1190 1577 civili
1204 1528 1519 1585 contrarium,

133 1607 277 1656 facile
315 1606 622 1661 tolerabant3
658 1621 818 1669 neque
852 1606 999 1653 ullius
1039 1605 1201 1669 gentis
1231 1604 1522 1667 religionem

138 1683 309 1732 Romae
322 1682 524 1730 vetitam
544 1697 648 1730 esse
665 1682 871 1745 legimus
884 1689 1211 1745 praeterquam
1218 1681 1248 1728 J
1251 1680 1521 1737 udaeorum,

138 1757 240 1822 qui,
264 1773 377 1806 cnm
410 1765 574 1805 essent
596 1756 886 1820 jamdudum
918 1757 1007 1804 sub
1031 1772 1237 1819 regnum
1262 1755 1370 1813 Dei,
1394 1770 1524 1802 mor-

139 1833 229 1882 tali
263 1832 370 1896 regi
394 1832 592 1880 obedire
608 1832 831 1880 illicitum
856 1848 959 1880 esse
984 1830 1312 1880 crediderunt.
1384 1830 1526 1878 Patet

140 1923 260 1972 ergo
282 1906 572 1970 religionem
599 1906 729 1970 apud
750 1906 972 1955 ethnicos
1006 1906 1191 1970 politiae
1214 1921 1316 1954 suae
1333 1914 1526 1971 partem

140 1982 304 2031 fuisse.

210 2057 308 2106 Ubi
331 2072 446 2105 vero
469 2073 558 2120 per
580 2057 927 2105 revelationem
950 2057 1367 2120 supernaturalem
1389 2055 1528 2119 plan-

142 2132 267 2181 tavit
301 2132 588 2196 religionem
626 2133 774 2190 Deus,
799 2133 865 2180 ibi
897 2133 1044 2180 etiam
1066 2148 1272 2196 regnum
1296 2132 1388 2180 sibi
1412 2148 1527 2179 con-

145 2207 270 2256 didit
302 2207 575 2272 peculiare;
613 2208 917 2271 subditisque
954 2209 1053 2255 suis
1087 2208 1219 2272 leges
1252 2207 1404 2265 dedit,
1429 2223 1529 2254 non

145 2282 293 2332 modo
325 2283 456 2331 circa
493 2283 655 2331 officia
689 2299 858 2331 eorum
881 2299 998 2347 erga
1022 2283 1249 2347 seipsum,
1274 2283 1359 2331 sed
1382 2282 1530 2329 etiam

147 2374 266 2423 erga
287 2373 339 2406 se
362 2358 585 2407 invicem.
657 2358 974 2406 Manifestum
1015 2374 1135 2421 ergo
1175 2366 1249 2406 est
1289 2358 1340 2405 in
1378 2373 1529 2420 regno

148 2434 241 2483 Dei
257 2433 476 2498 politiam
492 2442 544 2482 et
561 2434 693 2497 leges
713 2434 877 2482 civiles
892 2450 1060 2482 omnes
1074 2434 1323 2497 religionis
1341 2440 1531 2495 partem

148 2524 283 2564 esse;
317 2507 525 2572 ideoque
548 2508 911 2557 distinctionem
946 2508 1148 2556 dominii
1179 2506 1459 2570 temporalis
1482 2514 1533 2553 et

149 2584 414 2649 spiritualis
445 2584 496 2632 in
530 2600 683 2648 regno
717 2585 808 2633 Dei
831 2584 1016 2632 nullam
1048 2583 1213 2631 fuisse.
1283 2583 1415 2630 Deus
1438 2589 1535 2628 ter-

150 2676 316 2710 rarum
341 2659 538 2723 quidem
551 2660 769 2708 omnium
792 2675 878 2707 rex
896 2667 998 2713 est;
1035 2658 1103 2706 nil
1122 2666 1286 2705 tamen
1306 2655 1535 2719 prohibet

154 2736 272 2800 quin
294 2735 455 2799 gentis
478 2734 682 2799 alicujus
699 2734 933 2799 peculiari
947 2733 1094 2781 modo
1118 2749 1204 2780 rex
1222 2747 1327 2779 esse
1351 2730 1533 2794 possit;

154 2810 289 2860 nulla
310 2810 439 2859 enim
457 2810 568 2859 istic
585 2811 920 2874 incongruitas
942 2817 1031 2857 est.
1100 2807 1271 2855 Totius
1294 2806 1537 2854 exercitus

156 2887 436 2950 imperator,
451 2885 742 2949 peculiarem
767 2893 931 2933 tamen
956 2884 1045 2931 sibi
1070 2883 1249 2930 habere
1272 2889 1437 2945 potest
1456 2897 1537 2929 co-
