1910 3236
644 263 714 296 ΒΕ
745 263 987 297 ΗοΜιΝΕ.
1439 250 1502 302 79

115 375 277 424 tiones
313 373 615 432 excitandas,
658 384 707 422 et
746 375 810 422 ad
850 391 1020 423 causas
1060 390 1230 423 eorum
1271 373 1500 428 alendas;
1556 394 1660 427 cAp.
1678 393 1744 426 χι.

3 462 6 470 ’
114 450 232 514 quia
253 450 358 498 sine
380 450 455 498 his
479 449 702 497 militaris
723 450 880 513 gloria
902 451 1037 499 nulla
1059 458 1148 499 est.
1522 448 1750 516 „em

183 525 436 590 Cupiditas
463 525 777 573 scientiarum
811 526 1043 590 pacisque
1077 525 1257 574 artium
1288 523 1504 589 disponit
1519 539 1634 559 mmm

113 600 181 649 ad
211 600 482 665 parendum
516 601 751 665 potentiae
787 602 1063 657 communi;
1112 601 1333 649 continet
1373 600 1504 648 enim

115 675 436 741 cupiditatem
453 676 557 734 otii,
577 676 709 740 quod
732 677 835 724 sine
858 677 1094 740 potentiae
1118 676 1289 725 alienae
1310 683 1503 740 protec-

114 753 250 802 tione
271 752 441 800 haberi
464 767 565 799 non
589 759 768 815 potest.

182 828 337 876 Amor
379 826 538 875 laudis
585 827 800 891 disponit
846 828 910 876 ad
957 828 1174 876 actiones
1220 826 1504 884 laudabiles,

117 904 288 968 quales
301 903 556 967 placiturae
574 904 669 951 illis
687 913 816 963 sunt,
836 920 1043 968 quorum
1061 903 1302 971 judicium
1321 902 1508 966 magni·

114 979 322 1028 facimus
342 1000 356 1034 ;
391 995 599 1042 quorum
636 988 805 1027 autem
850 995 1098 1043 personas,
1144 995 1312 1027 eorum
1359 978 1506 1026 etiam

0 1078 6 1111 f
114 1054 284 1103 landes
308 1055 598 1118 spernimus.
635 1055 826 1118 Cupido
840 1055 986 1103 famae
1000 1062 1113 1119 post
1135 1062 1360 1113 mortem,
1376 1054 1507 1102 idem

115 1130 252 1180 facit.
324 1131 619 1194 Quanquam
643 1131 772 1179 enim
796 1139 906 1194 post
930 1139 1139 1178 mortem
1162 1130 1330 1178 laudes
1352 1130 1507 1178 homi-

0 1238 7 1270 2
116 1222 235 1255 num
259 1221 358 1254 non
393 1206 645 1264 sentimuS,
669 1214 725 1255 ut
760 1222 870 1270 quae
900 1206 1081 1268 gaudia
1116 1213 1230 1254 sunt
1252 1206 1314 1254 ab
1338 1205 1507 1254 ineffa-

0 1279 18 1327 ἶ
116 1281 296 1330 bilibus
318 1280 510 1344 gaudiis
533 1282 779 1345 absorpta,
798 1282 875 1329 vel
895 1282 956 1329 ab
980 1281 1307 1330 indicibilibus
1326 1281 1508 1330 dolori-

22 1370 34 1375 ”
117 1356 211 1404 bus
235 1356 481 1410 extincta;
517 1371 643 1403 vana
665 1363 831 1404 tamen
854 1372 954 1404 non
978 1364 1068 1415 est,
1093 1356 1207 1419 quia
1228 1357 1360 1405 fama
1380 1373 1507 1420 prae-

6 1463 8 1466 >
116 1432 222 1480 visa
259 1447 349 1495 per
384 1446 437 1479 se
475 1431 654 1494 placet,
693 1440 843 1495 atque
880 1432 1028 1480 etiam
1068 1432 1266 1496 insuper
1304 1439 1507 1496 propter

23 1541 25 1543 ·
115 1506 302 1556 bonum
323 1506 388 1555 ad
409 1507 748 1570 posteritatem
761 1507 877 1556 inde
896 1507 1302 1556 redundaturum.
1372 1507 1504 1555 Nam

117 1582 213 1631 etsi
235 1583 330 1631 hoc
353 1583 592 1641 nesciant,
612 1583 944 1646 imaginantur
960 1591 1156 1638 tamem
1193 1583 1326 1647 quod
1343 1590 1508 1631 autem

32 1660 35 1661 ⁷
116 1659 170 1707 in
194 1657 451 1707 sentiendo
473 1658 651 1721 placet,
673 1659 836 1722 placet
858 1659 1007 1707 etiam
1030 1659 1082 1707 in
1105 1659 1474 1723 imaginatione.

26 1779 27 1782 ,
185 1734 378 1798 Majora
395 1749 426 1781 a
446 1733 648 1797 paribus
664 1734 799 1782 bona
812 1734 1075 1798 accepisse,
1095 1751 1242 1798 quam
1257 1750 1509 1798 speramus

116 1825 261 1874 posse
296 1809 584 1868 retribuere,
609 1809 828 1872 disponit
861 1810 926 1857 ad
960 1809 1128 1858 odium
1161 1818 1421 1868 secretum,
1445 1810 1510 1858 si-

19 1930 25 1939 ,
117 1883 318 1948 mulque
334 1899 550 1932 amorem
570 1885 763 1939 fictum;
797 1883 1015 1947 facitque
1029 1885 1279 1933 hominem
1302 1885 1510 1933 similem

117 1959 372 2018 debitoris,
392 1959 476 2023 qui
499 1975 600 2008 non
623 1968 699 2008 est
722 1960 958 2008 solvendo
977 1981 990 2015 ;
1025 1977 1141 2008 nam
1162 1961 1273 2009 talis
1295 1977 1510 2024 praesen-

32 2079 46 2090 .
118 2036 240 2085 tiam
259 2036 518 2085 creditoris
535 2036 658 2095 odit,
672 2043 910 2101 optatque
933 2037 1072 2085 illum
1090 2037 1270 2086 tacitus
1293 2037 1362 2085 ibi
1386 2053 1507 2096 esse,

18 2118 51 2157 Ἴ,
117 2113 203 2161 ubi
224 2113 380 2161 videri
402 2112 608 2176 amplius
630 2129 731 2161 non
753 2113 922 2176 possit.
967 2113 1213 2161 Beneficia
1236 2113 1368 2161 enim
1390 2113 1510 2161 obli-

44 2202 46 2204 ·
118 2196 269 2254 gant;
305 2188 540 2252 obligatio
576 2196 741 2236 autem
775 2189 1026 2237 servitudo
1056 2198 1164 2244 est;
1201 2197 1251 2237 et
1273 2188 1508 2252 obligatio

39 2302 43 2318 ‚
118 2264 389 2313 insolubilis
412 2264 662 2313 servitudo
684 2278 939 2328 perpetua.
999 2265 1191 2314 Servire
1214 2273 1379 2313 autem
1402 2264 1509 2328 pari

27 2359 51 2398 ς
117 2340 342 2389 odiosum
364 2348 455 2388 aet.
492 2340 739 2388 Beneficia
760 2350 926 2389 autem
948 2349 1152 2405 accepta
1174 2342 1236 2389 ab
1260 2357 1336 2398 eo,
1361 2356 1508 2403 quem

28 2415 59 2475 ξε
118 2415 427 2480 agnoscimus
444 2415 758 2479 superiorem,
784 2417 1000 2480 disponit
1022 2417 1086 2465 ad
1108 2433 1324 2465 amorem
1345 2437 1356 2471 ;
1393 2414 1510 2479 quia

35 2504 61 2558 ,j
118 2490 355 2555 obligatio
387 2491 496 2540 haec
536 2491 783 2556 deproesio
819 2508 948 2541 nova
981 2509 1081 2541 non
1116 2500 1221 2540 est:
1258 2491 1406 2539 etiam
1428 2506 1509 2538 ac-

31 2560 54 2607 ‘ss
119 2566 334 2630 oeptatio
375 2574 534 2631 grata,
575 2583 686 2631 quae
731 2568 1031 2632 obligantem
1076 2583 1268 2631 semper
1307 2566 1508 2629 obligat,

28 2659 48 2705 4,
118 2641 330 2691 habetur
362 2643 543 2706 ubique
573 2659 665 2707 pro
689 2643 1029 2692 retributione.
1101 2642 1348 2691 Beneficia
1370 2656 1511 2689 acce-

117 2716 251 2781 pisse
273 2716 336 2765 ab
358 2718 535 2781 aequali
556 2718 635 2766 vel
658 2718 807 2766 etiam
830 2719 891 2767 ab
911 2719 1157 2777 inferiore,
1177 2718 1292 2765 dum
1307 2732 1419 2780 spes
1436 2723 1511 2765 aet

121 2792 440 2850 retribuendi,
464 2793 679 2857 disponit
707 2793 772 2841 ad
808 2810 1038 2842 amorem.
1108 2791 1357 2856 obligatio
1380 2792 1511 2839 enim

122 2874 198 2916 est
217 2867 336 2915 boni
361 2868 546 2924 mutui;
581 2869 713 2917 unde
737 2869 895 2917 oritur
917 2867 1183 2932 aliquando
1198 2868 1249 2915 in
1269 2867 1512 2917 benefaci-
