1968 3236
473 221 543 255 DE
571 222 760 256 REGNo
787 221 1190 256 TENERRARUM.
1423 210 1522 265 461,

137 335 214 395 iis,
233 334 316 398 qui
340 333 534 382 Christo
553 334 863 393 adstiterunt,
878 335 1024 382 etiam
1044 351 1175 383 nunc
1193 334 1357 382 vivere
1380 348 1525 396 super
1542 354 1643 386 cm»,
1661 352 1787 385 κων,

139 419 338 469 terram,
362 409 439 457 vel
462 426 668 473 reguum
694 411 782 458 Dei
819 427 922 459 esse
958 411 1007 458 in
1038 411 1132 459 hoc
1155 409 1354 459 mundo.
1426 407 1524 456 Sed

139 485 276 535 locus
297 485 421 533 alius
445 494 520 533 est
551 486 600 533 in
637 487 933 534 contrarium
974 503 1073 535 non
1106 487 1265 534 minus
1299 485 1522 533 difficilis.

141 561 264 610 Cum
305 561 436 609 enim
476 562 686 624 apostoli
731 571 840 625 post
887 563 1289 610 resurrectionem
1326 560 1523 619 Christi,

141 652 254 685 cum
272 636 374 700 Jam
399 637 450 684 in
479 637 656 685 coelum
687 654 975 686 ascensurus
1010 646 1153 696 esset,
1179 638 1426 686 Christum
1449 636 1524 684 in-

140 720 530 776 terrogaverunt,
559 713 690 772 (Act.
711 713 742 760 i.
769 715 847 774 16)
872 713 1115 761 dicentes:
1152 713 1379 771 Domine,
1402 712 1449 758 si
1474 712 1524 758 in

142 794 364 853 tempore
387 787 479 835 hoe
508 789 745 836 restitues
781 805 987 853 regnum
1021 789 1239 836 Israel?
1274 786 1525 851 respondit

140 863 236 912 illis
263 863 409 925 (vers.
436 867 482 921 7,
509 864 559 923 8)
589 863 818 911 Servator
842 871 1034 911 noster:
1072 863 1185 911 Non
1211 871 1288 910 est
1312 869 1526 910 vestrum

138 955 288 991 nosse
311 945 537 1002 tempora
562 939 641 985 vel
676 947 914 986 momenta
950 955 1058 1003 quae
1085 939 1241 986 Pater
1271 939 1447 1003 posuit
1475 938 1524 985 in

142 1030 235 1062 sua
266 1019 558 1078 potestate:
600 1014 694 1062 sed
727 1014 993 1078 accipietis
1027 1014 1256 1061 virtutem
1293 1029 1526 1077 superve-

143 1089 328 1138 unientis»
353 1088 579 1152 Spiritus
598 1090 772 1137 Sancti
796 1090 845 1136 in
872 1107 970 1147 ros,
994 1089 1214 1155 egeritis
1231 1088 1350 1136 mihi
1374 1094 1527 1135 testes

143 1165 196 1214 in
227 1163 526 1223 Jerusalem,
563 1171 611 1211 et
638 1165 687 1212 in
713 1165 842 1212 omni
865 1164 1074 1224 Judoea'j
1105 1172 1154 1212 et
1191 1164 1441 1222 Samaria,
1467 1171 1528 1211 et

144 1256 296 1304 usque
318 1240 391 1287 acl
425 1239 643 1287 ultimum
678 1247 827 1289 terrce
842 1260 860 1296 ;
897 1241 948 1288 id
971 1250 1060 1299 est,
1086 1244 1116 1266 “
1135 1257 1341 1304 regnum
1367 1256 1526 1287 meum

143 1315 364 1365 nondum
388 1315 537 1374 venit,
561 1332 652 1363 nec
686 1316 955 1379 praescietis
990 1332 1078 1366 vos
1119 1316 1315 1380 quando
1338 1316 1526 1370 veniet3

143 1392 309 1439 veniet
331 1391 460 1439 enim
485 1391 611 1439 sicut
634 1391 713 1439 fur
736 1399 886 1439 noctu
906 1413 918 1447 ;
954 1391 1039 1439 sed
1062 1392 1371 1455 superveniet
1393 1391 1529 1439 vobis

146 1467 355 1532 Spiritus
380 1467 548 1514 Sancti
566 1467 736 1525 virtus,
761 1482 850 1530 per
874 1483 1019 1530 quam
1053 1467 1402 1530 praedicatione
1425 1482 1530 1514 ves-

145 1550 225 1592 tra
264 1542 599 1591 testimonium
634 1542 808 1590 dicetis
843 1542 903 1590 de
940 1543 1297 1591 resurrectione
1327 1559 1450 1600 mea,
1482 1551 1530 1590 et

143 1618 205 1667 de
228 1618 457 1682 operibus
494 1618 630 1677 meis,
666 1626 715 1666 et
752 1618 813 1666 de
851 1618 1077 1666 doctrina
1118 1635 1265 1682 quam
1290 1618 1450 1676 docui,
1474 1626 1531 1665 ut

145 1693 351 1742 credant
386 1694 438 1741 in
470 1709 546 1741 me
580 1694 818 1752 homines,
843 1701 894 1741 et
916 1693 1066 1741 vitam
1101 1703 1334 1742 aeternam
1357 1709 1531 1757 expec-

145 1776 255 1818 tent
278 1784 390 1817 cum
418 1768 657 1816 rediero.”
728 1768 988 1818 Quomodo
1029 1769 1136 1817 haec
1172 1785 1283 1817 cum
1318 1769 1531 1817 adventu

146 1844 289 1909 regni
330 1843 510 1892 Christi
547 1844 598 1891 in
634 1843 816 1892 Christi
854 1845 1208 1893 resurrectione
1242 1852 1531 1908 congruant,

147 1935 248 1968 non
287 1919 462 1967 video:
509 1935 669 1983 neque
709 1935 821 1967 cum
862 1935 920 1967 eo
961 1919 1094 1983 quod
1128 1919 1247 1968 dicit
1282 1921 1330 1968 S.
1357 1920 1532 1968 Paulus

154 1998 201 2058 (1
230 1995 400 2044 Thess.
424 1994 456 2043 i.
481 1999 531 2054 9,
568 1995 646 2056 10)
667 2013 679 2041 z
716 1995 942 2042 conversi
964 1994 1089 2042 estis
1112 1994 1184 2042 ad
1204 1995 1364 2043 Deum
1399 2013 1430 2042 a
1463 1995 1532 2042 si-

151 2069 405 2128 mulacris,
433 2070 624 2117 servire
647 2071 757 2117 Deo
792 2069 900 2117 vivo
938 2076 987 2117 et
1020 2086 1152 2126 vero,
1177 2077 1228 2117 et
1262 2077 1534 2135 expectare

136 2144 307 2208 filium
342 2146 449 2207 qius
486 2144 550 2192 de
586 2145 754 2200 coelis;
790 2146 874 2193 ubi
911 2153 1168 2209 expectare
1200 2146 1449 2193 Christum
1473 2145 1533 2193 de

155 2218 307 2278 ooelis,
346 2219 476 2267 idem
522 2226 597 2267 est
641 2219 774 2283 quod
819 2228 1076 2284 expectare
1122 2221 1384 2268 adventum
1429 2222 1532 2284 ejus

156 2294 208 2343 in
229 2295 486 2358 majestate
505 2295 784 2358 regnaturi3
821 2295 954 2359 quod
983 2296 1324 2353 necessarium,
1349 2295 1389 2343 si
1425 2311 1534 2359 reg-

155 2385 276 2418 num
310 2370 414 2433 ejus
447 2370 549 2432 jam
584 2378 699 2418 ante
732 2371 918 2430 aderat,
955 2387 1055 2418 non
1079 2371 1263 2419 fuisset.
1333 2371 1534 2430 Rursus,

158 2444 200 2493 si
222 2459 429 2509 regnum
459 2444 551 2492 Dei
584 2445 843 2509 incepisset
874 2447 926 2494 in
962 2447 1315 2495 resurrectione
1340 2446 1535 2504 Christi,

159 2536 305 2584 quam
345 2535 539 2568 causam
574 2520 757 2570 habent
793 2522 1058 2570 Christiani
1097 2521 1330 2585 precandi
1373 2521 1535 2580 hodie,

157 2602 215 2643 ut
234 2595 439 2652 faciunt,
463 2593 699 2643 adveniat
735 2612 939 2661 regnum
977 2600 1151 2645 tuum?
1220 2595 1537 2644 Manifestum

160 2686 280 2734 ergo
316 2677 406 2726 est,
440 2670 590 2718 verba
628 2670 711 2719 illa
746 2671 913 2720 Sancti
947 2672 1104 2720 Marci
1138 2671 1348 2735 aliquem
1389 2670 1537 2719 alium

158 2745 341 2793 habere
369 2759 578 2792 sensum.
648 2745 791 2805 Sunt,
815 2746 975 2811 inquit
1008 2747 1248 2804 ChristuS‚
1271 2746 1335 2794 de
1365 2753 1537 2794 astan-

161 2819 311 2878 tibus,
335 2820 420 2884 qui
442 2836 536 2868 non
556 2819 834 2885 gustabant
856 2829 1057 2870 mortem
1081 2827 1343 2884 antequam
1368 2821 1538 2869 venire

1577 409 1761 430 ,ψ

1560 492 1760 530 spiritualibus

1562 537 1598 564 ab
1612 537 1780 573 iuterpreta-

1560 579 1638 607 tione
1649 588 1707 606 nou
1716 583 1795 607 recta

1561 623 1788 660 scripturarum.
