1968 3236
164 357 267 389 CAP.
283 357 396 389 XLII.

185 409 375 433 s-q-u

184 451 228 479 Da
242 455 381 488 potestate

183 493 387 523 ecclesiastica.

429 217 527 260 408
757 227 827 259 DE
854 225 1110 260 CIVITATE
1137 223 1492 258 cnmsnANA.

431 336 651 384 Romano
670 352 770 384 non
792 336 1182 384 continebantur.
1217 335 1380 397 Atque
1403 335 1497 383 hoc
1519 349 1806 398 responsum

431 419 534 459 esto
558 411 681 458 libro
703 411 932 459 secundo.

496 486 553 533 In
592 487 714 533 libro
749 486 892 533 tertio
929 485 1245 548 quaestionem
1281 491 1476 542 tractat,
1501 500 1563 531 an
1588 484 1720 547 Papa
1741 483 1808 532 sit

430 561 769 609 Antichristus.
858 560 1004 609 Quod
1039 576 1164 623 papa
1203 561 1267 607 sit
1297 559 1644 618 Antichristus,
1669 559 1806 622 equi-

431 637 540 684 dem
563 637 819 699 probatum
842 652 1084 698 nusquam
1107 635 1222 683 vidi.
1294 635 1611 682 Manifestum
1641 643 1806 682 autem

431 720 516 768 est,
551 711 810 774 prophetas
833 709 1022 758 Veteris
1056 710 1360 758 Testamenti
1394 709 1693 773 praedixisse,
1717 709 1806 757 Ju-

431 787 653 849 daeosque
689 786 932 845 Messiam,
957 786 1009 833 id
1033 794 1106 833 est
1130 785 1394 843 Christum,
1418 793 1677 833 venturum
1702 801 1807 833 esse

430 869 484 909 ut
507 877 709 924 regnum
733 862 840 917 Dei,
866 861 998 924 quod
1026 862 1264 924 rejectum
1298 860 1474 919 fuerat,
1509 860 1806 919 restitueret,

430 944 722 1000 expectasse.
792 937 1080 1000 Expectatio
1109 943 1273 984 autem
1296 936 1379 983 illa
1401 936 1680 999 imposturis
1703 952 1805 984 am-

428 1012 714 1060 bitiosorum
736 1012 1004 1071 hominum,
1030 1013 1114 1075 qui
1137 1028 1342 1075 regnare
1367 1019 1674 1070 conarentur,
1699 1011 1805 1074 qui-

430 1104 521 1151 que
544 1089 775 1151 populum
811 1105 897 1152 per
932 1089 1166 1136 miracula
1197 1088 1334 1146 falsa,
1359 1103 1446 1150 per
1469 1088 1618 1135 vitam
1651 1088 1806 1151 hypo-

429 1164 662 1220 criticam,
699 1165 774 1212 vel
813 1180 900 1227 per
923 1164 1168 1212 orationes
1206 1172 1256 1212 et
1295 1163 1541 1211 doctrinas
1581 1162 1806 1222 blandas,

431 1239 701 1302 decipiendi
725 1247 880 1287 artem
905 1240 1191 1298 calluerunt,
1207 1255 1290 1287 eos
1314 1239 1551 1287 obnoxios
1574 1238 1804 1287 reddidit.

431 1315 632 1378 Propter
664 1315 791 1363 hanc
826 1331 1020 1363 causam
1059 1316 1289 1363 Servator
1316 1323 1483 1363 noster
1509 1323 1560 1362 et
1593 1314 1806 1378 apostoli

429 1390 658 1453 populum
683 1399 991 1448 monuerunt,
1015 1406 1077 1438 ne
1099 1390 1352 1454 prophetis
1376 1397 1425 1438 et
1441 1390 1647 1438 Christis
1668 1390 1805 1438 falsis

429 1474 610 1513 temere
643 1465 912 1513 crederent.
982 1466 1148 1514 Falsus
1182 1474 1346 1513 autem
1372 1465 1593 1513 Christus
1629 1465 1806 1513 intelli-

429 1541 633 1603 gebatur
667 1540 722 1598 is,
760 1541 842 1604 qui
876 1557 926 1588 se
962 1541 1210 1588 Christum
1245 1556 1363 1599 esse,
1389 1557 1500 1588 cum
1535 1556 1634 1588 non
1659 1549 1804 1600 esset,

429 1615 778 1677 profitebatur;
821 1624 871 1663 et
905 1616 1052 1679 vulgo
1092 1615 1465 1679 appellabantur
1503 1615 1624 1663 tales
1653 1616 1806 1663 Anti-

430 1689 623 1748 christz',
649 1706 706 1738 ea
729 1691 1095 1754 significatione,
1122 1709 1219 1756 qua
1236 1692 1286 1739 in
1303 1691 1658 1750 schismatibuS,
1681 1691 1807 1739 alter

430 1764 490 1811 de
530 1774 708 1829 papatu
746 1768 1161 1827 contendentium,
1187 1768 1351 1816 vocari
1385 1767 1508 1815 solet
1543 1767 1805 1831 Antipapa.

431 1840 759 1890 Antichristus
793 1853 956 1891 autem
992 1844 1112 1892 duas
1147 1845 1295 1892 habet
1330 1853 1471 1891 notas
1497 1843 1805 1898 essentiales;

429 1915 645 1975 alteram,
666 1918 796 1980 quod
811 1918 978 1966 «Iesum
996 1936 1106 1966 esse
1129 1919 1380 1966 Christum
1396 1927 1564 1982 neget;
1583 1918 1804 1978 alteram,

431 1990 560 2053 quod
582 1992 798 2056 seipsum
826 1992 1077 2042 Christum
1113 2011 1222 2042 esse
1258 1995 1403 2043 dicat.
1492 1995 1624 2042 Nota
1649 1994 1807 2058 prima

430 2073 503 2113 est
521 2066 624 2114 haec
644 2067 687 2129 (l
712 2068 824 2116 Joh.
841 2069 904 2116 iv.
922 2070 973 2130 3)
994 2089 1005 2116 ι
1036 2070 1323 2134 Quicunque
1342 2069 1557 2134 spiritus
1576 2086 1669 2117 non
1679 2086 1804 2134 pro-

412 2140 596 2201 fitetur
606 2142 771 2191 Jesum
787 2143 1037 2192 Christum
1053 2145 1101 2192 in
1119 2163 1272 2193 carne
1288 2145 1496 2204 venisse,
1507 2162 1569 2193 ex
1584 2145 1694 2192 Deo
1710 2162 1804 2192 nou

429 2223 505 2263 est
523 2235 542 2272 ;
567 2225 616 2265 et
639 2219 948 2267 Antichristi
971 2227 1062 2268 est.
1133 2221 1303 2268 Altera
1326 2221 1536 2268 habetur
1569 2220 1620 2268 in
1644 2220 1805 2268 verbis

431 2291 699 2341 Servatoris
738 2295 893 2342 nostri
929 2295 1126 2355 (Matth.
1151 2297 1279 2344 xxiv.
1307 2298 1357 2358 5)
1383 2315 1393 2343 z
1432 2295 1590 2343 Multi
1611 2296 1805 2343 venient

428 2367 516 2413 sub
553 2369 740 2416 nomine
776 2386 878 2417 meo
919 2370 1154 2430 dicentes,
1175 2388 1271 2436 ego
1303 2388 1408 2420 sum
1444 2371 1713 2426 Christus:
1754 2378 1805 2420 et

429 2441 602 2489 multos
626 2444 887 2491 seducent:
925 2452 974 2492 et
1006 2445 1100 2493 alio
1126 2446 1232 2494 loco
1266 2447 1443 2507 (Marc.
1469 2446 1569 2494 xiii.
1594 2447 1711 2507 21):
1746 2446 1806 2494 Si

427 2516 539 2578 quis
572 2517 704 2564 robis
741 2518 895 2576 dicat,
933 2536 1047 2567 ecce
1086 2521 1167 2567 hie
1200 2528 1276 2569 est
1317 2521 1561 2580 Christus,
1597 2520 1706 2569 illic
1727 2528 1806 2570 est

433 2589 678 2650 Christus,
729 2609 788 2639 ne
844 2593 1083 2642 credatis.
1172 2597 1502 2645 Antichristus
1547 2612 1664 2660 ergo
1711 2597 1806 2646 erit

429 2663 647 2713 Christus
669 2666 834 2724 falsus,
859 2668 910 2716 id
935 2677 1023 2725 est,
1044 2670 1218 2733 aliquis
1243 2673 1325 2734 qui
1350 2689 1400 2720 se
1426 2672 1677 2721 Christum
1698 2688 1805 2721 esse

427 2741 746 2801 profitebitur,
771 2759 861 2790 nec
884 2752 971 2791 est.
1042 2745 1114 2793 Ex
1140 2745 1326 2795 duabus
1349 2748 1424 2796 his
1458 2749 1604 2806 notis,
1628 2764 1805 2812 nempe

428 2812 591 2862 Jesum
637 2832 744 2864 esse
800 2816 1048 2866 Christum
1106 2837 1296 2885 negare
1341 2831 1389 2871 et
1434 2823 1650 2887 seipsum
1695 2839 1804 2872 esse
