1910 3236
144 396 247 427 CAP.
263 396 327 427 vl.

127 491 171 518 De
183 489 333 527 principiis

126 534 246 562 internis
259 536 353 560 motus

127 576 291 611 voluntarii,
304 579 358 604 etc.

168 807 289 836 Malum.

152 1669 318 1698 Pulchrum.

378 251 440 292 42
899 257 970 290 DE
998 256 1236 290 HOMINE.

445 372 510 419 Et
556 371 784 435 quoniam
830 369 880 416 in
934 377 1174 432 perpetua
1220 371 1490 419 mutatione
1535 379 1758 419 versatur

380 448 581 495 humani
616 445 831 509 corporis
873 445 1202 506 consistentia,
1240 446 1535 510 impossibile
1583 455 1658 495 est
1701 453 1758 493 ut

383 523 565 572 eaedem
583 538 660 569 res
676 521 1004 582 producerent
1021 521 1218 569 eosdem
1236 538 1425 586 semper
1448 523 1691 586 appetitus
1709 528 1759 569 et

382 598 654 646 aversiones
675 618 686 652 ;
724 597 878 644 multo
902 596 1062 644 minus
1085 606 1317 661 poterunt
1344 614 1512 647 omnes
1537 598 1758 647 homines

384 674 656 722 consentire
679 672 730 719 in
753 673 973 735 appetitu
995 673 1140 721 unius
1163 681 1212 722 et
1235 675 1453 738 ejusdem
1477 675 1673 739 objecti.

451 747 698 811 Quicquid
719 754 884 795 autem
907 749 1151 812 appetitus
1174 749 1226 798 in
1248 750 1445 798 homine
1468 765 1759 814 quocunque

384 825 629 886 objectum
652 830 740 882 est,
766 823 925 872 eidem
955 824 1077 872 illud
1107 833 1182 873 est
1214 826 1347 888 quod
1367 826 1429 874 ab
1453 826 1558 889 ipso
1594 825 1760 889 appel-

377 900 505 947 latur
529 898 714 946 bouum.
786 899 1019 947 Similiter
1042 900 1109 958 id,
1135 900 1268 964 quod
1286 902 1550 950 aversionis
1575 902 1628 949 in
1651 901 1758 965 ipso

380 982 429 1022 et
452 974 552 1022 odii
575 989 721 1022 causa
743 981 831 1034 est,
857 976 919 1023 ab
942 975 1047 1039 ipso
1071 977 1352 1024 nominatur
1368 976 1546 1026 malum
1559 995 1578 1032 ;
1613 983 1760 1039 atque

379 1050 431 1098 id
454 1050 550 1097 vile
574 1050 801 1113 appellat,
821 1051 954 1114 quod
976 1051 1079 1114 ipse
1097 1052 1385 1100 contemnit.
1452 1052 1612 1100 Voces
1630 1051 1761 1100 enim

381 1126 565 1185 bouum,
589 1126 783 1186 malum,
807 1126 919 1186 vile,
953 1127 1294 1191 intelliguntur
1323 1143 1513 1191 semper
1544 1143 1656 1176 cum
1683 1143 1761 1175 re-

378 1201 561 1249 latione
597 1201 661 1248 ad
699 1218 959 1264 personam
999 1219 1107 1266 quae
1143 1203 1239 1252 illis
1274 1204 1458 1259 utitur;
1494 1219 1607 1252 cum
1639 1203 1762 1251 nihil

380 1277 443 1324 sit
466 1276 751 1339 simpliciter
773 1277 877 1333 ita3
912 1294 1071 1341 neque
1094 1278 1194 1326 ulla
1227 1278 1353 1338 boui,
1386 1278 1522 1338 mali,
1551 1285 1602 1326 et
1631 1277 1762 1337 vilis,

380 1351 650 1399 communis
686 1352 856 1414 regula
892 1353 952 1400 ab
987 1353 1205 1416 ipsorum
1240 1354 1544 1416 objectorum
1574 1353 1762 1401 naturis

380 1426 614 1485 derivata,
639 1426 725 1474 sed
739 1442 768 1474 a
785 1432 962 1475 natura
988 1427 1092 1488 (ubi
1114 1427 1286 1475 civitas
1303 1445 1402 1476 non
1423 1428 1518 1490 est)
1539 1443 1762 1492 personae

379 1501 638 1565 loquentis,
660 1502 738 1549 vel
766 1500 827 1562 (si
850 1503 943 1564 est)
970 1518 1194 1566 personae
1226 1503 1472 1552 civitatem
1495 1519 1762 1567 repraesen-

378 1577 543 1636 tantis,
567 1577 646 1625 vel
669 1578 731 1625 ab
755 1578 940 1626 arbitro
963 1579 1040 1626 vel
1057 1578 1224 1642 judice
1248 1580 1534 1628 constituto.

444 1653 713 1701 Pulchrum
736 1660 786 1701 et
818 1660 965 1719 turpe
994 1670 1147 1718 prope
1179 1653 1376 1718 quidem
1410 1655 1537 1703 idem
1575 1654 1762 1718 signifi-

380 1737 509 1788 cant,
546 1730 677 1792 quod
714 1729 886 1777 bonum
917 1737 968 1778 et
1001 1729 1195 1790 malum,
1231 1730 1318 1778 sed
1352 1747 1454 1779 non
1487 1730 1760 1794 adaequate.

350 1814 353 1817 ’
381 1805 650 1853 Pulchrum
674 1806 805 1853 enim
826 1805 879 1853 id
902 1805 1147 1870 significat
1179 1805 1311 1868 quod
1339 1806 1490 1870 signis
1525 1821 1763 1870 apparen-

378 1881 508 1929 tibus
553 1881 722 1928 bouum
759 1881 1034 1946 promittit,
1072 1881 1200 1928 sicut
1247 1888 1297 1928 et
1338 1888 1487 1945 turpe
1531 1881 1583 1928 id
1629 1880 1763 1944 quod

382 1956 560 2004 malum
587 1957 861 2021 promittit.
933 1957 1202 2020 Utriusque
1225 1965 1392 2004 autem
1421 1964 1534 2005 sunt
1557 1956 1761 2005 diversae

382 2032 582 2096 species,
617 2040 673 2080 ut
688 2033 988 2096 formosum,
1025 2032 1291 2091 honestum,
1326 2031 1569 2090 decorum,
1580 2033 1761 2095 jucun-

381 2109 510 2168 dum,
542 2116 656 2156 sunt
685 2109 868 2171 species
894 2107 1102 2173 pulchri
1117 2126 1136 2163 ;
1172 2107 1408 2171 deforme,
1442 2107 1760 2166 inhonestum,

377 2184 644 2243 molestum,
682 2184 866 2247 species
905 2183 1086 2248 turpis,
1157 2184 1280 2232 Quae
1322 2183 1486 2231 omnia
1520 2183 1759 2232 vocabula

379 2260 501 2307 nihil
533 2259 667 2307 aliud
690 2260 969 2323 significant
998 2265 1176 2322 praeter
1206 2258 1574 2321 promissionem
1607 2275 1760 2322 quan-

381 2336 491 2383 dam
533 2336 610 2383 vel
649 2336 765 2383 boni
806 2335 883 2383 vel
925 2335 1053 2383 mali.
1124 2335 1294 2397 Itaque
1339 2334 1455 2383 boni
1500 2341 1599 2382 tres
1645 2342 1761 2382 sunt

381 2412 596 2475 species3
633 2411 788 2459 altera
822 2412 873 2459 in
914 2410 1234 2474 promissione
1269 2426 1378 2473 quae
1410 2410 1759 2473 pulchritudo;

381 2487 535 2535 altera
559 2487 611 2535 in
634 2503 702 2545 re,
727 2494 778 2535 et
801 2486 980 2534 dicitur
1011 2486 1203 2534 bonitas
1224 2506 1236 2540 ;
1273 2485 1420 2533 tertia
1442 2485 1492 2533 in
1517 2486 1628 2545 fine,
1652 2502 1761 2550 quae

382 2571 457 2610 est
475 2562 774 2625 jucunditas.
844 2561 1099 2620 Praeterea,
1134 2561 1304 2608 bonum
1337 2561 1469 2623 quod
1491 2561 1543 2608 in
1565 2561 1663 2609 fine
1673 2563 1762 2625 ju-

381 2638 586 2685 cundum
605 2637 799 2696 dicitur,
818 2637 868 2684 in
891 2636 1053 2684 medio
1073 2643 1277 2684 vocatur
1300 2635 1439 2683 utile.
1510 2636 1759 2697 Similiter,

382 2713 558 2760 malum
585 2721 639 2761 ut
662 2712 967 2776 promissum,
992 2718 1140 2776 turpe
1149 2730 1166 2766 ,·
1201 2710 1328 2759 utin
1362 2712 1475 2770 fine,
1509 2712 1761 2760 molestum

384 2788 668 2849 appellatur.

452 2862 519 2910 Ut
534 2862 582 2910 in
602 2861 838 2920 sensione,
848 2860 898 2909 id
917 2860 1049 2924 quod
1063 2861 1192 2909 intra
1206 2877 1381 2924 corpus
1396 2870 1486 2921 est,
1494 2862 1615 2911 nihil
1629 2861 1762 2911 aliud
