1968 3236
219 389 383 422 XXXIX·

208 442 395 466 s-——f-—ae

174 485 219 512 De
228 485 367 521 significa-

175 528 252 555 tione
265 537 350 565 quam
361 528 409 556 lm.-

172 571 222 598 bet
235 571 265 598 in
279 572 403 608 Scriptu-

174 614 213 641 ris
227 614 322 642 Sacris
335 623 415 642 vocn-

173 656 275 685 bulum
289 657 416 685 ecclesia.

453 248 547 291 338
770 258 838 290 DE
866 257 1110 290 01v1TATE
1137 257 1491 292 CHRISTIANA.

453 369 573 416 falsa
594 375 681 416 est.
752 369 872 416 Quis
895 376 1056 416 autem
1079 384 1292 417 summus
1315 369 1394 417 ille
1411 375 1578 433 pastor
1596 369 1657 417 sit
1675 369 1815 432 juxta

451 445 581 508 leges
604 451 804 503 naturae,
824 451 1069 491 ostensum
1087 454 1160 492 est
1183 445 1415 508 superius,
1429 461 1618 508 nempe,
1638 444 1718 492 ille
1736 443 1815 492 cui

455 536 638 567 summa
658 527 729 567 est
745 526 956 582 potestas
972 520 1023 567 in
1042 520 1264 568 civitate:
1291 521 1396 583 quis
1419 528 1581 569 autem
1599 520 1661 568 sit
1673 521 1817 583 Juxta

457 595 726 658 Scripturas
752 595 938 654 Saoras,
953 595 1219 643 videbimus
1236 596 1287 643 in
1311 597 1548 659 capitibus
1572 595 1815 659 sequenti-

450 672 552 718 bus.

958 941 1170 988 CAPUT
1203 941 1308 988 XL.

531 1056 591 1087 DE
615 1056 731 1088 JURE
758 1056 901 1088 REGNI
926 1056 1006 1088 DEI
1032 1056 1081 1087 IN
1106 1055 1383 1096 ABRAHAMO,
1409 1054 1548 1095 MosE,
1562 1053 1737 1085 SUMMIS

693 1124 1052 1164 SACERDOTIBUS,
1079 1123 1136 1154 ET
1161 1122 1356 1154 REGIBUS
1380 1122 1568 1153 JUDAEAE.

454 1203 632 1249 PATER
671 1201 901 1257 fidelium,
926 1207 974 1247 et
1007 1215 1094 1262 per
1125 1206 1324 1262 pactum
1361 1198 1543 1262 primus
1578 1197 1630 1244 in
1665 1211 1816 1259 regno

455 1278 559 1335 Dei,
581 1285 684 1324 erat
710 1277 1028 1323 Abrahamus.
1085 1274 1207 1322 Cum
1225 1274 1307 1322 illo
1325 1273 1481 1337 primo
1505 1280 1702 1336 pactum
1724 1271 1817 1319 ini-

454 1361 557 1400 tum
580 1353 691 1400 fuit:
716 1367 803 1414 per
823 1351 951 1414 quod
967 1357 1164 1414 paetum
1187 1350 1394 1412 seipsum
1417 1357 1467 1396 et
1491 1364 1654 1396 semen
1679 1363 1820 1395 suum

455 1436 565 1491 post
590 1444 639 1475 se
663 1427 857 1474 obedire
881 1425 1120 1473 mandatis
1144 1425 1235 1472 Dei
1259 1424 1506 1488 obligavit,
1529 1440 1629 1471 non
1664 1423 1820 1471 solum

455 1503 766 1560 naturalibus,
787 1501 871 1550 sed
895 1502 1040 1549 etiam
1063 1501 1156 1549 illis
1178 1501 1419 1549 mandatis
1451 1516 1559 1563 quae
1583 1500 1714 1547 Deus
1737 1515 1818 1547 su-

456 1579 824 1641 pernaturaliter
856 1578 1110 1626 manifesta
1139 1577 1321 1625 faceret
1350 1592 1437 1639 per
1464 1575 1651 1623 somnia
1674 1582 1724 1622 et
1745 1574 1818 1621 vi-

458 1654 629 1700 siones.
699 1654 905 1715 Legibus
929 1654 1059 1701 enim
1082 1652 1379 1701 naturalibus
1398 1659 1512 1699 ante
1537 1651 1816 1699 tenebatur:

457 1735 513 1776 ut
536 1728 595 1775 de
617 1728 709 1775 illis
732 1729 910 1790 pacisci
933 1744 1052 1791 opus
1075 1744 1174 1775 non
1198 1734 1339 1774 esset.
1408 1727 1581 1774 Pactus
1605 1741 1721 1789 ergo
1746 1733 1821 1773 est

458 1819 567 1850 eum
599 1803 701 1850 Deo
733 1803 1049 1862 Abrahamus,
1073 1819 1162 1866 pro
1190 1802 1419 1850 mandato
1443 1802 1606 1850 divino
1636 1801 1819 1849 habere

459 1878 687 1941 quiequid
705 1879 754 1925 in
778 1879 867 1926 Dei
900 1879 1094 1927 nomine
1117 1894 1204 1942 per
1227 1878 1465 1926 somnium
1488 1877 1565 1925 vel
1587 1876 1821 1925 visionem

458 1953 527 2000 illi
561 1954 890 2016 imperaretur,
933 1962 982 2002 et
1015 1954 1146 2002 idem
1178 1953 1373 2001 familiae
1409 1969 1507 2001 suae
1541 1952 1821 2015 praeeipere,

459 2035 508 2076 et
530 2028 687 2076 facere
709 2035 764 2075 ut
786 2029 1107 2077 observarent.
1145 2029 1203 2076 In
1224 2035 1368 2092 paeto
1391 2028 1486 2076 hoc
1509 2027 1605 2076 tria
1621 2027 1823 2075 veniunt

460 2103 820 2161 consideranda,
852 2105 1046 2154 maximi
1082 2104 1314 2153 momenti
1343 2104 1394 2151 in
1423 2104 1588 2167 populi
1615 2103 1706 2151 Dei
1733 2119 1822 2167 gu-

458 2178 756 2225 bernatione.
825 2179 1050 2237 Primum,
1075 2179 1205 2242 quod
1227 2180 1277 2226 in
1301 2179 1430 2242 pacti
1457 2179 1599 2242 hujus
1629 2178 1822 2227 institu-

460 2253 606 2311 tione,
652 2253 805 2300 solum
850 2253 1120 2316 alloquutus
1160 2262 1233 2302 est
1278 2255 1407 2302 Deus
1453 2253 1783 2302 Abrahamum
1809 2272 1820 2302 ε

460 2343 616 2391 neque
650 2327 843 2375 omnino
878 2343 987 2375 cum
1016 2329 1197 2377 familia
1231 2331 1487 2393 quicquam
1522 2337 1693 2392 pactus
1733 2336 1822 2389 est,

461 2419 615 2467 neque
644 2402 800 2450 adhuc
825 2419 933 2450 cum
957 2404 1151 2462 semine,
1175 2405 1267 2452 nisi
1291 2413 1527 2468 quatenus
1549 2404 1824 2453 voluntates

461 2495 627 2527 eorum
647 2477 976 2540 intelligantur
993 2478 1041 2525 in
1059 2479 1306 2528 voluntate
1325 2479 1589 2528 Abrahami
1606 2495 1825 2543 compre-

461 2555 622 2602 hensae
645 2568 762 2601 esse.
823 2552 1008 2599 Habuit
1028 2554 1153 2600 enim
1172 2555 1251 2616 jus
1266 2555 1568 2603 Abrahamus
1591 2554 1823 2604 familiam

462 2645 596 2677 suam
620 2627 839 2691 cogendi,
856 2635 911 2674 ut
934 2644 1039 2690 quae
1063 2644 1151 2691 pro
1176 2629 1268 2677 illis
1291 2631 1593 2693 promiserat,
1610 2630 1680 2678 illi
1702 2645 1824 2694 prae-

462 2710 671 2752 starent:
704 2704 843 2766 juxta
876 2702 926 2750 id
964 2703 1092 2765 quod
1127 2703 1301 2767 legitur
1341 2705 1458 2753 Gen.
1482 2705 1613 2753 xviii.
1643 2710 1717 2765 18,
1747 2711 1821 2765 19,

463 2779 546 2826 ubi
570 2779 689 2826 dicit
712 2778 841 2826 Deus
866 2777 926 2825 de
951 2778 1239 2839 Abrahamo,
1266 2780 1602 2829 benedicendae
1626 2787 1742 2829 sunt
1772 2781 1823 2829 in

464 2853 551 2901 illo
582 2870 741 2902 omnes
778 2852 997 2901 nationes
1038 2860 1219 2902 terroe:
1253 2855 1356 2903 scio
1379 2856 1504 2903 enim
1532 2855 1666 2921 quod
1686 2870 1823 2922 prae-
