1968 3236
378 194 468 236 186
878 203 949 235 DE
978 202 1253 237 CIVITATE.

99 336 354 370 CAp,XX1v,
372 322 538 362 autem
575 315 626 362 in
664 314 796 362 omni
819 330 1001 376 genere
1031 314 1244 362 civitatis
1269 313 1509 377 originem
1531 313 1704 361 habuit
1735 328 1765 360 a

132 392 316 414 ψ-Γῄκ

91 438 136 466 De
149 439 274 466 civitatis
287 439 325 467 sa-

373 406 562 438 summa
602 396 862 452 potestate.
935 390 1034 437 Ubi
1073 389 1203 437 enim
1246 390 1416 438 civitas
1454 406 1555 438 non
1579 397 1669 448 est,
1695 389 1763 437 ibi

90 481 348 511 cuitatenutritiva
375 466 539 514 omnia
562 466 779 513 omnium
815 473 944 524 sunt,
971 473 1020 513 et
1041 466 1225 513 bellum
1247 472 1538 529 perpetuum
1570 473 1676 520 est;
1714 471 1766 512 et

91 527 120 552 et
131 526 304 562 generativa.

373 543 556 590 bonum
586 540 968 603 unumquodque
1005 540 1133 588 illius
1170 547 1261 599 est,
1286 557 1317 589 a
1350 557 1447 604 quo
1483 541 1674 604 rapitur
1711 546 1762 587 et

373 618 518 665 armis
543 623 888 668 conservatum
926 615 1060 679 quod
1093 631 1253 679 neque
1284 615 1558 679 proprietas
1598 631 1762 679 neque

373 692 697 740 communitas
745 699 833 750 est,
883 692 970 739 sed
1010 692 1331 740 concertatio.
1417 691 1475 739 Id
1521 691 1652 754 quod
1696 692 1766 739 ita

371 768 683 815 manifestum
718 775 806 826 est,
849 776 905 815 ut
953 768 1101 815 etiam
1141 768 1244 831 ipse
1286 768 1473 826 Cicero,
1521 767 1765 816 libertatis

372 844 600 891 defensor
649 844 1121 903 vehementissimus,
1168 844 1521 907 proprietatem
1568 859 1765 891 omnem

371 920 608 968 attribuat
631 919 821 982 legibus
841 919 1077 979 civilibus,
1097 919 1273 982 quibus
1297 919 1500 967 sublatis
1514 918 1592 967 vel
1610 918 1785 982 negli-.

370 1004 545 1059 genter
569 996 842 1052 custoditis,
866 996 988 1043 nihil
1011 1012 1116 1043 esse
1140 995 1262 1042 dicit
1299 994 1431 1058 quod
1468 995 1576 1058 quis
1613 1002 1701 1042 aut
1736 1010 1767 1041 a

371 1072 636 1135 majoribus
660 1072 882 1135 accipere
917 1080 1004 1119 aut
1037 1072 1150 1119 filiis
1186 1071 1461 1134 relinquere
1497 1086 1588 1134 pro
1629 1076 1765 1117 certo

371 1148 542 1211 possit.
611 1148 675 1195 Et
693 1163 876 1205 rursus,
901 1146 1038 1206 tolle,
1063 1146 1239 1209 inquit,
1257 1146 1398 1211 leges
1414 1145 1586 1193 civiles
1601 1163 1620 1199 ‚·
1644 1144 1771 1209 quid

372 1239 525 1282 suum,
567 1223 691 1286 quid
733 1223 947 1271 alienum
993 1223 1078 1281 sit,
1125 1222 1250 1270 sciet
1295 1237 1446 1269 nemO.
1518 1220 1766 1270 Quoniam

373 1315 491 1362 ergo
511 1299 796 1347 constitutio
811 1299 1126 1362 proprietatis
1142 1298 1355 1346 civitatis
1374 1312 1497 1360 opus
1513 1303 1611 1351 est;
1636 1295 1765 1343 illius

373 1390 495 1436 opus
514 1380 604 1432 est,
626 1374 709 1436 qui
728 1389 967 1421 summam
991 1373 1043 1420 in
1067 1373 1265 1421 civitate
1288 1373 1437 1420 habet
1453 1377 1765 1434 potestatem.

374 1448 632 1512 Dependet
647 1449 775 1499 enim
799 1449 1072 1512 proprietas
1096 1465 1126 1496 a
1143 1448 1332 1511 legibus
1348 1447 1597 1502 civilibus;
1634 1454 1684 1494 et
1706 1446 1764 1505 is,

375 1525 459 1587 qui
496 1540 735 1572 summam
780 1524 929 1572 habet
964 1531 1275 1587 potestatem,
1298 1523 1349 1570 in
1386 1523 1519 1570 omni
1566 1522 1765 1570 civitate

372 1599 624 1663 legislator
670 1609 757 1647 est.
829 1599 887 1647 Id
927 1599 1059 1662 quod
1097 1599 1377 1646 observasse
1418 1597 1648 1645 videntur
1692 1596 1765 1645 illi

373 1675 531 1723 Graeci
570 1683 774 1734 veteres,
814 1675 897 1738 qui
936 1674 1094 1737 legem
1126 1674 1505 1721 nominaverunt
1529 1673 1677 1732 νόμον,
1712 1673 1765 1720 id

375 1759 464 1809 est,
487 1751 903 1808 distributionem,
920 1757 970 1798 et
981 1750 1240 1814 justitiam,
1262 1755 1634 1812 consequenter,
1659 1763 1764 1796 esse

375 1827 551 1890 cuique
576 1826 970 1874 distributionem
993 1826 1071 1873 sui
1091 1825 1431 1873 definiverunt.

442 1903 613 1966 Itaque
638 1902 679 1950 si
697 1902 868 1950 civitas
893 1910 1075 1950 terram
1092 1917 1297 1950 vacuam
1311 1910 1398 1948 aut
1415 1900 1544 1948 bello
1565 1916 1764 1963 supera-

375 1986 478 2026 tam
501 1978 798 2041 acquisierit,
824 1977 1105 2026 distributio
1135 1984 1282 2025 terrae
1312 1976 1442 2023 illius
1469 1976 1600 2023 inter
1634 1976 1764 2023 cives

376 2053 620 2116 dependet
656 2053 716 2101 ab
764 2069 822 2101 eo
870 2053 953 2116 qui
996 2068 1233 2100 summam
1274 2052 1425 2099 habet
1469 2051 1520 2098 in
1566 2050 1764 2099 civitate

372 2135 696 2192 potestatem;
733 2129 1080 2192 habebuntque
1126 2128 1376 2191 portiones
1418 2143 1545 2185 suas,
1570 2143 1671 2175 non
1707 2135 1764 2174 ut

374 2205 602 2268 cuiquam
625 2205 720 2252 civi
735 2212 821 2252 aut
835 2220 1038 2251 numero
1059 2203 1238 2251 civium
1261 2219 1456 2265 aequum
1479 2218 1584 2250 esse
1607 2202 1686 2250 vel
1700 2202 1764 2250 ad

372 2281 556 2328 bonum
570 2280 819 2344 publicum
838 2279 1111 2327 conducere
1126 2278 1387 2337 videbitur,
1404 2278 1490 2325 sed
1507 2285 1565 2326 ut
1581 2278 1764 2326 videbi-

374 2363 456 2404 tur
480 2372 719 2404 summam
741 2355 941 2403 habenti
960 2362 1267 2418 potestatem.
1339 2354 1551 2417 Populus
1571 2354 1764 2403 Israeli-

372 2432 514 2491 ticus,
538 2448 651 2479 cum
673 2431 724 2479 in
750 2431 944 2479 deserto
969 2437 1111 2489 esset,
1138 2430 1309 2478 civitas
1336 2439 1474 2486 erat;
1508 2431 1763 2494 promissae

372 2514 536 2555 autem
552 2514 697 2555 terrae
716 2506 942 2554 dominus
961 2505 1181 2554 nondum
1197 2512 1315 2552 erat.
1387 2506 1561 2553 Postea
1579 2513 1761 2565 tamen,

372 2599 484 2630 cum
508 2582 642 2630 illam
659 2582 994 2646 acquisissent,
1011 2597 1111 2629 non
1127 2597 1231 2639 suo,
1253 2580 1338 2628 sed
1356 2581 1578 2628 Eleazari
1602 2596 1762 2629 sacer-

373 2657 515 2717 dotis,
540 2666 590 2705 et
614 2658 752 2706 ducis
773 2658 937 2706 Josuae
961 2656 1164 2704 arbitrio
1188 2655 1501 2704 distributam
1533 2656 1761 2720 possede-

370 2742 502 2782 runt.
537 2734 610 2781 Ex
626 2750 722 2797 quo
738 2733 943 2796 intelligi
958 2739 1118 2796 potest
1131 2732 1482 2796 proprietatem
1499 2741 1759 2792 terrarum,

372 2824 517 2870 quam
541 2810 690 2858 habet
714 2809 848 2868 civiS,
875 2809 924 2857 in
967 2825 1024 2856 co
1057 2808 1338 2867 consistere,
1375 2815 1431 2857 ut
1469 2809 1530 2857 ab
1567 2809 1760 2858 illarum
