1968 3236
438 232 535 285 478
773 246 842 278 DE
872 246 1058 278 REGNo
1086 244 1493 279 TENEBRARUM.

170 375 272 407 CAP.
293 376 400 409 xnv.
437 357 653 419 ejusdem
694 373 869 415 sermo,
895 356 1096 414 febrem,
1122 356 1199 403 vel
1223 365 1440 415 ventum,
1466 357 1543 406 vel
1578 374 1726 418 mare,
1750 360 1826 408 in-

190 430 379 451 ““’““”“”
436 434 680 496 crepantis
701 454 712 488 ;
749 448 906 494 neque
931 431 1060 478 enim
1085 431 1291 479 audiunt
1313 433 1434 480 haec.
1472 433 1645 497 Neque
1670 436 1824 498 magis

155 476 200 504 De
215 476 388 505 daemonolo-

150 519 199 569 8³3¹.
221 523 250 547 et
263 519 393 569 zeliquiis
434 508 726 571 improprius
747 524 891 570 quam
916 523 1075 554 sermo
1093 507 1200 565 Dei,
1222 524 1333 556 eum
1350 509 1456 556 fieri
1473 510 1620 571 jussit
1642 510 1823 568 lumen,

152 562 398 635 ἓῖζζῖἷὲζᾞω
434 584 812 640 firmamentum,
839 583 1006 641 solem,
1033 589 1082 630 et
1107 583 1299 638 stellas3
1337 585 1506 632 audire
1531 585 1661 632 enim
1685 594 1824 633 ante-

435 675 580 721 quam
605 665 779 716 essent,
798 674 898 705 non
915 666 1132 720 potuere.
1185 659 1282 706 Sed
1301 675 1459 707 sermo
1482 660 1563 707 ille
1586 661 1823 709 mundum

434 735 485 781 in
519 734 759 796 principio
785 734 1056 790 condentis,
1080 734 1190 782 ideo
1232 735 1524 798 improprius
1564 752 1663 784 nou
1701 745 1821 795 erat,

435 809 548 872 quia
582 809 888 878 significabot
926 810 1197 872 potentiam
1240 810 1391 858 divini
1425 812 1578 859 verbi.
1650 813 1822 876 Neque

434 885 585 948 igitur
607 884 834 947 phrenesi
859 891 908 932 et
932 885 1130 944 morbis,
1155 893 1318 943 vento,
1345 894 1395 933 et
1418 887 1539 934 mari
1563 887 1820 951 imperare,

434 976 592 1007 sermo
616 960 909 1023 improprius
935 968 1054 1018 erat,
1081 960 1259 1024 quippe
1284 962 1367 1025 qui
1393 962 1575 1010 Christi
1599 965 1822 1012 ostende-

432 1037 519 1084 bat
550 1036 869 1083 divinitatem.

499 1113 572 1160 De
610 1112 867 1159 Servatore
904 1119 1072 1159 nostro
1105 1111 1300 1171 dicitur,
1327 1113 1506 1161 Matth.
1532 1114 1594 1162 iv.
1623 1121 1662 1173 1,
1687 1115 1821 1178 quod

433 1188 609 1235 duetus
633 1195 709 1235 est
734 1205 765 1235 a
789 1187 979 1252 spiritu
1011 1187 1061 1234 in
1097 1188 1363 1246 desertum,
1390 1196 1443 1236 ut
1480 1196 1763 1238 tentaretur
1786 1207 1820 1238 a

431 1263 630 1311 diabolo
650 1283 668 1311 .·
717 1265 819 1311 Luc
843 1264 905 1311 iv.
940 1270 980 1322 l,
1025 1264 1157 1327 quod
1202 1263 1352 1311 Jesus
1386 1265 1573 1330 plenus
1620 1266 1820 1331 Spiritu

428 1339 627 1398 Sancto,
654 1340 831 1387 duetus
874 1347 951 1387 est
991 1340 1039 1387 in
1082 1340 1271 1404 spiritu
1313 1341 1362 1388 in
1401 1341 1686 1397 desertum;
1734 1343 1819 1390 ubi

430 1415 628 1478 spiritus
669 1415 959 1478 intelligitur
1001 1422 1214 1463 sanctus
1286 1416 1433 1464 Nulla
1466 1417 1544 1465 hie
1576 1434 1607 1466 a
1643 1418 1819 1482 spiritu

428 1490 717 1553 intelligitur
755 1491 985 1549 obsessio,
1024 1506 1182 1553 neque
1222 1493 1476 1554 possessio.
1548 1492 1721 1557 Neque
1758 1510 1818 1542 ex

428 1582 486 1613 eo
512 1566 645 1628 quod
669 1566 864 1624 dicitur,
907 1566 1087 1614 Matth.
1107 1566 1171 1614 iv.
1199 1572 1244 1625 8,
1281 1566 1551 1615 Diabolum
1581 1569 1818 1634 posuisse

424 1641 562 1689 illum
600 1658 752 1706 super
790 1649 994 1690 montem
1032 1642 1294 1700 excelsum,
1332 1650 1382 1690 et
1420 1644 1698 1692 ostendisse
1736 1645 1818 1693 illi

423 1717 584 1765 omnia
607 1735 769 1782 regna
792 1719 973 1776 mmzdz',
998 1725 1048 1766 et
1067 1718 1290 1783 gloriam
1314 1735 1479 1767 eorum
1494 1738 1512 1766 :
1536 1720 1705 1768 inferri
1727 1737 1818 1784 po-

423 1800 522 1840 test
568 1793 817 1841 diabolum
860 1795 1078 1858 coegisse
1121 1794 1386 1853 Christum,
1429 1804 1479 1843 et
1519 1797 1567 1843 vi
1605 1797 1815 1845 circum-

424 1867 616 1916 duxisse
658 1886 754 1933 quo
793 1870 953 1928 libuit,
990 1878 1076 1918 aut
1121 1879 1337 1918 montem
1380 1872 1657 1935 quempiam
1695 1874 1814 1921 satis

423 1944 576 1992 altum
598 1945 762 2004 fuisse,
787 1954 844 1993 ut
868 1946 982 1993 inde
1015 1946 1231 2009 conspici
1261 1947 1424 1994 omnia
1459 1948 1631 1996 mundi
1662 1964 1817 2012 regna

423 2028 637 2082 possent.
736 2022 867 2071 Quid
917 2038 1034 2085 ergo
1076 2022 1355 2084 significant
1395 2023 1504 2071 loca
1539 2024 1645 2072 haec
1680 2024 1815 2073 aliud

424 2111 569 2158 quam
588 2096 858 2144 visionem?
918 2097 999 2144 Sic
1027 2098 1075 2144 S.
1103 2097 1279 2145 Paulus
1301 2099 1349 2157 (2
1377 2098 1488 2147 Cor.
1514 2099 1598 2147 xii.
1623 2101 1676 2161 2)
1703 2116 1814 2164 rap-

424 2179 503 2219 tus
544 2180 618 2220 est
658 2173 708 2220 in
756 2174 959 2220 tertium
1006 2173 1198 2231 coelum,
1245 2174 1331 2221 ubi
1370 2174 1495 2221 vidit
1538 2175 1776 2224 mirabilia
1798 2195 1811 2223 z

422 2254 606 2310 raptus,
630 2248 844 2311 inquam,
869 2265 968 2296 non
992 2248 1042 2295 in
1066 2265 1286 2311 corpore,
1312 2249 1397 2297 sed
1421 2250 1470 2297 in
1495 2250 1683 2313 spiritu.

490 2323 692 2381 Rursus,
719 2323 851 2386 quod
875 2323 994 2371 dicit
1014 2324 1062 2371 S.
1090 2324 1246 2372 Lucas
1274 2325 1409 2385 (xxii.
1436 2332 1482 2384 3,
1508 2327 1561 2387 4)
1598 2326 1658 2374 de
1680 2326 1815 2376 Juda

423 2397 673 2456 Iseariota,
699 2398 831 2462 quod
856 2399 1065 2446 intravit
1097 2399 1146 2447 in
1184 2399 1322 2447 illum
1361 2400 1615 2449 Satanas:
1650 2408 1700 2449 et
1724 2419 1813 2451 ex-

422 2473 542 2531 ienS,
567 2474 862 2538 colloquium
899 2474 1072 2521 habuit
1097 2492 1203 2523 eum
1233 2477 1432 2524 summis
1463 2477 1812 2526 sacerdotibus

421 2554 470 2595 et
508 2549 730 2608 ducibus,
757 2550 819 2597 (le
855 2549 1102 2597 tradendo
1139 2550 1342 2599 Christo
1360 2570 1378 2606 ;
1413 2552 1622 2616 intelligi
1644 2561 1819 2616 potest⁴

420 2623 489 2670 sic
530 2624 735 2672 intrasse
771 2625 823 2672 in
858 2624 1037 2672 Judam
1079 2626 1333 2674 consilium
1383 2627 1502 2675 illud
1538 2628 1713 2677 hostile
1758 2636 1810 2678 et

419 2699 675 2761 perfidum,
702 2700 762 2748 de
787 2701 891 2748 Deo
916 2707 965 2747 et
989 2700 1200 2748 Domino
1217 2717 1304 2749 suo
1337 2703 1591 2765 prodendo
1616 2711 1667 2751 et
1690 2720 1805 2752 ven-

420 2773 580 2822 dendo
604 2776 839 2823 hostibus.
878 2775 1017 2823 Sicut
1040 2775 1168 2822 enim
1193 2792 1281 2839 per
1296 2777 1533 2840 Spiritum
1555 2779 1807 2838 Sanctum,

419 2848 468 2895 in
495 2849 759 2912 Scripturis
780 2850 956 2909 Sacris,
972 2850 1313 2914 intelliguntur
1336 2853 1510 2916 gratiae
1533 2862 1585 2902 et
1603 2854 1811 2903 virtutes

1956 2314 1968 2375 ἶ

1947 2391 1968 2507 i

1954 2506 1968 2629 ἒ
