1968 3236
507 220 576 253 DE
605 219 863 253 clvlTA'rE
892 219 1248 253 CHRISTIANA.
1474 208 1570 272 {319

183 331 357 396 gratia,
382 330 422 379 si
455 331 562 394 quis
593 330 739 387 dicat,
766 330 896 393 quod
919 339 1031 394 post
1053 338 1188 377 certa
1211 329 1359 376 verba
1381 328 1443 376 ab
1467 328 1573 392 ipso

184 406 373 471 prolata
396 421 541 469 super
564 406 765 453 buccam
791 406 945 468 panis,
970 422 1065 453 non
1103 405 1167 452 sit
1189 404 1395 468 amplius
1417 404 1572 467 paniS‚

185 481 272 531 sed
307 482 439 530 Deus
462 481 537 529 vel
561 482 722 537 hom0‚
749 482 839 529 etsi
865 482 1032 538 oculis,
1058 490 1113 528 ut
1137 480 1419 543 ante,panis
1438 479 1573 528 vide-

186 565 332 613 atur3
369 573 514 606 causa
538 557 670 605 nulla
695 566 766 604 cst
799 573 886 604 cur
915 557 1023 620 quis
1058 557 1127 604 ita
1162 556 1347 604 factum
1378 555 1575 603 realiter

185 649 289 682 esse
329 642 485 697 putet,
521 650 679 696 neque
715 633 850 680 illum
885 634 1070 689 timeat,
1095 632 1251 680 donec
1286 648 1316 679 a
1350 631 1454 679 Deo
1487 646 1576 694 per

186 709 338 768 illum,
363 710 446 773 qui
466 709 626 757 locum
653 710 756 772 ejus
775 709 824 756 in
850 709 1048 757 civitate
1072 716 1221 765 tenet,
1245 716 1410 755 utrum
1435 707 1576 755 reali-

185 793 263 833 ter
282 785 465 833 factum
491 785 555 832 sit
589 800 758 841 necne,
788 784 1091 847 inquisierit;
1145 792 1194 831 et
1225 783 1463 847 siquidem
1496 783 1576 831 ille

185 868 349 923 negat,
373 868 491 907 tunc
527 860 748 921 sequitur
783 859 832 906 id
866 858 998 920 quod
1032 875 1061 905 a
1100 859 1238 906 Mose
1275 858 1463 906 dictum
1503 867 1578 906 est

190 933 357 995 (Deut.
383 935 513 982 xviii.
540 939 639 994 22),
666 941 848 981 temere
887 933 1113 995 loquutus
1147 940 1239 992 est,
1265 950 1358 980 non
1383 933 1578 981 timebis

187 1009 363 1063 illum.-
417 1011 491 1058 sin
524 1011 709 1058 factum
746 1026 849 1057 esse
874 1009 1070 1056 realiter
1095 1009 1244 1067 dicat,
1270 1010 1578 1072 acquiescen-

187 1084 304 1133 dum
324 1094 414 1133 est.
451 1087 575 1133 Item
595 1086 644 1133 in
666 1085 938 1143 miraculis,
958 1102 990 1148 q
1024 1102 1066 1133 ae
1086 1101 1183 1133 non
1203 1085 1412 1132 vidimus
1431 1085 1578 1143 facta,

187 1160 275 1208 sed
297 1160 428 1208 fama
447 1169 639 1209 tantum
657 1160 943 1218 audivimus,
963 1177 990 1207 c
1018 1140 1261 1207 snsulenda
1279 1169 1354 1208 est
1374 1161 1581 1214 ecclesia

188 1234 416 1294 civitatis,
441 1236 491 1283 id
515 1244 603 1294 est,
619 1236 659 1283 is
684 1235 766 1299 qui
785 1251 1023 1283 summam
1048 1236 1098 1282 in
1123 1252 1181 1283 ea
1199 1236 1347 1283 habet
1365 1244 1581 1299 potesta-

189 1318 305 1366 tem,
326 1327 578 1375 quousque
595 1311 738 1359 famae
756 1310 1039 1358 authoribus
1059 1311 1355 1358 credendum
1374 1312 1452 1359 sit.
1495 1313 1580 1359 At-

188 1402 283 1450 que
306 1386 411 1434 haec
434 1387 528 1434 illis
552 1387 798 1450 praecipue
822 1385 948 1442 dico,
973 1387 1056 1448 qui
1091 1386 1261 1434 vivunt
1294 1387 1343 1434 in
1374 1387 1579 1434 civitati-

187 1462 278 1510 bus
316 1461 619 1510 Christianis.
709 1461 870 1509 Hodie
910 1462 1040 1509 enim
1086 1478 1148 1509 ne
1189 1478 1343 1509 unum
1384 1463 1579 1525 quidem

188 1536 440 1585 hominem
470 1552 729 1600 cognosco,
753 1537 834 1599 qui
868 1552 955 1599 per
990 1537 1372 1585 incantationem
1406 1538 1481 1586 vel
1516 1538 1580 1585 ad

188 1628 358 1661 vocem
381 1621 467 1660 aut
489 1612 552 1660 ad
578 1612 848 1660 orationem
873 1612 1083 1660 hominis
1107 1628 1229 1676 opus
1258 1612 1327 1660 ita
1360 1613 1580 1662 mirabile

187 1687 375 1736 factum
410 1687 548 1746 vidit,
578 1695 633 1735 ut
663 1688 850 1736 homini
889 1687 1201 1736 mediocriter
1238 1697 1384 1737 cauto
1426 1689 1581 1737 videri

187 1771 353 1827 posset
376 1763 761 1827 supernaturale.
809 1764 1030 1813 Quaestio
1055 1779 1172 1827 ergo
1196 1764 1341 1812 hodie
1364 1781 1464 1813 non
1489 1774 1580 1823 est,

189 1846 356 1887 utrum
389 1838 695 1898 miraculum,
719 1839 851 1902 quod
886 1839 1110 1897 vidimus,
1142 1840 1219 1888 vel
1253 1840 1476 1904 legimus,
1500 1842 1578 1889 vel

187 1913 320 1963 fama
356 1914 644 1972 audivimuS,
685 1915 882 1963 realiter
921 1915 1107 1963 factum
1147 1916 1241 1970 sit;
1290 1916 1376 1964 sed
1415 1925 1581 1965 utrum

189 1989 436 2038 miracula
477 2006 586 2053 quae
617 1991 837 2054 legimus,
871 1999 955 2039 aut
995 1991 1126 2039 fama
1161 1992 1440 2056 accipimus,
1479 2009 1580 2041 non

191 2063 291 2112 sint
312 2063 494 2127 linguae
516 2074 603 2113 aut
626 2066 800 2113 calami
823 2066 970 2114 solius
989 2082 1152 2130 opera.
1223 2068 1279 2115 In
1305 2084 1401 2131 qua
1425 2084 1581 2131 quaes-

189 2138 341 2195 tione,
358 2155 458 2187 non
474 2141 679 2188 rationis
697 2141 775 2189 vel
792 2142 1103 2190 conscientiae
1119 2143 1322 2206 privatae
1341 2142 1581 2206 judicium

191 2221 280 2272 est,
311 2213 398 2261 sed
433 2216 650 2274 rationis,
677 2225 734 2264 ut
767 2217 884 2275 dixi,
913 2218 1137 2281 publicae,
1161 2218 1213 2266 id
1250 2226 1339 2276 est,
1377 2219 1580 2266 rationis

192 2288 320 2336 illius
342 2289 551 2338 hominis
572 2292 650 2339 vel
682 2302 855 2351 coetus,
880 2309 1024 2357 quem
1058 2294 1109 2341 in
1141 2294 1274 2341 omni
1311 2293 1580 2357 quaestione

187 2362 404 2426 judicem
420 2373 534 2413 ante
552 2368 974 2417 constitueramus.
1045 2370 1240 2417 Privato
1259 2379 1424 2417 autem
1444 2369 1581 2416 hom-

194 2439 278 2497 ini,
298 2439 413 2502 quia
434 2440 669 2503 cogitatio
692 2445 850 2492 omnis
873 2445 1026 2493 libera
1049 2453 1138 2502 est,
1158 2444 1357 2492 credere
1381 2444 1459 2491 vel
1483 2460 1581 2491 non

195 2513 410 2573 credere,
449 2515 565 2579 quae'
594 2533 684 2578 pro
715 2519 972 2567 miraculis
1011 2521 1281 2584 approbata
1312 2528 1441 2578 sunt,
1466 2519 1583 2567 libe·

194 2605 303 2637 rum
342 2606 532 2654 semper
561 2599 651 2651 est,
673 2601 820 2657 atque
857 2595 919 2644 de
942 2596 1035 2644 illis
1066 2595 1286 2659 judicare
1311 2596 1441 2643 intra
1467 2610 1582 2658 pec·

196 2672 276 2712 tus
299 2681 455 2723 suum,
477 2675 623 2729 prout
644 2670 954 2719 narrantibus
978 2672 1159 2719 bonum
1183 2670 1296 2718 inde
1319 2679 1582 2734 proventu-

197 2755 304 2787 rum
328 2739 406 2788 vel
427 2756 527 2788 non
544 2752 893 2804 proventurum
917 2755 1008 2803 est,
1032 2746 1219 2794 licitum
1242 2754 1330 2793 est.
1399 2746 1581 2794 Verum

196 2815 394 2879 quando
423 2815 487 2864 ad
509 2816 622 2864 fidei
656 2819 1007 2869 confessionem
1032 2829 1230 2869 ventum
1258 2821 1368 2880 erit,
1392 2820 1584 2885 privato

1633 349 1814 381 xxxvn.

1632 403 1824 425 *st—w
