1968 3236
0 1902 4 1909 ·
0 1863 2 1867 <
0 1778 11 1851 ἀνι-ιη
0 1601 14 1770 *ηιμ-*ην
0 1427 14 1592 -m-w—g——u
0 1408 2 1411 -
0 1206 9 1393 v-,sm--u-ffifv

480 224 553 257 DE
580 223 837 258 clvl'rA'rE
861 223 1219 257 CHRISTIANA.
1446 212 1542 269 429

156 334 342 383 tionem
376 350 695 399 personarum
721 336 770 382 in
795 335 1216 383 administratione
1254 332 1542 382 mediorum.
1573 355 1678 389 eff,
1697 354 1812 388 xm,

160 410 435 474 Unicuique
459 411 589 459 enim
627 412 712 459 fini
747 411 908 459 media
932 410 1322 459 determinantur
1359 409 1433 457 vel
1456 425 1544 472 per
1594 410 1794 488 Dm

157 494 402 545 naturam,
420 486 498 535 vel
513 503 600 550 per
619 487 776 535 Deum
796 488 954 551 ipsum
973 485 1434 550 supernaturaliter:
1459 484 1544 533 sed
1594 494 1798 523 cede-infit·

158 569 376 626 potestas
392 563 602 626 cogendi
626 563 847 611 homines
873 563 1043 610 mediis
1068 562 1213 610 certis
1230 561 1319 619 uti,
1338 561 1389 608 in
1413 560 1546 608 omni

157 644 306 701 gente
328 654 418 702 per
448 638 580 701 leges
617 648 806 688 naturae
842 647 917 687 est
952 638 999 687 in
1044 654 1233 686 summo
1274 637 1545 701 imperante

159 712 307 761 civili.

225 788 586 852 Argumentum
633 790 736 851 ejus
783 788 1050 836 secundum
1097 796 1197 842 est;
1256 785 1545 850 respublica

158 864 315 912 omnis
340 865 470 911 omni
501 881 593 912 non
621 864 720 911 sibi
754 864 967 912 subditce
999 865 1252 928 imperare
1279 868 1470 928 potest,
1495 869 1546 909 et

159 954 345 1004 cogere
375 956 482 987 eam
517 940 1001 988 administrationem
1037 939 1292 1003 publicam
1339 945 1547 994 mutare,

159 1020 212 1063 et
233 1015 371 1080 quod
405 1016 564 1077 majus
589 1022 680 1073 est,
710 1015 994 1080 principem
1025 1015 1290 1080 deponere,
1325 1021 1375 1061 et
1411 1014 1461 1061 in
1486 1012 1548 1060 il-

160 1088 260 1138 lius
294 1090 450 1138 locum
483 1090 634 1138 alium
671 1091 1006 1167 constituere(
1023 1091 1070 1136 si
1099 1097 1274 1137 contra
1316 1089 1548 1152 injurias,

159 1182 288 1230 quas
314 1172 479 1230 parat
501 1166 601 1213 sibi
610 1166 820 1230 facere,
845 1165 949 1213 alio
959 1165 1113 1213 *modo
1136 1166 1355 1228 seipsam
1381 1164 1549 1229 ‘I‘Zfi'n’

161 1241 285 1289 dere
307 1256 401 1288 nou
416 1241 587 1305 possit
602 1260 619 1288 .·
644 1241 793 1288 multo
819 1241 983 1306 magis
1001 1240 1286 1304 respublica
1303 1240 1549 1304 spiritua-

161 1316 230 1364 lis
258 1316 529 1381 temporali
564 1318 818 1382 imperare
843 1323 1033 1382 potest,
1067 1316 1550 1364 administrationem

150 1391 411 1457 publicam
449 1399 658 1451 mutare,
683 1393 946 1457 principes
971 1393 1235 1458 deponere,
1256 1392 1387 1439 alios
1413 1391 1553 1439 insti-

162 1473 319 1524 tuere,
338 1467 534 1531 quoties
550 1467 721 1515 bonum
739 1467 1013 1533 spirituale
1036 1467 1191 1515 aliter
1215 1469 1346 1516 tueri
1366 1467 1550 1532 nequit.

229 1542 379 1591 Quod
413 1543 584 1591 civitas
619 1543 726 1591 haec
750 1544 914 1591 omnia
935 1543 1096 1591 facere
1121 1544 1290 1607 possit,
1314 1551 1369 1591 ut
1392 1559 1443 1591 se
1467 1543 1551 1591 de-

160 1617 332 1666 fendat
354 1619 415 1666 ab
439 1619 643 1682 injuriis,
667 1619 838 1683 negari
860 1636 960 1668 non
983 1628 1162 1683 potest,
1177 1629 1228 1668 et
1251 1636 1281 1668 a
1302 1636 1382 1668 me
1405 1636 1553 1683 supra

162 1693 552 1742 demonstratum
572 1702 662 1743 est.
714 1696 900 1743 Verum
915 1712 1110 1761 quoque
1135 1704 1224 1752 est,
1249 1696 1290 1744 si
1315 1712 1412 1760 qua
1425 1702 1553 1743 esset

163 1769 216 1818 in
240 1769 335 1818 hoc
358 1770 543 1818 mundo
568 1771 741 1819 civitas
776 1771 1058 1835 spiritualis,
1077 1771 1311 1820 distincta
1331 1772 1393 1819 ab
1417 1770 1552 1819 omni

165 1844 363 1894 civitate
381 1846 656 1909 temporali,
671 1847 944 1910 principem
962 1847 1174 1895 civitatis
1191 1847 1318 1895 illius
1337 1855 1552 1911 potesta-

164 1928 267 1969 tem
294 1921 592 1980 habiturum,
617 1923 655 1970 si
681 1923 824 1971 aliter
847 1939 899 1971 se
922 1939 1151 1986 reparare
1174 1932 1261 1971 aut
1278 1924 1429 1971 tutari
1452 1940 1551 1972 non

163 2002 344 2059 posset,
362 1996 542 2044 bellum
564 1997 615 2044 in
633 1997 759 2057 illos,
779 1998 864 2062 qui
881 1998 1110 2061 injuriam
1123 1998 1343 2047 facerent
1365 2015 1457 2047 nec
1476 2015 1553 2047 re-

165 2078 414 2134 pararent,
427 2072 686 2131 inferendi,
695 2073 747 2121 id
761 2081 851 2133 est,
860 2073 1154 2138 deponendi,
1162 2074 1434 2133 occidendi,
1443 2075 1555 2122 sub·

161 2145 384 2209 jugandi,
402 2147 595 2195 aliudve
616 2148 793 2196 hostile
815 2149 1044 2197 faciendi.
1115 2149 1212 2197 Sed
1237 2166 1325 2213 per
1348 2149 1554 2198 eandem

166 2220 426 2280 rationem,
440 2238 540 2270 non
556 2223 716 2271 minus
732 2223 941 2288 principi
956 2225 1213 2288 temporali
1234 2225 1423 2272 licitum
1443 2226 1553 2283 erit,

167 2296 383 2360 acceptis
405 2305 488 2345 aut
513 2299 782 2361 expectatis
799 2299 991 2363 injuriis
1007 2300 1262 2358 similibus,
1277 2299 1461 2348 bellum
1480 2301 1555 2348 in-

167 2370 297 2419 ferre
326 2371 375 2419 in
401 2371 538 2420 illum
569 2373 653 2436 qui
682 2374 831 2423 habet
866 2384 1198 2439 suprematum
1235 2375 1554 2438 spiritualem.

169 2446 270 2494 Sed
299 2446 395 2495 hoc
432 2449 658 2512 amplius,
691 2458 827 2513 puto,
853 2459 946 2510 est,
972 2468 1119 2515 quam
1144 2450 1277 2515 quod
1315 2451 1376 2498 ab
1411 2466 1555 2515 argu-

169 2529 341 2570 mento
364 2538 455 2571 suo
477 2523 669 2573 illatum
691 2525 845 2575 voluit
869 2526 1155 2575 Cardinalis.

237 2596 483 2645 Caeterum
508 2599 678 2647 civitas
700 2601 964 2665 spiritualis
988 2602 1039 2650 in
1073 2602 1169 2650 hoc
1203 2601 1386 2649 mundo
1421 2601 1557 2650 nulla

170 2679 273 2728 θεῖς
309 2688 423 2721 cum
445 2689 525 2722 res
550 2674 720 2724 eadem
754 2676 819 2725 sit
854 2694 967 2726 cum
1002 2693 1155 2742 regno
1193 2677 1391 2734 Christi,
1423 2677 1556 2741 quod

169 2746 332 2796 adhuc
350 2756 611 2798 venturum
628 2758 718 2807 oet,
735 2767 928 2817 nempe,
944 2770 1042 2817 quo
1058 2761 1277 2817 tempore
1296 2762 1557 2816 resurgent

170 2823 382 2880 mortui3
417 2832 469 2872 et
493 2824 578 2888 qui
602 2825 917 2876 crediderunt
940 2828 991 2876 in
1026 2828 1240 2887 Christe,
1276 2843 1555 2893 quanquam
