1968 3236
525 264 595 297 me
623 263 884 297 civrrA‘rE
912 260 1270 295 cnms'rtANA.
1475 250 1597 295 -309

197 374 413 441 spiritus
450 374 551 422 Dei
586 374 791 422 eandem
828 373 975 420 habet
1019 372 1453 435 significationem;
1501 372 1870 428 ubicApxxxw.

198 451 388 500 ablatus
411 467 440 498 a
465 450 612 498 Saulo
637 451 686 497 in
720 449 955 498 Davidem
988 448 1192 496 collatus
1227 456 1315 506 est,
1339 447 1586 503 nimirum,
1626 448 1841 522 Dm

198 542 344 591 quem
368 526 431 575 ad
466 527 700 590 populum
729 542 869 573 suum
900 524 1166 587 regendum
1196 523 1411 587 elegerat
1439 523 1587 580 Deus,
1624 541 1652 565 et
1668 515 1828 574 Prbphetis.

198 600 357 649 eidem
380 602 589 665 gratiam
610 618 762 658 suam,
780 616 876 663 qua
894 599 944 646 id
963 607 1095 647 recte
1112 598 1274 647 facere
1297 604 1480 661 posset,
1499 598 1589 645 im-

197 677 411 740 pertivit.

265 753 521 816 Loquutus
557 753 686 800 Deus
717 759 792 799 est
822 752 969 798 etiam
1001 748 1265 812 aliquando
1288 764 1376 812 per
1399 755 1589 803 sortes3

200 845 310 894 quae
327 837 482 877 sortes
507 845 593 892 per
616 828 723 875 illos
748 842 940 890 semper
963 824 1332 882 ordinabantur,
1359 823 1442 888 qui
1464 839 1593 871 sum-

199 921 329 953 mam
354 905 404 952 in
428 905 609 968 populo
637 904 914 951 habuerunt
943 908 1253 964 potestatem.
1325 899 1406 947 Sic
1437 899 1569 947 mani

198 981 375 1030 festam
426 981 542 1028 fecit
588 996 676 1043 per
722 987 892 1036 sortes,
941 993 1061 1040 quas
1109 976 1352 1024 ordinavit
1401 975 1591 1033 Saulus,

203 1058 251 1118 (1
282 1056 411 1104 Sam.
436 1056 531 1103 xiv.
558 1062 638 1112 42,
664 1057 760 1114 43),
786 1053 979 1116 culpam
1001 1052 1270 1099 Jonathani
1300 1050 1388 1098 filii
1425 1050 1559 1098 Sauli

201 1140 253 1180 et
274 1132 321 1194 (J
326 1132 428 1180 osh.
450 1131 581 1178 xviii.
607 1133 684 1191 10)
708 1129 873 1177 divisit
890 1126 1218 1189 Deuq'lterram
1238 1127 1592 1175 Cananaeorum

201 1223 290 1271 per
311 1214 491 1263 sortes,
506 1222 634 1269 quas
653 1205 812 1252 Josua
838 1203 1093 1251 ordinavit
1118 1219 1286 1250 coram
1305 1202 1518 1249 Domino
1542 1202 1595 1249 in

203 1282 393 1330 shiloh.
463 1281 668 1329 Videtur
692 1281 841 1328 etiam
864 1294 954 1341 per
977 1286 1132 1327 sortes
1164 1278 1331 1335 fuisse,
1356 1277 1488 1340 quod
1512 1277 1596 1324 de—

203 1359 327 1407 texit
350 1359 481 1406 Deus
509 1356 666 1417 (Josh.
690 1355 804 1403 xvii.
837 1359 914 1416 18)
936 1354 1126 1402 Achani
1161 1353 1361 1401 furtum.
1433 1353 1596 1415 Atque

202 1434 255 1482 hi
278 1434 411 1482 modi
435 1442 565 1490 sunt,
589 1448 676 1495 per
707 1447 828 1494 quos
851 1430 1154 1478 voluntatem
1190 1445 1327 1477 suam
1363 1428 1597 1492 patefecit

203 1510 336 1558 Deus
360 1509 411 1557 in
434 1509 747 1556 Testamento
771 1505 952 1554 Veteri.

270 1585 450 1634 Iisdem
473 1585 620 1632 ctiam
639 1599 754 1631 usus
773 1590 848 1630 est
865 1582 916 1629 in
932 1582 1246 1629 Testamento
1272 1579 1431 1628 Novo.
1468 1580 1597 1627 Nam

203 1661 393 1725 Virgini
429 1660 600 1708 Mariae
640 1658 870 1722 loquutus
913 1665 988 1704 est
1027 1656 1170 1718 (Luc.
1191 1655 1224 1704 i.
1244 1658 1329 1717 28)
1369 1671 1459 1720 per
1481 1655 1598 1703 visi-

205 1753 342 1786 onem
361 1735 535 1800 angeli
545 1754 563 1790 ‚·
603 1735 631 1783 J
636 1734 820 1798 osepho
843 1732 1046 1794 (Matth.
1066 1732 1083 1779 i
1120 1734 1203 1793 20)
1226 1747 1314 1795 per
1327 1730 1563 1778 somnium
1580 1749 1597 1784 ,-

206 1812 355 1861 Paulo
388 1810 716 1875 proficiscenti
750 1809 1045 1856 Damascum
1082 1807 1214 1867 (Act.
1240 1806 1306 1854 ix.
1333 1807 1381 1868 3)
1403 1806 1454 1853 in
1481 1804 1600 1853 visi-

206 1905 297 1935 one
312 1906 331 1943 ;
374 1887 517 1935 Petro
558 1886 689 1947 (Act.
729 1884 794 1932 xi.
833 1884 883 1945 5)
933 1883 984 1930 in
1019 1882 1209 1929 visione
1251 1881 1391 1929 lintei
1432 1881 1599 1944 magni

207 1962 369 2011 emissi
403 1978 431 2010 e
466 1961 618 2017 coelo;
654 1959 812 2008 eidem
847 1959 899 2006 in
934 1973 1130 2005 carcere
1159 1957 1290 2017 (Act.
1316 1956 1399 2004 xii.
1426 1959 1473 2017 7)
1511 1971 1602 2020 per

209 2038 442 2086 visionem
480 2036 655 2101 angeli
676 2054 695 2091 ;
730 2034 981 2098 Apostolis
1004 2041 1057 2080 et
1081 2032 1408 2097 scriptoribus
1431 2032 1602 2080 Testa-

209 2113 361 2161 menti
384 2112 512 2160 Novi
535 2112 664 2171 (Act.
690 2111 739 2158 ii.
764 2112 818 2171 4)
847 2125 938 2173 per
968 2109 1182 2173 gratias
1207 2108 1367 2155 varias
1393 2107 1602 2170 Spiritus

211 2188 363 2236 divini
379 2210 392 2243 ;
416 2195 466 2235 et
484 2186 732 2250 Apostolis
755 2201 941 2243 rursus,
958 2200 1071 2232 cum
1088 2183 1352 2231 Matthjam
1377 2182 1428 2230 in
1443 2182 1601 2245 Apos-

211 2263 366 2313 tolum
389 2263 624 2326 eligerent
651 2263 784 2323 (Act.
810 2261 842 2309 i.
867 2264 965 2322 26),
991 2275 1078 2323 per
1101 2266 1281 2306 sorte-9.
1336 2258 1459 2305 Cum
1482 2272 1600 2319 ergo

213 2339 371 2388 omnis
415 2338 674 2402 prophetia
706 2343 1053 2401 praesupponat
1086 2335 1338 2392 visionem,
1362 2333 1439 2381 vel
1473 2346 1599 2379 som-

212 2414 360 2472 nium,
406 2412 481 2460 vel
524 2412 750 2476 gratiam
796 2411 1007 2474 aliquam
1054 2409 1267 2458 divinam
1314 2407 1559 2471 egregiam
1586 2426 1601 2460 ;

214 2505 422 2553 cumque
456 2497 558 2537 tam
590 2487 869 2551 hujusmodi
898 2486 1092 2552 gratioe
1128 2502 1274 2550 quam
1304 2486 1494 2532 somnia
1521 2487 1600 2534 vel

214 2565 445 2622 visiones,
473 2563 714 2627 proficisci
746 2563 949 2627 possint,
985 2579 1085 2611 non
1120 2562 1276 2610 solum
1311 2568 1600 2623 supernatu-

214 2640 381 2689 raliter
414 2647 466 2687 et
499 2638 790 2698 immediate,
814 2638 901 2687 sed
928 2638 1076 2686 etiam
1107 2636 1395 2685 naturaliter
1428 2643 1479 2682 et
1510 2651 1601 2699 per

215 2730 385 2763 causas
419 2713 688 2769 secundas3
717 2713 903 2777 judicio
938 2722 988 2762 et
1012 2713 1202 2761 ratione
1229 2709 1440 2759 naturali
1478 2726 1601 2773 opus

214 2799 306 2848 est,
329 2797 386 2838 ut
421 2789 549 2836 inter
571 2789 796 2853 gratias,
820 2789 1050 2846 visiones,
1073 2787 1262 2835 somnia
1287 2786 1530 2833 naturalia
1551 2794 1603 2835 et

216 2866 601 2931 supernaturalia
646 2874 778 2915 recte
824 2866 1218 2929 distinguamus;
1271 2864 1598 2928 debemusque
