1968 3236
168 388 270 420 CAP.
287 388 414 421 XLIV.

191 442 376 464 ⁸·——v-—s

175 484 220 511 De
233 484 358 511 tenebris

172 526 372 563 spiritualibus

176 571 213 597 nb
226 570 392 607 interpreta-

433 246 529 288 452
767 255 837 287 DE
865 253 1052 287 REGNo
1079 250 1486 285 TENEBRARUM.

435 375 485 414 et
521 366 604 429 qui
640 381 897 428 personam
937 363 1116 411 Christi
1155 361 1444 409 Christianis
1477 361 1699 409 omnibus
1735 375 1812 408 re-

434 449 712 506 praesentat,
739 454 1039 501 consequens
1077 445 1166 495 est,
1192 436 1323 500 quod
1350 444 1639 499 potestatem
1671 452 1812 500 rega-

435 518 530 565 lem
568 518 655 564 sub
694 516 884 564 Christo
920 513 1256 561 universaliter
1278 520 1449 576 poscat
1470 511 1690 574 pontifex
1713 511 1813 558 Ro-

175 613 407 641 tioneuonrecm
435 608 635 646 manus3
673 598 721 638 et
756 590 888 653 quod
915 587 1118 637 eandem
1142 595 1435 651 potestatem
1458 587 1509 635 in
1534 586 1812 634 civitatibus

175 656 400 693 Scriptururum.

435 668 680 716 nonnullis
698 675 901 730 poscant
923 673 1176 729 pastorum
1192 671 1472 711 conventus.
1511 663 1636 711 Sunt
1649 669 1813 710 autem

434 744 486 791 hi
511 743 591 806 qui
615 759 703 806 per
725 741 1083 789 vehementiam
1111 738 1394 803 disputandi
1427 739 1591 786 lumen
1625 744 1813 785 naturae

436 820 744 882 extinguunt,
775 824 1034 879 tantasque
1063 816 1114 863 in
1146 815 1396 862 hominum
1431 813 1676 861 mentibus
1711 813 1812 860 effi-

437 896 571 942 ciunt
596 894 837 950 tenebras,
860 899 916 939 ut
943 891 1050 954 quis
1075 891 1152 948 sit,
1178 891 1257 938 cui
1281 889 1610 937 obedientiam
1632 888 1815 952 promi-

437 977 599 1018 serant
623 969 819 1027 subditi,
843 967 1009 1015 videre
1033 973 1294 1030 nequeant.

503 1045 751 1093 Doctrinae
775 1053 938 1092 autem
970 1043 1100 1102 huic,
1125 1043 1305 1105 Papam
1336 1042 1387 1089 in
1411 1040 1638 1104 praesenti
1661 1039 1815 1087 eccle-

437 1122 508 1169 sia
541 1120 776 1168 vicarium
812 1119 992 1167 Christi
1022 1118 1346 1166 universalem
1370 1133 1490 1175 esse,
1516 1130 1816 1178 consequens

437 1204 509 1244 est
533 1197 756 1244 doctrina
779 1196 888 1253 alia,
913 1211 1103 1258 nempe,
1139 1195 1244 1257 regi
1282 1193 1558 1241 Christiano
1594 1207 1816 1239 necessa-

436 1273 562 1319 rium
597 1287 699 1319 esse
736 1270 961 1319 coronari
998 1271 1058 1318 ab
1096 1269 1322 1333 episcopo
1357 1268 1551 1331 aliquo;
1589 1267 1728 1331 quasi
1751 1266 1813 1314 ab

436 1348 519 1395 illa
542 1346 818 1395 ceremonia
841 1353 982 1403 esset,
1009 1345 1139 1408 quod
1173 1345 1283 1407 jure
1319 1344 1483 1391 divino
1517 1343 1740 1406 imperet,
1765 1351 1816 1390 et

437 1424 487 1471 in
511 1424 654 1471 titulo
679 1423 945 1470 clausulam
967 1422 1094 1469 hanc
1130 1421 1324 1479 habeat,
1360 1419 1462 1467 Dei
1481 1418 1662 1484 gratia
1687 1434 1780 1465 rex
1800 1436 1816 1471 ‚-

439 1499 664 1563 quodque
699 1515 906 1562 regnum
940 1514 1082 1546 suum
1116 1513 1216 1544 non
1253 1513 1282 1544 a
1323 1497 1426 1544 Deo
1464 1494 1688 1558 accipiat,
1723 1493 1818 1542 nisi

440 1576 603 1623 datum
622 1574 684 1622 sit
701 1590 789 1637 per
807 1575 899 1622 Dei
912 1573 1163 1631 vicarium,
1185 1573 1364 1635 Papam
1381 1593 1392 1627 ;
1419 1571 1644 1634 quodque
1660 1569 1817 1618 omnis

438 1651 691 1713 episcopus
717 1651 949 1698 Romanae
974 1649 1253 1707 dioeceseos,
1274 1647 1468 1711 quando
1488 1654 1817 1704 consecratur,

439 1727 659 1774 Pontifici
676 1727 896 1774 Romano
916 1726 1135 1774 absolute
1154 1724 1465 1772 obediturum
1484 1739 1534 1770 se
1552 1738 1655 1770 esse
1665 1722 1815 1784 juret.

438 1801 609 1849 Eidem
625 1801 860 1849 doctrinae
874 1816 1177 1864 consequens
1193 1807 1268 1847 est
1295 1798 1501 1847 Concilii
1525 1798 1819 1845 Lateranen-

439 1877 503 1924 sis
524 1877 788 1935 decretum,
805 1878 893 1925 sub
913 1876 1203 1924 Innocentio
1221 1875 1368 1923 tertio
1387 1878 1517 1937 (cap.
1535 1889 1622 1921 111.
1643 1872 1704 1920 de
1722 1872 1821 1920 hae-

439 1952 623 2013 reticis)
646 1971 655 1998 :
695 1953 752 2000 Si
771 1969 878 2011 rex,
903 1970 935 2000 a
965 1953 1110 2017 Papa
1136 1950 1432 2009 admonitus,
1452 1965 1662 2014 regnum
1685 1964 1822 1996 suum

439 2027 502 2074 ab
526 2027 796 2075 lcoeresibus
820 2045 914 2076 non
938 2034 1150 2093 purget,
1176 2033 1226 2075 et
1249 2025 1309 2073 ob
1345 2042 1452 2073 eam
1487 2041 1593 2072 rem
1630 2040 1820 2072 exeom-

439 2103 711 2150 municatus
751 2120 844 2151 non
884 2104 1178 2167 satisfaciat
1214 2103 1351 2150 intra
1398 2116 1592 2158 annum,
1632 2098 1824 2147 subditi

440 2179 546 2240 ejus
570 2178 631 2225 ab
657 2178 948 2226 obedientia?
976 2178 1168 2226 vinculo
1205 2176 1545 2224 absolvantur.
1617 2174 1824 2224 Quoties

440 2253 605 2316 itaque
628 2254 756 2301 inter
792 2247 939 2317 Papae'
971 2262 1020 2301 et
1058 2253 1263 2301 aliorum
1286 2251 1564 2315 principum
1590 2250 1824 2298 Christia-

441 2344 612 2375 norum
652 2329 855 2377 consilia
890 2329 1263 2392 repugnantiam
1288 2343 1391 2375 esse
1415 2326 1660 2389 contingit
1686 2326 1824 2388 (con-

441 2403 597 2466 tinget
642 2413 806 2452 autem
847 2406 1016 2467 saepe),
1065 2412 1218 2452 tantae
1266 2404 1491 2451 oriuntur
1536 2403 1666 2450 inter
1711 2402 1824 2449 sub-

442 2479 569 2527 ditos
609 2496 780 2543 regum
811 2480 1040 2537 tenebrae,
1074 2487 1130 2527 ut
1169 2478 1416 2527 hominem
1456 2486 1728 2536 externum,
1773 2477 1824 2525 in

442 2555 671 2602 thronum
707 2555 895 2618 regium
931 2570 1034 2601 sese
1078 2554 1425 2611 intrudentem,
1461 2553 1521 2600 ab
1557 2567 1615 2600 eo
1650 2551 1824 2600 distin-

443 2645 591 2692 guere
626 2630 863 2687 nesciunt,
899 2645 1043 2692 quem
1071 2629 1162 2691 ipsi
1187 2628 1236 2675 in
1261 2645 1319 2676 eo
1344 2628 1737 2683 collocaverant3
1774 2633 1825 2675 et

443 2720 543 2766 prae
600 2705 873 2752 intellectus
916 2704 1138 2751 caecitate
1183 2712 1405 2766 pugnant
1451 2703 1581 2751 inter
1626 2702 1824 2766 seipSOS‚

444 2779 625 2826 amicos
649 2780 709 2827 ab
735 2778 942 2826 inimicis
977 2794 1076 2826 non
1110 2778 1484 2842 distinguentes.
1555 2777 1632 2826 Ab
1655 2777 1826 2826 eadem

445 2852 682 2912 doctrina,
707 2870 880 2917 nempe
903 2853 1034 2917 quod
1058 2853 1263 2902 ecclesia
1284 2869 1498 2917 praesens
1521 2860 1597 2902 est
1619 2869 1826 2917 reguum
