1968 3236
437 255 725 290 APPnnmx
752 256 826 289 An
854 257 1195 291 nevum-nan.
1414 249 1509 292 569

24 361 26 363 ’
121 364 335 415 sciamus
357 363 526 412 Jesum
549 381 662 413 esse
682 365 936 414 Christum
960 366 1140 415 Filium
1164 366 1267 415 Dei
1288 368 1511 417 viventis.
1562 392 1666 425 eff,
1689 392 1758 425 ιη,

121 440 382 498 Praeterea,
428 439 549 488 dicit
588 440 718 488 idem
759 442 1009 504 apostolus
1050 443 1095 503 (l
1140 442 1294 507 Epist.
1331 443 1396 492 iv.
1428 446 1510 504 2):
1564 447 1751 515 m

125 514 296 565 Omnis
331 514 557 580 Spiritus
581 515 669 580 qui
704 517 967 579 confltetur
992 517 1161 565 Jesum
1199 534 1310 566 esse
1337 517 1515 566 Chris·
1562 496 1734 568 &¹130wa

121 596 224 639 tm
258 594 311 639 et
331 589 526 638 venisse
548 591 599 639 in
622 607 792 649 carne,
816 608 879 639 ex
901 592 1014 639 Deo
1038 599 1131 641 est.
1201 593 1362 642 Multa
1393 594 1514 643 item
1561 574 1796 646 {xum

120 665 219 715 alia
255 664 366 715 loea
387 674 506 714 sunt
528 666 579 715 in
602 666 920 714 Testamento
946 668 1088 715 Novo
1112 669 1256 732 hujus
1281 669 1471 717 similia.

187 739 257 789 A.
291 739 391 788 Sed
413 748 588 790 contra
621 748 711 800 est,
749 742 882 805 quod
904 742 1084 806 legitur
1113 743 1164 791 in
1186 743 1283 791 fine
1306 744 1514 808 symboli

120 814 394 875 Athanasii,
415 832 594 881 nempe
631 817 760 865 hoc:
795 817 927 865 Haec
963 824 1041 866 est
1063 818 1206 880 ,fides
1246 819 1513 879 catholica,

120 906 272 957 quam
291 891 394 941 nisi
427 892 543 957 quis
569 908 676 958 pro
699 900 839 942 certo
862 892 1056 952 credat,
1078 893 1272 942 salvari
1295 910 1390 943 non
1416 911 1514 960 po-

122 971 239 1016 test.

188 1040 258 1091 B.
290 1041 432 1091 Tunc
455 1042 620 1091 Sacrae
644 1042 912 1106 Scripturae
930 1053 982 1092 et.
1011 1044 1172 1092 verbis
1194 1044 1405 1108 apostoli
1428 1061 1516 1109 op-

120 1132 277 1181 pones
297 1117 450 1166 verba
469 1117 762 1166 Athanasii?
814 1118 964 1182 CuJus
987 1119 1260 1183 symbolum
1283 1120 1517 1183 recipitur

124 1192 323 1257 quidem
368 1193 431 1241 ab
477 1193 685 1242 ecclesia
721 1202 781 1243 ut
817 1195 1061 1258 expositio
1097 1194 1175 1243 vel
1206 1195 1515 1259 paraphrasis

123 1267 334 1332 symboli
356 1267 567 1324 Niceni;
602 1268 691 1317 sed
710 1269 818 1318 haec
839 1269 991 1319 verba
1009 1269 1264 1319 Athanasii
1286 1270 1420 1319 nulla
1442 1278 1517 1319 est

122 1358 238 1407 pars
259 1341 390 1391 illius
413 1342 641 1407 symboli.

190 1417 258 1466 A.
294 1417 422 1467 Sunt
452 1426 505 1466 et
526 1417 625 1467 alia
658 1417 911 1483 paradoxa
944 1435 1046 1468 non
1079 1435 1238 1484 pauca
1259 1421 1311 1468 in
1344 1420 1516 1469 eodem

122 1492 281 1548 libro;
314 1492 403 1542 sed
438 1494 555 1558 quia
589 1494 793 1543 minoris
831 1501 949 1544 sunt
983 1511 1131 1560 quam
1162 1503 1220 1544 ut
1252 1496 1346 1545 illis
1384 1512 1516 1546 nunc

124 1569 513 1630 immoraremur,
535 1585 639 1618 non
660 1569 924 1634 proferam.
1102 1570 1109 1577 '

190 1644 260 1694 Β.
295 1644 367 1694 Ut
386 1644 523 1694 libet.
594 1645 693 1694 Sed
710 1645 763 1694 in
783 1645 862 1695 his
887 1662 998 1711 quae
1019 1646 1421 1711 protulistiffiihil
1443 1647 1518 1695 in-

123 1719 270 1770 venio
284 1719 461 1770 eontra
481 1719 632 1769 fidem
649 1720 869 1770 ecclesiae
884 1729 1084 1782 nostrae,
1100 1738 1395 1787 quamquam
1416 1738 1518 1771 non

123 1810 284 1861 panea
322 1795 599 1846 doctrinam
632 1796 977 1862 theologorum
1011 1797 1315 1862 privatorum
1348 1813 1518 1862 super-

126 1870 280 1922 antia.

459 2320 611 2354 PINIS
638 2321 959 2355 VOLUMINIS
986 2320 1194 2354 TERTH.

265 2944 391 2979 vol„
416 2945 504 2979 111.
1234 2942 1265 2976 P
1285 2941 1317 2975 P
