1910 3236
394 247 458 290 50
831 260 835 266 ·
915 257 986 290 DF:
1014 256 1257 290 HOMINE.

151 391 254 424 eff,
271 391 335 424 V1,
395 367 586 416 sionum
608 367 925 422 voluntariae3
963 367 1102 430 signa
1136 375 1300 416 autem
1339 376 1476 415 certa
1509 383 1608 415 non
1633 374 1780 421 sunt;

111 447 332 525 nem
395 443 558 506 idque,
595 443 710 506 quia
737 443 1013 490 voluntaria
1047 451 1176 491 sunt.
1247 444 1489 492 Passionis
1524 442 1781 507 praesentis

109 530 233 559 internis
250 534 347 580 {potus
397 518 669 566 certissima
704 517 842 580 signa
875 527 989 565 sunt
1023 518 1121 576 illa,
1147 534 1256 582 quae
1280 535 1309 566 a
1330 519 1484 577 vultu,
1508 526 1664 582 gestu,
1701 533 1780 564 ac-

112 574 344 607 mluutm’em'
393 594 624 652 tionibus,
649 593 841 651 finibus,
867 593 1174 656 negotiisque
1197 594 1452 641 hominum
1470 593 1744 657 capiuntur.

464 669 709 718 Quoniam
727 669 779 715 in
798 668 1162 728 deliberatione,
1177 670 1422 733 appetitus
1440 678 1490 717 et
1508 669 1782 717 aversiones

396 763 425 794 a
446 752 711 808 prospectu
741 744 984 792 bonorum
1018 751 1069 792 et
1104 744 1343 792 malorum
1378 744 1782 809 consequentium

396 821 654 878 actionem,
699 819 759 867 de
801 835 899 883 qua
935 819 1276 879 deliberamuS,
1318 821 1521 868 alternae
1566 827 1694 877 sunt,
1732 827 1783 866 et

396 905 621 944 catenam
665 895 865 959 longam
905 896 1095 944 faciunt
1133 897 1607 959 consequentiarum,
1645 897 1784 959 cujus

396 974 542 1020 finem
567 987 900 1035 saepenumero
924 989 1024 1020 non
1046 972 1299 1027 videmus;
1336 973 1376 1020 si
1412 972 1463 1020 in
1499 980 1672 1020 catena
1702 971 1786 1019 illa

395 1049 499 1096 visa
516 1048 616 1095 sint
634 1048 984 1110 consequentia
996 1048 1138 1111 plura
1159 1049 1289 1096 bona
1303 1064 1448 1111 quam
1462 1048 1605 1106 mala,
1624 1055 1786 1096 totum

397 1132 718 1187 aggregatum
756 1123 926 1171 bonum
963 1131 1036 1172 est
1074 1141 1331 1189 apparens
1347 1143 1365 1179 ;
1408 1125 1449 1172 si
1482 1125 1623 1188 plura
1658 1123 1788 1172 mala

398 1216 546 1263 quam
562 1200 706 1258 bona,
723 1207 843 1247 tunc
863 1207 1024 1248 totum
1039 1200 1218 1248 malum
1237 1216 1494 1265 apparens
1509 1208 1598 1248 est.
1636 1200 1684 1247 Is
1697 1199 1787 1263 igi-

397 1282 493 1333 tur,
518 1275 602 1338 qui
626 1275 999 1323 ratiocinatione
1022 1276 1100 1323 vel
1125 1276 1428 1339 experientia
1450 1275 1783 1339 longissimum

399 1351 491 1398 sibi
507 1351 966 1414 consequentiarum
983 1359 1297 1414 prospectum
1311 1351 1585 1415 acquisivit,
1603 1351 1787 1415 optime

398 1426 650 1484 deliberat,
675 1433 725 1474 et
748 1426 960 1490 optimus
983 1427 1088 1474 aliis
1112 1427 1412 1475 consiliarius
1436 1443 1540 1475 esse
1562 1433 1740 1490 potest.

465 1503 733 1565 Perpetuus
754 1502 806 1549 in
828 1502 973 1549 rebus
1002 1502 1177 1565 cupitis
1197 1503 1354 1550 bonus
1378 1518 1643 1561 successus,
1668 1502 1790 1550 illud

398 1577 556 1640 ipsum
582 1585 658 1624 est
682 1577 816 1640 quod
837 1578 1003 1626 vocari
1022 1578 1145 1626 solet
1157 1578 1417 1643 felicita&
1489 1578 1788 1626 Felicitatem

400 1652 623 1715 intelligo
666 1653 920 1715 praesentis
963 1653 1091 1701 vitae.
1162 1653 1311 1701 Nulla
1357 1653 1486 1701 enim
1527 1661 1601 1701 est
1640 1653 1790 1701 animi

400 1730 517 1777 dum
540 1731 746 1778 vivimus
771 1738 1008 1793 perpetua
1030 1731 1356 1794 tranquillitas
1376 1752 1388 1786 ;
1427 1731 1541 1795 quia
1562 1731 1664 1779 vita
1686 1731 1791 1795 ipsa

399 1812 562 1853 motus
587 1813 676 1864 est,
700 1822 858 1869 neque
883 1806 985 1854 sine
1010 1807 1294 1870 cupiditate,
1315 1815 1561 1870 metuque,
1587 1807 1790 1870 aliisque

399 1881 706 1944 passionibus
731 1882 893 1929 vivere
930 1882 1076 1930 homo
1108 1891 1284 1946 potest,
1311 1883 1466 1946 magis
1502 1899 1648 1945 quam
1686 1883 1790 1930 sine

399 1972 558 2005 sensu.

467 2032 696 2080 Formula
719 2033 972 2092 sermonis,
993 2049 1088 2096 qua
1106 2034 1214 2097 quis
1237 2034 1515 2097 opinionem
1537 2050 1674 2082 suam
1698 2034 1791 2097 sig-

400 2107 570 2156 nificat
590 2107 650 2155 de
674 2108 878 2171 alicujus
902 2109 972 2156 rei
993 2108 1229 2167 bonitate,
1255 2109 1366 2157 lau-s·
1391 2117 1478 2157 est.
1548 2109 1790 2168 Formula,

402 2199 498 2247 qua
534 2183 777 2246 significat
807 2184 1087 2247 potentiam
1121 2191 1170 2232 et
1193 2184 1581 2249 magnitudinem
1604 2185 1692 2242 rei,
1717 2194 1792 2232 est

401 2258 760 2323 magnific-atie.
831 2259 1073 2317 Formula,
1100 2275 1197 2322 qua
1231 2259 1474 2323 significat
1511 2260 1791 2323 opinionem

403 2350 550 2397 quam
571 2334 720 2383 habet
743 2334 804 2382 de
822 2334 963 2398 alicuj
972 2351 1025 2383 us
1030 2335 1315 2399 felicitate,
1331 2351 1361 2383 a
1384 2335 1566 2384 Graecis
1589 2343 1794 2384 vocatur

400 2410 680 2473 μακαρισμὸς.

469 2484 632 2547 Atque
655 2484 762 2533 haec
794 2484 854 2532 de
884 2484 1224 2549 passionibuS,
1250 2493 1491 2548 quatenus
1514 2486 1579 2535 ad
1601 2486 1794 2535 institu-

403 2567 508 2606 tum
532 2576 764 2623 praesenS,
789 2560 922 2609 dicta
944 2561 1200 2609 sufficiant.
