1968 3236
427 237 523 279 226
934 246 1005 278 DE
1032 245 1308 279 clver'rE.

143 375 405 408 CAP.xxvn1
426 365 512 405 aut
536 357 683 404 verbo
708 355 865 403 sciens
889 363 939 402 et
963 355 1226 404 deliberate
1248 373 1470 420 personae
1494 360 1706 408 civitatis
1725 377 1811 409 au-

182 431 370 508 m
426 433 710 480 thoritatem
756 431 1006 494 negaverit
1026 451 1037 485 ;
1088 447 1389 496 quaecunque
1433 451 1578 498 poena
1621 436 1811 484 crimini

180 514 356 552 etpraemiis·
425 508 554 556 laesae
578 507 844 569 majestatis
858 506 965 568 lege
983 506 1268 569 praescripta
1281 507 1442 568 fuerit,
1451 511 1614 572 puniri
1628 519 1808 569 tamen,

426 600 538 631 cum
562 599 611 630 se
631 584 733 646 jam
747 582 938 629 hostem
954 582 1164 630 civitatis
1183 599 1288 631 esse
1309 584 1640 646 declaraverit,
1665 604 1812 651 poena

424 658 682 706 arbitraria
701 659 811 720 jure
834 665 997 720 potest
1019 665 1254 722 tanquam
1272 660 1444 709 hostis.

491 734 653 781 Poenae
678 733 856 780 divinoe
881 741 995 781 sunt
1016 734 1094 781 vel
1111 734 1346 783 humana).
1393 737 1466 785 De
1481 737 1574 785 illis
1594 738 1810 787 dicemus

424 810 518 858 alio
537 810 645 857 loco
669 810 823 872 magis
843 810 1041 873 proprio
1065 810 1279 858 inferius.

489 885 730 932 Humanae
763 892 874 932 sunt
909 885 1005 933 illae
1037 902 1211 948 poenae,
1249 902 1355 949 quae
1388 888 1684 935 authoritate
1718 888 1808 937 hu·

423 978 582 1009 mana⁴
612 962 903 1024 infliguntur
923 982 934 1016 ;
997 968 1207 1025 suntque
1253 962 1331 1010 vel
1377 963 1685 1026 corporales,
1731 963 1810 1011 vel

411 1037 745 1103 pecuniariae,
786 1038 863 1085 vel
904 1037 1193 1101 ignominia,
1236 1037 1314 1085 vel
1347 1038 1701 1099 incarceratio,
1733 1039 1810 1087 vel

422 1114 641 1171 exilium,
664 1113 741 1160 vel
764 1129 824 1160 ex
841 1113 918 1160 his
937 1112 1103 1160 mixta.

488 1190 646 1237 Poena
671 1188 956 1252 corporali-s·
980 1195 1066 1247 est,
1085 1204 1193 1250 quae
1210 1188 1448 1251 infligitur
1462 1188 1511 1235 in
1531 1205 1706 1252 corpus
1721 1206 1810 1253 per

420 1266 723 1314 voluntatem
757 1265 1054 1327 infligentis3
1108 1264 1270 1327 qualia
1304 1271 1417 1311 sunt
1450 1265 1668 1323 verbera,
1702 1266 1808 1313 vul-

421 1357 554 1400 nera,
580 1348 630 1388 et
654 1357 822 1389 earum
844 1356 1007 1388 rerum
1031 1340 1227 1398 ablatio,
1247 1355 1355 1403 quae
1371 1340 1563 1403 corpori
1575 1340 1808 1404 jucundae

421 1417 699 1476 existentes,
723 1417 858 1479 prius
880 1416 1271 1479 possidebantur.

488 1492 707 1541 Quarum
744 1509 999 1555 poenarum
1030 1492 1138 1540 aliae
1167 1491 1413 1555 capitales,
1453 1491 1559 1540 aliae
1597 1492 1808 1540 minores

420 1575 549 1615 sunt.
619 1567 865 1631 Capitalis,
890 1575 965 1616 est
989 1568 1158 1615 mortis
1192 1567 1415 1624 inflictio,
1442 1568 1544 1616 sive
1577 1569 1807 1631 simplicis

420 1643 520 1690 sive
544 1659 656 1691 cum
685 1643 919 1691 cruciatu.
989 1644 1206 1691 Minores
1242 1660 1402 1707 poenae
1439 1651 1553 1691 sunt
1587 1645 1805 1702 verbera,

418 1719 636 1776 vulnera,
671 1719 879 1778 vincula,
916 1719 1168 1782 omnisque
1215 1719 1309 1766 alia
1343 1719 1559 1782 corporis
1594 1719 1806 1778 afflictio,

421 1810 528 1857 quae
559 1810 646 1842 sua
672 1802 849 1841 natura
882 1811 981 1842 non
1016 1802 1130 1842 sunt
1163 1794 1394 1849 lethales3
1431 1794 1523 1842 etsi
1557 1794 1686 1842 enim
1719 1811 1807 1858 per

420 1870 644 1918 accidens
668 1869 865 1931 aliquod
889 1885 988 1917 non
1010 1869 1269 1932 praevisum
1292 1885 1421 1917 mors
1441 1878 1686 1933 sequatur,
1704 1887 1806 1918 non

420 1946 610 1994 dicetur
632 1961 778 2008 poena
801 1945 1035 2007 capitalis.

486 2023 634 2070 Poena
662 2021 943 2083 pecuniaria
970 2028 1044 2068 est
1073 2020 1250 2068 ablatio
1278 2036 1377 2068 non
1413 2020 1568 2068 solum
1603 2036 1805 2070 summae

418 2098 622 2160 alicujus
647 2096 881 2159 pecuniae,
903 2096 987 2143 sed
1006 2096 1153 2143 etiam
1168 2097 1497 2159 cujuscunque
1513 2096 1583 2144 rei
1596 2098 1806 2160 pecunia

419 2171 790 2222 commutabilis.
862 2172 1008 2220 Quod
1032 2172 1072 2219 si
1110 2172 1189 2219 lex
1212 2188 1408 2235 poenam
1433 2172 1634 2220 definiat
1655 2188 1805 2236 pecu-

418 2249 638 2307 niariam,
655 2264 712 2296 eo
726 2248 822 2295 fine
839 2256 896 2295 ut
913 2264 942 2295 a
956 2248 1392 2311 transgressoribus
1407 2248 1528 2311 legis
1544 2249 1805 2311 pecuniam

419 2324 609 2374 auferat
629 2344 641 2377 ;
693 2339 851 2386 poena,
893 2323 1088 2386 proprie
1136 2323 1396 2386 loquend0‚
1443 2339 1542 2371 non
1589 2331 1678 2384 est,
1717 2324 1805 2373 sed

418 2398 659 2465 privilegii
695 2399 795 2446 sive
833 2398 1153 2461 exemptionis
1190 2415 1220 2447 a
1257 2398 1366 2462 lege
1406 2399 1619 2461 pretium
1640 2420 1652 2456 ;
1689 2400 1805 2462 quia

416 2478 603 2525 factum
629 2475 789 2539 ipsum
823 2490 923 2522 non
955 2474 1175 2522 absolute
1210 2481 1344 2522 vetat
1374 2474 1452 2522 lex
1482 2474 1594 2523 talis
1617 2475 1804 2524 civibus

419 2551 658 2609 omnibus,
682 2549 768 2598 sed
801 2549 894 2597 illis
920 2557 1113 2598 tantum
1149 2550 1230 2612 qui
1258 2550 1516 2613 pecuniam
1551 2550 1802 2600 definitam

418 2644 518 2675 non
539 2633 746 2690 possunt
765 2625 966 2673 solvere.
1005 2625 1103 2673 Sed
1120 2625 1171 2673 in
1188 2625 1375 2688 legibus
1399 2634 1591 2674 naturae
1615 2633 1663 2675 et
1681 2626 1800 2690 legi-

415 2704 506 2751 bus
525 2702 586 2751 de
610 2702 745 2750 cultu
763 2700 944 2759 divino,
967 2701 1106 2749 aliter
1129 2716 1180 2749 se
1204 2716 1281 2749 res
1304 2701 1465 2749 habet.
1535 2702 1663 2750 Nam
1686 2701 1727 2750 si
1749 2701 1801 2750 in

417 2795 515 2838 eos,
552 2779 634 2842 qui
669 2779 772 2826 sine
805 2793 950 2826 causa
973 2777 1260 2840 juraverint,
1284 2777 1468 2825 mulcta
1504 2784 1802 2826 statueretur

418 2853 715 2918 pecuniaria,
738 2852 945 2916 pecunia
967 2852 1050 2900 illa
1072 2868 1161 2915 pro
1185 2852 1306 2914 legis
1331 2851 1692 2915 dispensatione
1713 2852 1800 2901 ha—
