1968 3236
557 294 627 327 nn
655 294 912 327 elvrrArE
940 292 1295 327 CHRISTIANA.
1460 267 1465 271 ’
1519 282 1608 324 341

240 401 380 450 nobis
414 402 667 462 Domina-5,
705 421 765 452 ne
786 404 939 468 forte
985 403 1264 452 moriamur.
1335 402 1456 450 Haec
1504 407 1619 448 sunt
1669 424 1771 456 cAp,
1788 422 1864 455 m„

243 478 390 526 verba
415 480 802 542 promittentium
835 480 1174 538 obedientiam,
1199 486 1250 527 et
1283 477 1458 542 quibus
1496 475 1618 524 obli-
1655 476 1871 556 omui

242 562 478 615 gaverunt
498 571 548 603 se
573 555 807 619 imperata
829 555 988 602 facere
1013 554 1176 602 omnia
1194 570 1302 618 quae
1325 569 1356 601 a
1372 553 1476 600 Deo
1501 551 1618 615 ipsis
1658 562 1711 590 Dei
1734 562 1764 590 iu
1791 561 1881 589 Aba

1654 605 1750 638 hamo,
1776 603 1869 637 Mose.

242 627 503 692 imperaret
528 631 704 678 Moses.
1653 648 1773 677 summi.
1790 655 1881 675 „cer-

311 704 603 768 Quanquam
649 714 812 753 autem
858 721 1063 768 regnum
1108 713 1253 768 pacto
1299 704 1617 752 constitutum
1653 692 1883 773 {91:533ssaess

244 779 541 829 sacerdotale
565 790 707 839 esset,
732 780 782 828 id
806 789 893 839 est,
918 797 1123 844 regnum
1147 780 1330 828 Aaroni
1360 779 1620 828 haeredita-

242 854 366 902 rium
385 877 397 910 ;
433 856 534 919 ipse
553 866 715 904 tamen
740 857 1032 904 constitutor
1055 857 1157 918 ejus
1181 856 1359 914 Moses,
1377 870 1621 902 summum

242 929 497 994 imperium
529 949 617 995 pro
652 949 738 980 suo
774 940 992 997 tempore
1026 932 1249 979 habuisse
1274 930 1621 994 intelligendus

242 1014 317 1054 oet
337 1025 348 1053 :
386 1008 499 1070 quia
538 1007 747 1056 civitatis
782 1009 1112 1071 cujuscunque
1153 1007 1461 1065 constitutor,
1504 1005 1620 1053 dum

242 1097 350 1129 eam
368 1083 636 1141 constituit,
654 1091 945 1146 potestatem
964 1098 1200 1132 summam
1219 1089 1273 1129 ut
1296 1081 1619 1129 necessariam

242 1157 420 1206 habere
445 1159 603 1206 debet.
674 1159 819 1208 Quod
859 1149 1207 1207 auted'Moses
1243 1165 1537 1221 potestatem
1561 1157 1618 1204 il-

241 1233 337 1281 lam
364 1235 580 1291 retinuit,
605 1235 911 1282 manifestum
938 1241 1012 1281 est
1035 1250 1094 1281 ex
1120 1233 1383 1296 Scripturis
1422 1232 1583 1280 Sacris
1604 1251 1615 1279 :

243 1324 356 1356 nam
388 1309 472 1367 illi,
497 1325 595 1356 non
627 1309 822 1366 Aaroni,
846 1308 1042 1356 obedire
1074 1308 1280 1371 populus
1311 1307 1617 1370 promiserat.

243 1383 498 1442 Praeterea,
542 1383 714 1443 (Exod.
738 1383 864 1431 xxiv.
897 1390 936 1441 l,
962 1385 1048 1444 2):
1101 1382 1240 1430 Alosi
1274 1382 1406 1429 dixit
1451 1381 1619 1437 Deu3;

244 1459 456 1506 ascende
494 1459 569 1506 ad
606 1458 860 1506 Dominum
903 1465 971 1517 tu,
1012 1464 1061 1505 et
1097 1458 1287 1516 Aaron,
1326 1456 1528 1516 Nadab,
1570 1464 1620 1505 et

243 1533 392 1592 Abiu,
410 1541 460 1581 et
477 1534 801 1599 septuaginta
825 1549 966 1581 senes
985 1551 1047 1581 ex
1071 1533 1243 1581 Israel
1255 1554 1274 1588 ;
1309 1540 1359 1581 et
1383 1533 1620 1581 adorabi-

243 1609 311 1656 tis
318 1609 516 1673 procul.
555 1609 794 1674 Solusque
813 1610 985 1657 Moses
1006 1609 1242 1658 ascendet
1261 1610 1333 1657 ad
1346 1610 1619 1668 Dominum,

242 1689 294 1732 et
316 1683 396 1731 illi
417 1701 510 1732 non
534 1685 1006 1749 appropinquabunt
1020 1704 1038 1740 ;
1089 1702 1178 1733 nec
1202 1685 1423 1750 populus
1448 1701 1617 1733 aseen-

243 1758 328 1807 det
357 1776 462 1807 cum
497 1776 567 1807 eo.
636 1761 948 1809 Manifestum
988 1777 1106 1824 ergo
1136 1770 1224 1819 est,
1250 1762 1438 1809 Mosem
1463 1762 1619 1809 solum

242 1849 497 1897 personam
521 1835 611 1883 Dei
650 1837 870 1899 gessisse,
902 1837 1006 1885 sine
1040 1837 1350 1901 septuaginta
1376 1837 1469 1884 illis
1494 1838 1619 1885 seni-

242 1908 362 1965 bus;
387 1910 616 1974 illumque
635 1912 788 1959 solum
807 1929 864 1960 eo
882 1920 1101 1976 tempore
1120 1929 1358 1961 summam
1375 1913 1617 1971 habuisse,

244 1984 334 2032 sub
365 1985 485 2045 Deo,
509 1995 815 2050 potestatem.
885 1989 948 2036 Et
986 1991 1133 2049 (vers.
1159 1995 1205 2046 9,
1238 1992 1340 2051 10):
1382 1990 1619 2037 ascende-

245 2065 456 2124 runtque
478 2061 663 2121 Moses,
683 2070 733 2110 et
751 2063 941 2123 Aaron,
966 2064 1171 2121 Nadab,
1195 2071 1245 2112 et
1266 2065 1309 2111 A
1316 2063 1412 2123 bin,
1437 2071 1486 2112 et
1505 2081 1619 2129 sep-

249 2135 483 2199 tuaginta
519 2136 581 2184 de
608 2138 884 2186 senioribus
907 2139 1091 2196 Israel,
1115 2146 1165 2187 et
1201 2139 1429 2187 viderunt
1460 2141 1618 2187 Deum

247 2207 433 2268 Jaerael,
457 2217 507 2258 et
528 2210 616 2259 aab
634 2212 851 2276 pedibus
874 2215 979 2276 ejus
1001 2215 1150 2279 quasi
1173 2231 1297 2279 opus
1322 2214 1513 2278 lapidis
1535 2232 1618 2262 sa-

240 2283 455 2348 phirini,
469 2292 519 2333 et
536 2288 682 2350 quasi
705 2287 874 2336 coelum
898 2307 1003 2337 cam
1025 2306 1246 2338 serenum
1267 2297 1357 2337 est.
1418 2290 1618 2338 Factum

249 2366 413 2407 autem
435 2369 510 2408 oet
530 2361 624 2410 hoc
645 2371 901 2427 postquam
924 2366 1086 2413 Moses
1119 2381 1232 2413 cum
1264 2365 1367 2412 Deo
1390 2364 1618 2427 loquutus

249 2442 391 2493 aeset,
414 2444 465 2483 et
486 2444 739 2500 postquam
761 2441 939 2503 populo
956 2441 1106 2489 verba
1123 2441 1214 2488 Dei
1238 2439 1616 2487 renuntiaverat.

249 2508 323 2557 De
345 2510 509 2573 populi
531 2511 674 2560 rebus
699 2513 854 2562 Deum
877 2515 1118 2563 consuluit
1150 2514 1278 2562 solus
1303 2514 1466 2561 Moses
1486 2534 1498 2567 ;
1535 2514 1617 2576 qui

248 2599 360 2631 cum
389 2599 448 2632 eo
477 2594 631 2643 erant,
653 2586 850 2636 honoris
886 2597 1076 2638 tantum
1100 2605 1245 2637 eausa
1268 2588 1464 2636 admissi
1489 2596 1615 2636 sunt.

249 2657 504 2718 Praeterea,
528 2659 658 2723 quod
681 2662 818 2709 Deus
832 2663 1020 2711 Blosem
1045 2664 1328 2728 alloquutus
1346 2670 1421 2710 est
1438 2664 1617 2727 passim

248 2733 442 2797 legitur,
482 2734 724 2784 Aaronem
763 2739 932 2787 rarius.
1001 2740 1162 2787 Etiam
1202 2738 1448 2801 religionis
1484 2754 1616 2787 cere-

250 2809 452 2867 monias,
483 2826 590 2873 quae
625 2812 935 2862 continentur
968 2814 1120 2863 Exod.
1147 2813 1414 2863 xxm-xxxi.
1448 2822 1498 2862 et
1531 2829 1618 2877 per

249 2891 407 2932 totum
442 2884 617 2933 librum
659 2886 940 2947 Leviticum,
987 2889 1116 2938 solus
1157 2888 1398 2937 ordinavit
1438 2889 1616 2938 Moses.
