1968 3236
418 246 510 288 504
750 258 821 290 nn
850 257 1038 291 REGNO
1067 259 1472 295 TENEBRARUM.

134 386 237 418 ρΑΡ,
252 382 534 419 X1,v11‚num
558 366 678 414 illud
703 383 731 414 a
757 367 952 415 Christo
978 369 1334 418 restituendum
1364 380 1484 430 erat,
1511 373 1810 435 sequebatur

153 448 343 519 „equib'us‘
415 448 472 488 ut
508 441 558 488 in
588 442 816 489 restituto
852 458 935 489 rex
962 452 1089 491 esset
1109 444 1349 494 Christus.
1422 447 1595 510 Itaque
1639 463 1805 496 ascen-

151 526 278 561 quoestui
417 516 563 563 dente
588 517 781 564 Christo
806 517 857 563 in
882 519 1074 577 coelum,
1100 521 1394 583 sequebatur
1416 529 1474 569 ut
1502 522 1646 570 alicui
1669 524 1809 586 regni

151 569 386 640 ἓῖἓζῖἓζῖιξῖῶ.
417 592 490 638 sui
515 591 985 640 administrationem
1010 594 1059 641 in
1083 602 1216 642 terra
1238 596 1503 659 reliquerit,
1522 597 1598 645 vel
1621 597 1807 646 homini

415 667 491 714 vel
519 667 680 714 coetui.
751 667 1069 717 Manifestum
1098 686 1215 734 ergo
1241 680 1345 719 erat
1367 672 1520 731 illum,
1546 673 1630 737 qui
1653 674 1807 721 admi-

413 742 753 789 nistrationem
793 742 920 791 hanc
967 746 1227 805 obtineret,
1268 747 1472 795 eandem
1511 756 1807 812 potestatem

414 817 693 864 habiturum
718 832 837 876 esse,
859 835 1006 881 quam
1029 820 1304 869 habuerant
1328 823 1606 871 sacerdotes
1631 824 1807 872 summi

413 893 579 940 Aaron
612 900 661 940 et
685 909 986 942 successores
1025 898 1128 958 ejus
1160 897 1210 944 in
1240 899 1421 961 populo
1447 899 1730 959 Israelitico,
1755 900 1807 949 id

414 978 503 1027 est,
528 976 823 1031 potestatem
854 972 1038 1034 regiam
1066 981 1116 1020 et
1140 989 1398 1030 summam3
1435 982 1581 1038 atque
1603 975 1698 1024 hoc
1722 976 1807 1023 bo-
1833 1009 1835 1011 -

412 1061 529 1091 num
554 1044 674 1092 illud
695 1052 782 1104 est>
807 1055 1012 1110 propter
1040 1048 1171 1111 quod
1206 1049 1434 1098 doctrina
1468 1050 1552 1098 illa
1587 1051 1805 1100 ecclesiae

415 1121 650 1168 Romanae
673 1121 875 1170 inventa
898 1131 972 1171 est
992 1144 1003 1179 ;
1028 1124 1231 1184 bonum,
1253 1142 1349 1188 quo
1373 1126 1563 1174 nullum
1586 1127 1636 1174 in
1660 1127 1804 1175 terris

411 1199 566 1260 majus
607 1213 709 1244 esse
748 1197 943 1246 dicitur.
1013 1200 1340 1249 Tenebrosam
1375 1218 1492 1265 ergo
1524 1203 1652 1250 hanc
1687 1202 1804 1251 doc-

410 1273 590 1320 trinam
606 1273 752 1335 primi
767 1273 1053 1323 infuderunt
1072 1277 1289 1325 ecclesiae
1305 1277 1562 1340 pontifices
1578 1271 1802 1337 Romani,

412 1364 507 1410 qua
531 1348 824 1395 docerentur
847 1349 977 1397 cives
995 1350 1275 1410 Christiani,
1295 1352 1487 1416 quoties
1511 1353 1639 1401 inter
1662 1369 1803 1418 reges

411 1430 460 1470 et
495 1424 675 1486 Papam
712 1423 924 1472 oriretur
959 1427 1306 1486 controversia,
1330 1428 1567 1491 neglectis
1604 1444 1803 1477 suorum

409 1514 580 1561 regum
604 1498 870 1561 imperatis,
896 1500 1039 1563 Papae
1065 1502 1277 1550 obedire.

479 1573 625 1621 Quod
666 1573 795 1620 idem
832 1574 1041 1623 doceant
1078 1576 1276 1641 Papam
1314 1577 1364 1625 in
1402 1578 1637 1626 articulis
1665 1578 1803 1641 fidei

412 1649 704 1711 deffiniendi-s·
727 1665 820 1696 non
835 1666 994 1714 posse
1018 1667 1214 1710 errare,
1241 1653 1414 1700 eodem
1437 1653 1610 1701 tendit.

477 1724 625 1773 Quod
643 1724 901 1788 episcopus
920 1726 1171 1775 Romanus
1191 1728 1320 1776 solus
1345 1736 1640 1792 potestatem
1663 1745 1800 1777 suam

403 1801 514 1862 jure
540 1800 704 1848 divino
735 1801 1019 1849 immediato
1044 1811 1284 1862 exerceat,
1310 1805 1475 1852 caeteri
1494 1806 1606 1868 jure
1629 1806 1691 1854 ab
1715 1806 1799 1854 illo

410 1875 643 1935 derivato,
670 1875 841 1923 eodem
865 1877 1041 1925 tendit.
1099 1878 1286 1926 Eodem
1311 1879 1459 1927 etiam
1481 1880 1642 1928 tendit
1665 1881 1800 1944 quod

410 1951 861 2011 clerici,.monachi,
895 1959 945 2000 et
976 1953 1152 2002 fratres
1189 1954 1239 2001 in
1263 1955 1397 2003 omni
1432 1956 1540 2004 loco
1576 1973 1606 2004 a
1641 1957 1798 2020 poenis

410 2026 574 2089 legum
598 2027 813 2074 civilium
833 2027 1124 2076 eximantur.

475 2103 548 2149 Ex
593 2102 764 2150 eadem
800 2103 1040 2162 doctrina,
1081 2104 1310 2152 nimirum
1350 2106 1480 2168 quod
1515 2107 1797 2156 sacerdotes

409 2177 505 2225 sint
530 2178 701 2225 eodem
730 2180 840 2241 jure
865 2194 961 2242 quo
986 2179 1169 2238 Aaron,
1195 2189 1404 2243 poscunt
1428 2182 1518 2230 sibi
1541 2191 1592 2231 et
1616 2183 1798 2232 Levitis

408 2253 506 2300 suis
531 2253 582 2300 in
606 2253 884 2302 civitatibus
909 2254 1196 2303 Christianis
1229 2258 1340 2320 jure
1374 2258 1538 2307 divino
1564 2259 1793 2308 decimas.

476 2327 624 2376 Quod
664 2329 1028 2378 matrimonium
1076 2341 1436 2381 sacramentum
1471 2351 1575 2383 esse
1610 2335 1793 2395 dicant,

407 2418 464 2450 eo
496 2404 672 2463 tendit,
695 2412 751 2452 ut
782 2405 972 2468 judices
1010 2406 1107 2454 sint
1142 2407 1192 2454 in
1229 2409 1498 2471 quaestione
1533 2410 1595 2458 de
1626 2412 1794 2459 matri·

407 2478 573 2526 monio
608 2479 845 2543 legitimo,
869 2487 918 2528 et
941 2496 1030 2544 per
1053 2498 1357 2546 consequens
1393 2485 1453 2532 de
1488 2486 1794 2535 successione

407 2552 469 2599 ad
494 2569 646 2616 regna
668 2554 979 2604 hereditaria.

474 2627 513 2674 A
541 2629 847 2678 confessione
870 2631 1129 2679 auriculari
1154 2634 1356 2683 consilia
1378 2651 1549 2700 regum
1572 2645 1625 2685 et
1655 2653 1793 2702 mag-

406 2710 577 2749 natum
605 2705 857 2767 explorare
880 2713 1099 2769 possunt,
1124 2715 1175 2754 et
1198 2708 1460 2772 aliquando
1485 2712 1757 2775 explorant.

474 2777 514 2823 A
541 2780 909 2828 canonizatione
934 2797 1102 2829 eorum
1127 2783 1393 2844 hominum,
1411 2803 1619 2850 quorum
1642 2803 1792 2852 opera

405 2850 455 2898 in
482 2861 724 2915 potestate
760 2873 846 2905 sua
876 2858 1101 2920 augenda
1123 2860 1198 2907 vel
1235 2863 1567 2911 conservanda
1594 2863 1791 2927 egregia
