1968 3236
688 277 759 310 ne
780 276 1057 311 eivi‘rA'rE.
1474 266 1565 309 221

185 386 408 445 ditioneS‚
433 396 732 436 secretorum
770 389 980 437 civitatis
1019 388 1083 436 ad
1118 387 1310 436 hostem
1344 386 1574 444 detectio,
1591 406 1857 440 mnxxvu.

183 473 484 527 conatusque
519 481 687 512 omnes
710 473 882 512 contra
904 465 1056 519 illum,
1081 464 1181 511 sive
1203 462 1451 512 hominem
1474 462 1574 510 sive

1635 461 1821 483 κ--Ὗ-κ

183 539 472 602 coetum‚qui
492 556 751 602 personam
766 541 894 601 gerit
910 539 1145 594 civitatis;
1167 539 1269 587 sive
1283 538 1331 587 vi
1346 538 1446 586 sive
1461 537 1573 586 dolo
1610 547 1630 574 b
1632 555 1762 578 ¹¹¹¹¹¹¹¹
1765 555 1807 574 ω»

1610 590 1748 622 tionibus,
1762 594 1790 617 et
1803 598 1851 617 ex-

182 614 247 662 ad
265 614 637 663 diminutionem
670 632 871 664 summae
895 616 1149 679 potestatis
1172 615 1572 664 committantur:
1610 632 1838 661 amonim..

182 698 235 739 et
256 699 371 739 sunt
395 708 454 740 ea
477 692 696 749 crimina,
722 709 831 755 quae
855 700 1093 739 vocantur
1121 691 1251 739 loesae
1276 691 1573 754 majestatis.

252 766 376 814 Item
414 768 620 815 crimina
657 768 754 826 illa,
781 785 888 831 quae
912 768 1010 815 vim
1046 766 1226 815 tollunt
1258 766 1575 830 judiciorum,

182 844 370 907 majora
393 852 507 890 sunt
526 860 670 906 quam
690 844 879 907 injuriae
895 843 1098 906 privatae
1119 864 1130 898 ;
1166 850 1222 890 ut
1239 842 1480 906 judicium
1497 841 1576 890 vel

181 918 516 966 testimonium
556 918 732 966 falsum
779 919 987 982 pecunia
1031 934 1192 966 emere
1235 918 1310 965 vel
1346 917 1574 974 vendere,

182 993 367 1041 crimen
402 994 596 1055 gravius
632 1002 707 1041 est
743 1010 889 1057 quam
923 994 1215 1042 tantundem
1251 993 1474 1056 pecuniae
1513 993 1575 1040 ab

181 1067 379 1116 homine
397 1070 589 1132 privato
613 1070 786 1117 fraude
811 1070 1015 1134 eripere.
1052 1070 1167 1118 Non
1187 1070 1315 1117 enim
1341 1069 1575 1117 damnum

182 1160 213 1192 a
246 1144 381 1192 falsis
418 1145 617 1208 judiciis
656 1145 842 1193 civibus
881 1145 1082 1208 singulis
1119 1153 1314 1192 tantum
1351 1146 1442 1200 fit;
1490 1144 1576 1192 sed

182 1220 331 1268 etiam
368 1221 474 1284 ipsa
505 1220 691 1283 judicia
725 1220 999 1268 redduntur
1033 1220 1254 1275 inutilia;
1291 1228 1341 1268 et
1373 1220 1575 1283 privatis

182 1295 465 1354 ultionibus,
490 1303 540 1343 et
576 1295 774 1343 tandem
806 1295 934 1343 bello
970 1296 1218 1358 praebetur
1251 1295 1387 1343 color
1414 1303 1463 1343 et
1487 1311 1575 1359 op-

181 1372 472 1436 portunitas
1429 1434 1438 1438 -

251 1447 375 1495 Item
410 1447 718 1512 depeculatio
753 1447 969 1495 thesauri
1001 1448 1183 1510 publici
1207 1448 1391 1495 crimen
1416 1448 1574 1510 majus

182 1530 258 1570 oet
302 1539 449 1586 quam
491 1523 679 1571 furtum
713 1523 790 1570 vel
826 1522 1134 1586 deff‘audado
1180 1523 1405 1586 privata3
1458 1539 1574 1570 nam

181 1598 430 1647 civitatem
454 1599 678 1662 spoliare,
703 1599 884 1646 multos
908 1598 1050 1646 simul
1065 1599 1274 1662 spoliare
1299 1606 1389 1647 est.

247 1673 510 1722 Ministerii
528 1674 709 1738 publici
728 1674 980 1737 usurpatio
997 1674 1136 1733 falsa,
1161 1674 1279 1722 item
1303 1674 1574 1738 sigillorum

179 1749 488 1814 publicorum
522 1749 599 1797 vel
633 1757 846 1797 monetae
882 1749 1095 1798 civitatis
1132 1750 1392 1809 simulatio,
1417 1751 1574 1813 majus

180 1825 366 1874 crimen
403 1833 476 1873 est
513 1841 660 1888 quam
694 1825 922 1872 simulare
957 1825 1169 1889 sigillum
1202 1826 1280 1873 vel
1313 1841 1574 1889 personam

181 1900 393 1949 hominis
406 1900 606 1964 privati;
631 1901 864 1948 damnum
885 1901 1015 1949 enim
1030 1901 1091 1949 ab
1115 1901 1378 1949 illiusmodi
1401 1901 1573 1949 fraude

179 1977 395 2042 pertinet
418 1976 482 2024 ad
497 1977 691 2024 multos.

248 2052 511 2100 Factorum
551 2061 724 2100 contra
763 2051 911 2115 leges,
954 2052 1129 2116 quibus
1163 2052 1410 2100 laeduntur
1444 2053 1573 2100 cives

179 2127 374 2192 privati,
391 2127 575 2175 crimen
594 2127 715 2175 illud
729 2128 886 2190 majus
901 2135 990 2183 est,
1007 2129 1145 2191 cujus
1164 2127 1398 2175 damnum
1416 2128 1572 2191 magis

181 2211 258 2252 est
290 2203 532 2252 sensibile.
601 2203 666 2251 Et
696 2203 920 2266 proinde,
946 2203 1171 2252 occidere
1197 2211 1373 2251 contra
1395 2204 1571 2267 legem,

180 2278 366 2327 crimen
400 2278 597 2342 gravius
632 2286 706 2326 est
742 2294 887 2341 quam
922 2279 1018 2327 alia
1052 2279 1245 2343 injuria,
1282 2279 1415 2327 salva
1452 2279 1570 2338 vita,

182 2370 518 2419 quaecumque.
592 2355 657 2402 Et
694 2355 952 2414 mutilatio,
990 2355 1149 2418 majus
1195 2355 1379 2403 crimen
1425 2371 1572 2418 quam

180 2431 422 2479 bonorum
446 2430 647 2493 ereptio.
716 2430 780 2478 Et
801 2430 1043 2478 bonorum
1079 2431 1267 2495 ereptio
1290 2446 1378 2494 per
1400 2431 1571 2478 mortis

182 2513 234 2555 et
248 2506 505 2555 vulnerum
530 2506 918 2563 intentationem,
941 2507 1099 2569 majus
1114 2507 1299 2554 crimen
1314 2522 1460 2569 quam
1482 2522 1572 2569 per

179 2582 540 2646 surreptionem
580 2581 963 2630 clandestinam:
1000 2590 1052 2630 et
1089 2598 1176 2645 per
1216 2581 1571 2629 clandestinam

180 2658 553 2722 surreptionem,
577 2674 723 2721 quam
746 2673 836 2721 per
858 2673 1149 2706 consensum
1171 2656 1343 2704 fraude
1361 2656 1570 2719 acquisi-

180 2739 304 2782 tum.
340 2733 480 2792 Item,
494 2733 694 2781 violatio
711 2732 962 2797 pudicitiae
979 2750 1068 2797 per
1082 2734 1196 2791 vim,
1211 2733 1365 2796 majus
1385 2732 1569 2780 crimen

183 2824 330 2872 quam
362 2825 451 2873 per
488 2808 783 2857 blanditias:
820 2816 871 2857 et
904 2810 1061 2872 majus
1100 2808 1277 2866 adhuc,
1314 2808 1354 2856 si
1399 2815 1568 2871 nupta,

183 2899 328 2948 quam
353 2885 394 2933 si
416 2885 623 2948 innupta
644 2884 868 2933 violetur.

250 2959 414 3023 Atque
449 2959 556 3007 haec
592 2959 663 3008 ita
703 2959 1009 3010 aestimantur
1046 2958 1194 3022 vulgo
1221 2979 1234 3014 ;
1288 2973 1568 3022 quanquam
