1968 3236
380 235 476 278 520
694 243 982 276 APPENDIX
1008 241 1082 274 AD
1110 240 1444 275 LEVIATHAN.

143 378 246 410 ςΑι»,
269 379 299 410 1,
378 373 440 404 ex
481 354 629 414 Filio,
654 371 752 402 non
779 370 882 402 esse
908 354 958 400 in
993 352 1214 416 symbolo
1251 352 1458 412 Niceno,
1484 369 1763 417 quanquam

131 473 176 502 De
192 473 323 502 mnbob
380 439 492 479 sunt
522 431 571 478 in
608 430 825 494 symbolo
860 428 1129 487 Athanasii,
1155 427 1240 475 sed
1264 428 1433 476 addita
1456 445 1575 488 esse,
1594 438 1650 477 ut
1673 445 1763 492 pu-

133 504 253 547 Nice'no-
378 514 452 555 tat
494 506 830 563 Bellarminus,
869 505 920 552 in
963 504 1182 552 Concilio
1219 503 1763 568 Constantinopolitano

379 582 593 645 generali
612 580 841 628 secundo.

450 658 513 704 A.
552 660 582 680 ‘⁶
603 656 700 712 Qui
725 672 829 703 cum
855 656 1016 703 Patre
1040 661 1090 702 et
1111 654 1245 702 Filio
1270 654 1418 702 simul
1439 655 1692 702 adoratur
1717 661 1767 703 et

380 732 808 797 conglorificatur,
833 731 920 795 qui
960 731 1152 778 locutus
1190 737 1267 778 est
1296 746 1399 794 per
1431 730 1764 796 prophetas.”

381 810 543 857 Quare
565 807 779 870 positum
804 815 879 854 est
902 806 1024 853 illud
1048 805 1498 870 conglorificatur?

445 884 509 931 B.
547 882 741 942 Nescio,
766 882 852 929 sed
874 889 1075 945 propter
1108 882 1202 928 hoc
1231 882 1450 941 verbum,
1475 881 1764 946 conglorifi-

381 967 541 1016 catur,
558 958 774 1006 adducor
789 957 851 1005 ad
867 957 1164 1005 credendum
1181 956 1440 1004 formulam
1459 957 1767 1021 glorificandi

382 1035 692 1092 Trinitatem,
708 1034 792 1081 ubi
813 1033 992 1080 dicitur
1006 1033 1084 1080 vel
1099 1039 1327 1080 cantatur
1346 1033 1529 1080 Gloria
1546 1033 1698 1080 Patri
1715 1039 1767 1081 et

379 1111 509 1158 Filio
535 1117 584 1157 et
617 1109 838 1173 Spiritui
864 1109 1064 1168 Sancta,
1088 1109 1139 1155 in
1163 1107 1379 1156 ecclesiis
1403 1108 1494 1156 Dei
1518 1115 1766 1172 receptam

379 1187 527 1234 fuisse
551 1193 637 1233 aut
659 1186 710 1233 in
733 1193 953 1248 tempore
977 1184 1061 1232 illo
1081 1192 1166 1232 aut
1189 1192 1319 1232 ante.

450 1262 493 1308 Α
501 1299 511 1309 .
549 1262 789 1309 Fortasse.
861 1264 892 1285 ‘⁶
912 1261 985 1308 Et
1022 1277 1166 1307 unam
1203 1267 1429 1308 sanctam
1467 1259 1767 1308 catholicam

381 1344 430 1385 et
453 1336 782 1401 apostolicam
822 1336 1100 1384 eeclesiam.
1173 1334 1422 1399 Confiteor
1460 1352 1601 1383 unum
1643 1335 1766 1401 bap-

381 1413 526 1460 tisma
557 1413 608 1460 in
646 1413 981 1460 remissionem
1012 1417 1355 1476 peccatorum.
1424 1411 1658 1476 Expecto
1689 1427 1768 1458 re-

381 1489 736 1536 surrectionem
759 1495 1075 1547 mortuorum,
1101 1494 1150 1535 et
1173 1487 1325 1535 vitam-
1349 1487 1543 1535 venturi
1561 1487 1766 1536 seculi.”

383 1564 482 1611 Cur
504 1564 554 1611 in
579 1564 798 1628 symbolo
834 1563 1102 1628 apostolico
1138 1562 1276 1611 deest
1309 1563 1431 1611 illud
1468 1579 1610 1611 unum
1644 1562 1767 1628 bap-

383 1640 530 1687 tisma
548 1643 576 1687 ,2

448 1715 512 1762 B.
548 1715 754 1763 Sanctus
774 1716 1061 1779 Cyprianus,
1077 1715 1270 1763 circiter
1294 1715 1604 1778 septuaginta
1625 1715 1767 1763 annis

383 1797 496 1837 ante
523 1790 791 1838 Concilium
819 1791 1077 1848 Nicenum,
1103 1791 1373 1839 Concilium
1403 1800 1630 1839 tenuerat
1651 1807 1766 1855 pro-

383 1866 588 1913 vinciale
612 1866 662 1913 in
686 1867 855 1914 Africa
878 1867 1276 1930 Carthaginense,
1301 1867 1384 1914 ubi
1420 1867 1671 1915 decretum
1693 1875 1769 1916 est

382 1941 638 1989 haereticos
662 1958 762 1989 non
781 1942 957 1990 debere
982 1942 1133 2005 recipi
1158 1942 1218 1990 ab
1239 1942 1459 1998 ecclesia,
1477 1942 1571 1990 nisi
1589 1942 1767 1991 iterum

381 2016 749 2079 baptizarentur
769 2039 780 2073 ;
818 2018 950 2081 quod
975 2018 1226 2065 decretum
1250 2026 1370 2080 puto
1394 2025 1512 2065 tunc
1536 2017 1767 2066 condem-

381 2100 551 2139 natum
577 2109 695 2152 esse,
722 2109 833 2140 cum
857 2093 1042 2141 inserta
1071 2100 1234 2141 essent
1257 2093 1340 2140 illa
1356 2094 1506 2141 verba
1529 2094 1766 2157 corfiteor

382 2183 523 2214 unum
548 2167 813 2233 baptisma.

451 2242 514 2289 A.
552 2243 609 2290 In
636 2243 854 2306 symbolo
879 2243 1149 2306 apostolico
1184 2259 1282 2291 non
1309 2243 1488 2292 dicitur
1511 2259 1768 2293 resurrec-

385 2316 453 2363 tio
478 2324 775 2366 mortuorum
793 2337 810 2372 ;
843 2319 928 2366 sed
952 2318 1258 2366 resurrectio
1282 2319 1468 2367 carnis.
1526 2320 1766 2369 Quaenam

385 2399 456 2439 est
492 2392 799 2441 differentia?
871 2394 1201 2441 Habebuntne
1235 2395 1431 2454 mortui,
1458 2395 1654 2459 quando
1690 2412 1767 2444 re-

385 2477 601 2530 surgent,
623 2485 836 2527 carnem,
857 2485 979 2526 ossa,
1005 2468 1306 2530 sanguinem,
1323 2485 1509 2530 manus,
1528 2470 1692 2534 pedes,
1716 2479 1768 2519 et

384 2551 560 2591 caetera
582 2544 781 2592 humani
807 2543 1023 2607 corporis
1045 2545 1264 2592 membra
1287 2545 1303 2591 ?

452 2618 514 2665 Β.
553 2619 868 2681 Respondeat
910 2619 999 2666 tibi
1043 2619 1091 2666 S.
1115 2619 1291 2667 Paulus
1330 2619 1375 2680 (1
1408 2621 1518 2669 Cor.
1538 2637 1616 2669 xv.
1642 2623 1765 2684 23):

384 2692 669 2756 Resurgent
694 2695 1026 2758 unusquisque
1050 2694 1100 2741 in
1128 2696 1348 2759 proprio
1373 2713 1601 2762 corpore.
1672 2698 1768 2746 De-

385 2767 496 2813 inde
526 2771 668 2826 (vers.
695 2771 800 2830 44),
828 2769 1116 2816 Seminatur
1141 2786 1322 2833 corpus
1346 2771 1578 2831 animale,
1604 2773 1654 2820 id
1678 2781 1767 2832 est,

387 2850 437 2888 ut
462 2859 551 2905 ego
577 2844 764 2906 opinor,
791 2844 931 2906 quale
957 2852 1029 2891 est
1055 2859 1232 2908 corpus
1271 2845 1537 2894 humanum
1572 2847 1768 2910 quando
