1968 3236
142 405 242 437 CAP.
255 405 405 438 xxxm

184 460 368 477 *v*

144 499 189 528 De
201 509 330 534 numero,
340 509 388 528 an-

143 543 283 580 tiquitate,
295 552 390 580 scopo,

144 586 358 620 authoritate‚et
368 586 408 613 in-

144 629 314 666 terpretibus
325 629 408 657 libro-

143 680 208 700 rum
223 681 375 700 sacrorum.

422 263 517 316 276
740 274 809 308 DE
837 273 1089 308 crvrrA'rE
1116 272 1467 306 cnms'nANA.

423 385 660 449 posterius
676 393 792 432 erat.
832 386 967 433 Sicut
983 385 1109 432 enim
1125 385 1272 432 libros
1285 384 1582 432 Testamenti
1600 382 1789 431 Veteris

424 460 564 507 altius
590 460 804 507 derivare
828 476 926 507 non
956 460 1214 523 potuimus,
1240 476 1383 523 quam
1419 460 1480 507 ab
1514 458 1681 516 Esdra,
1707 457 1790 521 qui

425 536 600 582 auxilio
631 535 835 598 Spiritus
871 536 1036 582 Sancti
1064 534 1278 598 perditos
1307 534 1545 588 restituit3
1581 533 1650 580 ita
1679 532 1790 580 libri

424 611 716 658 Testamenti
754 611 878 658 Novi
915 612 975 658 ab
1009 603 1178 658 altiore
1207 618 1422 673 tempore
1455 608 1661 656 derivari
1691 623 1790 655 non

422 695 638 748 possunt,
661 703 804 749 quam
827 687 886 733 ab
912 703 984 745 eo,
1010 703 1103 749 quo
1128 694 1336 734 rectores
1355 686 1665 733 ecclesiarum
1683 683 1790 731 illos

424 761 733 824 collegerant,
757 762 1095 824 probaverant,
1121 769 1169 809 et
1190 768 1246 808 ut
1264 761 1467 824 scriptos
1487 761 1546 807 ab
1563 758 1791 823 apostolis

422 843 471 883 et
495 835 738 899 discipulis
766 837 962 892 Christi,
988 853 1191 900 quorum
1214 837 1488 884 nominibus
1521 835 1790 882 inscribun-

423 918 517 970 tur,
532 911 670 959 nobis
685 912 1155 960 commendaverant.
1223 911 1535 959 Enumeratio
1558 911 1791 958 librorum

422 993 526 1034 tum
548 987 737 1034 Veteris
777 994 880 1035 tum
919 988 1045 1035 Novi
1083 986 1382 1034 Testamenti
1419 986 1590 1050 prima,
1630 993 1704 1033 est
1739 986 1791 1033 in

423 1063 687 1110 canonibus
732 1063 1059 1126 apostolorum
1099 1064 1229 1111 facta
1262 1079 1292 1110 a
1326 1063 1588 1120 Clemente,
1634 1060 1791 1125 primo

422 1146 533 1201 post
556 1139 749 1185 Petrum
783 1139 1007 1201 episcopo
1033 1139 1267 1186 Romano.
1339 1137 1433 1185 Sed
1466 1137 1695 1200 quoniam
1732 1136 1792 1184 de

424 1213 688 1261 canonibus
718 1213 811 1260 illis
846 1213 1174 1260 controversia
1205 1221 1293 1271 est,
1319 1213 1582 1275 Scripturae
1615 1212 1791 1269 Sacrae,

423 1288 612 1350 qualem
647 1288 879 1335 habemus
918 1304 1063 1347 nunc,
1096 1288 1307 1352 receptio
1344 1288 1538 1351 publica
1575 1287 1792 1336 Concilio

423 1363 706 1411 Laodicensi
722 1364 1030 1411 attribuenda
1044 1372 1139 1419 est;
1156 1364 1286 1426 quod
1294 1363 1560 1411 Concilium
1574 1363 1794 1411 habitum

424 1446 497 1486 est
516 1455 641 1486 anno
659 1446 769 1501 post
794 1439 1038 1486 Christum
1062 1448 1231 1486 natum
1255 1439 1452 1486 ccclxiv.
1505 1438 1794 1501 Quanquam

424 1522 584 1562 autem
623 1531 679 1561 eo
703 1523 919 1577 tempore
943 1515 1072 1578 apud
1091 1515 1322 1562 Doctores
1345 1514 1570 1561 Ecclesiae
1595 1513 1793 1561 ambitio

423 1590 754 1654 praevaluerat,
774 1589 823 1636 in
849 1597 1054 1647 tantum,
1068 1598 1124 1636 ut
1144 1589 1455 1652 imperatores
1474 1588 1616 1635 etiam
1634 1587 1796 1635 Chris-

425 1666 580 1714 tianos
596 1681 682 1728 pro
699 1665 988 1724 ovibus,non
1005 1681 1092 1728 pro
1107 1665 1394 1728 pastoribus,
1415 1671 1464 1711 et
1478 1663 1794 1726 imperatores

425 1756 523 1788 non
560 1740 857 1787 Christianos
893 1756 981 1803 pro
1012 1740 1136 1803 lupis
1167 1741 1416 1797 haberent,
1454 1738 1794 1801 doctrinasque

426 1831 535 1863 suas
558 1831 647 1878 pro
670 1815 872 1878 legibus,
891 1831 989 1863 non
1012 1832 1100 1879 pro
1126 1815 1338 1873 consilio,
1352 1815 1510 1862 valere
1527 1813 1721 1872 vellent,
1745 1821 1795 1861 et

426 1891 486 1938 de
504 1891 594 1954 piis
613 1890 861 1938 fraudibus
881 1891 1096 1953 cogitare
1120 1891 1410 1953 inciperent;
1435 1896 1694 1936 nontamen
1709 1888 1795 1935 ad-

427 1966 593 2023 ducor,
616 1972 671 2012 ut
693 1965 798 2012 illos
822 1965 1014 2012 credam
1036 1964 1325 2028 exemplaria
1347 1963 1642 2011 Testamenti
1666 1963 1795 2011 Novi

427 2041 712 2104 corrupisse,
736 2041 786 2087 in
814 2041 1034 2088 manibus
1068 2057 1234 2088 eorum
1267 2040 1378 2087 solis
1408 2047 1524 2087 tunc
1546 2039 1647 2087 fere
1670 2039 1795 2086 exis-

426 2116 593 2165 tentia.
663 2115 785 2163 Nam
812 2117 851 2163 si
868 2117 961 2163 hoc
980 2116 1139 2164 facere
1158 2116 1433 2173 voluissent,
1451 2114 1683 2163 doctrinis
1697 2114 1795 2162 suis

429 2191 590 2239 multis
631 2190 857 2238 fecissent
892 2191 974 2238 illa
1013 2191 1165 2253 magis
1202 2190 1496 2238 favorabilia.
1580 2189 1794 2238 Dubium

427 2267 576 2330 igitur
595 2282 692 2314 non
711 2273 799 2324 est,
815 2266 930 2329 quin
944 2267 1268 2324 Testamenta,
1285 2266 1436 2313 Vetus
1452 2273 1500 2313 et
1515 2265 1724 2323 Novum,
1739 2271 1796 2312 ut

427 2358 556 2390 nunc
588 2349 773 2399 extant,
808 2350 1121 2389 monumenta
1156 2358 1269 2389 vera
1302 2342 1400 2389 sint
1434 2357 1598 2388 earum
1632 2355 1796 2387 rerum

428 2433 535 2481 quae
559 2417 701 2465 dictae
725 2425 775 2464 et
797 2416 940 2465 factae
970 2426 1083 2465 sunt
1118 2434 1147 2465 a
1176 2417 1439 2481 prophetis,
1464 2424 1512 2464 et
1547 2414 1794 2479 apostolis,

426 2500 477 2540 et
511 2492 615 2540 aliis
659 2492 919 2555 Scripturae
962 2493 1121 2540 Sacrae
1168 2492 1496 2555 scriptoribus.
1582 2490 1796 2539 Dubium

426 2568 573 2616 etiam
610 2583 707 2615 non
736 2575 809 2615 est
845 2567 959 2629 quin
992 2567 1205 2630 potuerit
1239 2566 1440 2614 ecclesia
1473 2566 1523 2613 in
1560 2579 1796 2613 canonem

427 2643 572 2691 etiam
596 2642 714 2690 alios
735 2641 884 2689 libros
907 2642 1119 2704 recipere
1142 2658 1170 2689 a
1191 2642 1219 2689 J
1226 2641 1388 2699 udaeis,
1405 2656 1678 2705 quanquam
1706 2639 1797 2687 lin-

426 2733 523 2781 gua
542 2717 751 2765 Hebraea
766 2732 863 2765 non
878 2716 1144 2779 scriptos‚si
1159 2717 1302 2765 modo
1318 2717 1505 2765 caeteris
1524 2715 1795 2764 doctrinam

428 2808 525 2840 non
550 2793 838 2841 contrariam
863 2793 1227 2840 continuissent.
1297 2792 1410 2841 Non
1434 2792 1562 2840 enim
1585 2807 1615 2839 a
1644 2789 1795 2854 scrip-

429 2867 548 2915 toris
582 2867 802 2926 dialecto,
826 2866 911 2915 sed
944 2883 973 2914 a
1007 2867 1242 2925 doctrina,
1277 2867 1549 2930 partimque
1583 2865 1729 2914 etiam
1764 2880 1795 2913 a
