1968 3236
509 258 580 291 na
607 256 864 291 civrrATss
892 254 1248 291 cumsrmNA.
1473 245 1571 288 313

634 474 848 523 CAPUT
888 473 1148 522 XXXVII.

511 590 572 622 DE
593 590 845 622 MIRACULIS
863 590 922 621 ET
947 589 1113 621 EORUM
1140 588 1244 620 USU.

192 670 299 719 Pau
343 667 587 716 miracula
627 668 965 731 intelliguntur
1001 682 1150 730 opera
1187 665 1278 714 Dei
1315 663 1571 712 mirabilia.

193 745 436 796 Quoniam
484 753 647 791 autem
695 744 919 791 dubitare
954 743 1112 791 solent
1157 741 1395 799 hominm,
1435 755 1574 788 suam

192 822 408 886 ipsorum
433 820 625 883 sequuti
650 821 889 867 rationem
910 818 1196 873 naturalem,
1213 825 1379 864 utrum
1398 814 1528 879 quod
1544 831 1575 862 a

191 896 434 961 propheta
468 912 557 959 pro
586 895 816 943 mandato
856 895 944 943 Dei
980 893 1340 957 pronuntiatur,
1378 890 1579 939 manda-

193 972 464 1036 tumipsius
492 972 581 1019 Dei
598 972 662 1019 sit
685 987 867 1023 necne:
894 969 1138 1017 miracula
1163 968 1213 1016 in
1238 968 1400 1016 Sacris
1417 966 1579 1029 Scrip—

195 1048 319 1096 turis
342 1056 580 1095 vocantur
602 1048 769 1111 signa,
804 1055 859 1094 ut
894 1062 1002 1109 quae
1032 1044 1299 1092 voluntatis
1325 1043 1415 1091 Dei
1440 1042 1581 1105 signa

196 1133 340 1177 sunt3
365 1123 490 1170 sicut
507 1122 653 1170 etiam
678 1121 807 1185 apud
832 1121 1093 1192 scriptq'fes
1125 1119 1364 1179 ethnicos,
1379 1124 1581 1183 propter

197 1198 401 1247 eandem
420 1213 631 1255 causam,
656 1204 893 1244 vocantur
923 1201 1119 1243 ostenta
1143 1203 1191 1243 et
1202 1201 1462 1260 portenta.
1512 1193 1582 1241 Ut

197 1274 500 1337 intelligatur
522 1289 639 1335 ergo
660 1272 779 1336 quid
802 1272 867 1319 sit
890 1270 1196 1328 miraculum,
1227 1268 1582 1318 observandum

200 1357 288 1407 ast,
313 1365 535 1413 quaenam
569 1364 718 1411 opera
741 1364 799 1395 ea
822 1347 921 1395 sint
944 1363 1052 1410 quae
1075 1346 1295 1394 homines
1329 1345 1584 1393 admiran-

201 1432 299 1473 tur.
370 1424 494 1472 Sunt
518 1432 683 1470 autem
706 1438 815 1486 quae
838 1422 1025 1470 faciunt
1049 1428 1104 1468 ut
1127 1437 1251 1485 opus
1274 1420 1475 1484 aliquod
1497 1419 1584 1468 ad-

201 1501 455 1557 mirentur,
480 1499 590 1547 duae
625 1507 817 1547 tantum
852 1514 943 1546 res.
1028 1497 1211 1555 Altera,
1236 1497 1276 1545 si
1308 1497 1372 1544 sit
1402 1511 1584 1553 rarum,

201 1577 340 1640 cujus
374 1574 529 1622 simile
563 1590 674 1622 raro
708 1582 794 1622 aut
827 1589 1078 1636 nunquam
1105 1580 1219 1620 ante
1242 1572 1424 1620 factum
1450 1570 1584 1618 vide-

203 1660 316 1700 rant
335 1672 348 1706 ;
373 1650 542 1707 altera,
557 1650 597 1697 si
620 1658 882 1713 postquam
896 1648 1082 1696 factum
1101 1656 1190 1706 est,
1210 1647 1467 1711 concipere
1486 1662 1586 1694 non

202 1735 405 1792 possunt
438 1742 526 1790 per
560 1742 730 1774 causas
763 1725 1008 1773 naturales
1030 1724 1216 1772 factum
1246 1740 1367 1783 esse,
1391 1723 1478 1771 sed
1511 1738 1588 1770 so-

204 1802 454 1852 lummodo
473 1817 561 1865 per
584 1802 918 1865 operationem
942 1801 1033 1848 Dei
1058 1800 1404 1848 immediatam.
1458 1799 1588 1847 Nam

206 1877 248 1927 si
260 1878 381 1926 facti
398 1893 570 1925 causas
587 1876 834 1924 naturales
851 1876 1186 1939 intelligimus,
1201 1884 1451 1939 utcunque
1466 1890 1589 1939 opus

206 1969 370 2002 rarum
394 1952 558 2011 fuerit,
583 1952 661 2000 vel
684 1953 724 1999 si
752 1952 935 1999 factum
962 1951 1118 1999 simile
1146 1967 1276 2015 saepe
1308 1951 1589 2008 viderimUS‚

208 2028 301 2077 etsi
324 2044 519 2076 causam
553 2028 658 2090 ejus
692 2026 967 2075 naturalem
1001 2043 1102 2074 non
1138 2027 1456 2090 concipimus,
1490 2042 1591 2074 non

210 2103 418 2167 amplius
441 2103 754 2162 admiramur,
777 2119 870 2150 nec
894 2101 1185 2150 miraculum
1207 2102 1523 2166 appellamus·

278 2178 454 2241 Itaque
476 2179 518 2226 si
550 2179 639 2226 bos
676 2187 763 2226 aut
800 2193 953 2241 equus
976 2177 1272 2240 loqueretur,
1298 2175 1590 2224 miraculum

215 2261 485 2311 vocaretur,
508 2254 622 2317 qnia
643 2270 825 2311 rarum,
856 2262 907 2302 et
941 2255 1079 2316 cujus
1103 2269 1299 2300 causam
1322 2251 1595 2300 naturalem

216 2345 316 2377 non
349 2344 607 2392 possumus
646 2329 919 2392 imaginari.
1011 2329 1264 2387 Similiter,
1302 2328 1352 2376 in
1391 2342 1595 2391 genera-

216 2404 350 2453 tione
390 2403 686 2462 animalium‚
726 2414 916 2453 naturae
961 2405 1174 2453 deviatio
1212 2404 1369 2452 omnis
1398 2401 1596 2450 insolita

216 2495 307 2544 pro
341 2477 580 2526 miraculo
611 2478 887 2528 haberetur.
968 2481 1037 2529 At
1071 2480 1111 2527 si
1141 2480 1287 2527 homo
1310 2479 1388 2526 vel
1414 2477 1596 2526 animal

218 2553 350 2602 aliud
374 2552 449 2600 sui
472 2553 628 2601 simile
650 2563 866 2617 generet,
901 2571 1180 2619 quanquam
1213 2563 1264 2602 et
1286 2555 1379 2602 hoc
1401 2561 1453 2601 et
1475 2552 1598 2600 illud

220 2626 465 2692 quomodo
501 2628 687 2676 factum
723 2629 788 2678 sit
823 2646 963 2694 aeque
996 2632 1283 2688 nesciamuS,
1309 2627 1599 2677 miraculum

220 2719 326 2752 esse
347 2718 448 2750 non
470 2710 713 2766 putamus.
781 2705 905 2754 Item
939 2706 979 2754 si
1002 2706 1149 2754 homo
1171 2704 1600 2752 transformaretur

221 2779 272 2827 in
294 2777 521 2842 lapidem,
551 2778 836 2828 miraculum
869 2790 1025 2836 oeset3
1061 2780 1176 2844 quia
1208 2795 1402 2828 rarum:
1437 2778 1525 2827 sed
1558 2778 1599 2827 si

221 2853 407 2916 lignum
431 2853 502 2901 ita
518 2861 807 2914 mutaretur,
825 2855 939 2919 quia
956 2871 1085 2920 saepe
1101 2856 1173 2914 fit,
1191 2853 1476 2903 miraculum
1499 2870 1599 2903 non

1623 683 1809 717 xxxvn.

1632 737 1821 760 bqr-a

1611 786 1656 815 De
1668 784 1827 816 mir-culis,

1609 833 1751 858 &eorum
1765 837 1830 856 usu.
