1968 3236
668 258 739 292 DE
766 258 1039 293 clvii-xm.
1454 250 1550 292 253

171 376 261 428 est,
301 368 546 432 integrum
593 370 773 418 servari
819 370 978 430 debet,
1022 369 1279 434 diligenter
1324 369 1554 418 audiendi
1588 390 1690 423 cAp.
1710 390 1824 422 xxx.

172 451 302 493 sunt·
1573 488 1617 516 De
1631 487 1726 516 officio
1739 494 1816 513 aum-

231 520 343 568 Dux
360 519 475 567 belli
494 520 587 567 nisi
605 521 851 584 popularis
872 522 950 580 sit,
966 537 1122 585 neque
1140 522 1380 570 amabitur
1397 535 1556 584 neque
1572 532 1611 559 mi
1625 529 1801 568 imperantis

172 595 421 644 timebitur
445 603 680 658 quantum
707 612 828 659 opus
853 604 928 644 est
965 597 1025 644 ab
1058 597 1275 644 exercitu
1311 612 1431 651 suo;
1466 611 1558 643 nec

170 670 374 736 proinde
397 686 596 718 munere
616 687 703 719 suo
719 679 852 719 recte
870 671 1204 735 perfungetur.
1242 671 1558 728 Industrium,

171 745 366 804 fortem,
390 746 649 804 affabilem,
674 747 955 810 benignum,
979 747 1171 795 felicem
1210 763 1314 795 esse
1351 753 1558 811 oportet,

171 830 229 870 ut
251 829 302 869 et
323 820 505 868 famam
529 820 708 869 habeat
731 822 848 869 boni
880 822 1201 885 imperatoris,
1229 830 1279 870 et
1301 830 1359 870 ut
1381 821 1560 869 milites

173 912 286 945 suos
304 896 506 959 diligere
531 896 850 944 existimetur.
888 897 1188 960 Popularitas
1205 898 1300 946 hoc
1319 906 1407 956 est,
1421 897 1561 945 facit-

174 988 269 1036 que
292 979 348 1019 ut
371 972 546 1019 milites
569 973 739 1035 gratiae
768 988 867 1020 suae
896 988 947 1020 se
975 973 1331 1021 commendent.
1377 972 1562 1020 Eadem

173 1047 480 1112 imperatoris
504 1047 554 1094 in
578 1048 826 1106 militibus,
853 1048 1047 1111 quando
1068 1064 1190 1111 opus
1208 1056 1298 1108 est,
1318 1048 1559 1111 corrigen-

175 1122 250 1171 dis
274 1122 582 1170 severitatem
609 1130 765 1170 tutam
789 1123 950 1170 efficit.
997 1123 1330 1171 Veruntamen
1354 1124 1560 1186 impera—

175 1206 270 1255 tor,
293 1197 460 1245 favore
480 1198 704 1256 militum,
729 1199 823 1246 nisi
846 1198 1092 1322 fidctzikitatis
1116 1200 1219 1262 ejus
1243 1200 1405 1247 cautio
1425 1199 1562 1246 adhi-

174 1273 363 1331 beatur,
387 1273 573 1321 civitati
596 1275 894 1337 periculosus
970 1292 974 1296 ·
996 1296 1008 1330 3
1045 1283 1094 1322 et
1125 1276 1335 1323 maxime
1376 1275 1564 1323 civitati

177 1348 531 1397 democraticae.
600 1349 679 1397 Ad
703 1349 914 1397 officium
939 1365 1055 1413 ergo
1081 1351 1199 1413 ejus,
1225 1351 1307 1414 qui
1326 1367 1563 1398 summam

176 1423 325 1472 habet
355 1431 663 1487 potestatem,
683 1424 915 1487 pertinet,
939 1440 1001 1472 ne
1033 1426 1337 1473 exercituum
1365 1442 1563 1474 suorum

177 1498 435 1562 imperium
470 1499 563 1546 nisi
598 1508 647 1547 et
675 1499 879 1547 ducibus
902 1499 1106 1559 idoneis,
1131 1501 1399 1565 iisdemque
1421 1501 1562 1549 bonis

178 1574 381 1633 civibus,
400 1575 631 1622 mandare
651 1575 783 1622 velit.

246 1649 456 1699 Quando
492 1659 656 1698 autem
692 1651 775 1714 qui
810 1667 1047 1699 summam
1081 1652 1229 1700 habet
1267 1660 1565 1716 potestatem

177 1725 426 1789 popularis
450 1725 553 1788 ipse
577 1733 663 1785 est,
687 1742 717 1774 a
738 1726 1065 1790 popularitate
1090 1729 1422 1791 cujuscunque
1446 1729 1565 1776 civis

176 1799 448 1864 periculum
461 1801 648 1849 nullum
663 1809 750 1850 est.
787 1802 973 1850 Ducem
989 1803 1117 1850 enim
1133 1812 1564 1867 quantumcunque

179 1883 392 1924 amatum
428 1884 601 1924 contra
630 1893 795 1940 regem
826 1894 981 1937 suum,
1007 1878 1101 1926 nisi
1132 1895 1243 1926 eum
1274 1886 1360 1927 aut
1380 1879 1565 1927 factum

180 1952 285 2015 ejus
318 1952 519 2015 aliquod
552 1952 761 2011 oderint,
797 1953 974 2001 milites
1025 1962 1257 2017 sequutos
1302 1970 1406 2002 esse
1450 1970 1566 2002 nus-

181 2043 328 2091 quam
362 2027 583 2091 legimus.
668 2028 947 2092 Imperandi
982 2029 1112 2077 enim
1140 2031 1221 2093 jus
1255 2031 1567 2079 manifestum

18 2147 19 2150 ,
182 2117 260 2150 res
282 2102 404 2151 adeo
427 2103 673 2166 popularis
697 2112 787 2163 est,
811 2112 867 2152 ut
890 2104 954 2152 ad
976 2105 1305 2154 conciliandos
1330 2106 1422 2154 sibi
1438 2107 1565 2154 cives

0 2170 25 2274 ’ἒ
182 2178 339 2227 solum
363 2179 584 2227 sufficiat.

0 2270 30 2322 sq,
249 2254 323 2303 De
347 2255 517 2303 officiis
542 2271 840 2304 summorum
864 2257 1207 2321 imperantium
1229 2273 1395 2306 versus
1419 2272 1470 2304 se
1493 2257 1567 2304 in-

0 2315 29 2397 2}
182 2330 340 2378 vicem
357 2330 480 2378 nihil
499 2330 674 2390 dicam,
690 2331 785 2379 nisi
803 2332 934 2395 quod
951 2333 1295 2381 contineantur
1313 2333 1364 2380 in
1381 2332 1568 2395 legibus

5 2397 23 2438 ἶ
184 2412 373 2454 naturae
396 2421 543 2469 supra
565 2407 968 2456 commemoratis.
1039 2408 1164 2455 Nam
1178 2409 1269 2471 jus
1279 2407 1501 2472 gentium
1520 2415 1569 2454 et

0 2408 19 2551 ἒ
173 2480 265 2543 jus
281 2487 481 2528 παίωνα)
504 2481 634 2529 idem
657 2490 786 2529 sunt.
858 2482 1004 2531 Quod
1018 2484 1180 2546 potuit
1196 2483 1301 2530 fieri
1318 2491 1432 2530 ante
1456 2482 1571 2529 civi-

186 2562 313 2604 tates
332 2557 621 2604 constitutas
639 2573 668 2604 a
683 2557 899 2620 quolibet
917 2558 1128 2616 homine,
1144 2558 1272 2605 idem
1286 2557 1391 2604 fieri
1405 2565 1571 2620 potest

0 2628 4 2629 ⁷
185 2645 275 2693 per
302 2632 382 2694 jus
415 2631 636 2694 gentium
670 2647 700 2679 a
733 2632 948 2695 qualibet
982 2633 1206 2687 civitate;
1243 2640 1293 2680 et
1327 2632 1419 2690 lex,
1461 2648 1570 2695 quae

186 2704 374 2754 homini
396 2714 510 2754 ante
527 2707 641 2769 jura
663 2707 824 2755 civilia
844 2707 962 2771 quid
979 2708 1223 2771 agendum
1241 2716 1292 2755 et
1310 2707 1428 2770 quid
1444 2707 1570 2771 fugi-

182 2780 368 2828 endum
407 2781 472 2829 sit
512 2781 696 2840 definit,
732 2782 902 2831 eadem
941 2783 1218 2831 civitatibus
1256 2798 1344 2846 per
1384 2798 1569 2830 summe

187 2854 529 2919 imperantium
542 2858 864 2907 conscientias
883 2858 1068 2907 dictare
1083 2858 1387 2922 intelligitur.
1424 2858 1570 2907 Curia
