1968 3236
547 212 618 245 nn.
647 211 905 247 mvrrA'rE
932 213 1290 248 cums-runai.
1495 207 1605 267 *391

221 323 513 387 susciperem
539 323 670 371 hunc
689 324 894 372 ecclesia
911 324 1190 373 ministrum
1204 324 1451 389 appellare
1470 341 1608 374 suum
1643 352 1746 384 (Ἃρ,
1763 351 1878 385 xm,

221 407 356 448 recte
379 400 557 463 potuit.
1663 406 1864 475 „W

288 475 495 523 Diaconi
530 483 696 523 tamen
722 475 1029 538 evangelium
1051 475 1337 539 praedicare,
1358 483 1407 524 et
1431 475 1612 524 doctri·
1661 480 1863 509 “clewfioe

221 566 336 599 nam
361 550 687 599 Christianam
725 567 1037 614 propugnare
1068 551 1402 616 unusquisque
1439 567 1612 600 secun-

219 625 338 674 dum
374 626 601 690 gratiam,
629 643 774 689 quam
807 643 835 674 a
866 627 971 674 Deo
1006 634 1280 690 acceperat,
1304 643 1406 675 non
1430 627 1610 686 omisit,

220 709 276 750 ut
314 702 363 750 S.
401 702 706 766 Stephanus;
750 718 910 765 neque
951 702 1216 765 baptizare,
1250 710 1308 750 ut
1345 702 1610 766 Philippus.

220 777 472 841 Philippus
510 779 640 826 enim
674 778 771 836 ille,
811 779 894 842 qui
940 779 1072 838 (Act.
1098 778 1196 826 viii.
1225 778 1275 839 5)
1307 777 1613 842 evangelium

218 853 507 917 praedicavit
522 854 571 901 in
583 854 817 911 Samaria,
827 853 1052 916 idemque
1074 854 1218 914 (vers.
1229 854 1313 915 38)
1333 853 1612 902 eunuchum

218 929 503 993 baptizavit,
529 947 627 978 non
664 938 770 977 erat
805 930 1054 993 Philippus
1088 929 1352 992 apostolus,
1390 928 1476 977 sed
1503 929 1613 977 Phi-

218 1004 380 1069 lippus
420 1005 669 1054 diaconus.
742 1006 953 1054 Quando
990 1005 1120 1052 enim
1159 1005 1409 1068 Philippus
1432 1004 1612 1068 praedi-

219 1082 363 1129 cabat
411 1082 659 1140 Samariae,
701 1081 912 1144 apostoli
954 1080 1096 1140 (vers.
1135 1082 1211 1141 14)
1253 1079 1609 1144 Hierosolymis

219 1165 393 1212 erant;
419 1157 506 1221 qui
526 1174 632 1204 eum
658 1156 914 1204 audissent
934 1130 1217 1204 Salleariam
1235 1155 1491 1220 recepisse
1504 1171 1613 1203 ver-

220 1232 331 1280 bum
356 1233 471 1291 Dei,
498 1232 737 1279 miserunt
770 1231 844 1279 acl
874 1248 958 1279 eos
991 1232 1198 1279 Petrum
1235 1237 1286 1278 et
1319 1230 1609 1289 Johannem,

219 1316 275 1356 ut
297 1324 471 1356 manus
495 1308 803 1370 imponerent
827 1307 920 1355 illis
954 1307 1037 1370 qui
1061 1322 1091 1354 a
1115 1306 1336 1370 Philippo
1373 1306 1609 1370 baptizati

217 1383 428 1442 fuerant,
453 1392 503 1431 et
528 1384 597 1431 sic
620 1383 897 1446 acciperent
924 1382 1161 1446 Spiritum
1187 1382 1437 1430 Sanctum.
1508 1382 1610 1430 Ne-

217 1460 483 1508 cessarium
502 1459 631 1506 enim
646 1467 753 1506 erat
769 1458 832 1506 ad
848 1458 1058 1521 Spiritus
1074 1458 1243 1505 Sancti
1261 1458 1609 1521 receptionem,

216 1544 275 1583 ut
297 1535 568 1598 baptismus
588 1534 1017 1582 administraretur
1033 1533 1110 1580 vel
1127 1534 1500 1581 confirmaretur
1521 1549 1611 1597 per

217 1610 496 1658 ministrum
514 1609 667 1668 verbi,
684 1625 784 1656 non
803 1624 890 1672 per
913 1608 1189 1656 ministrum
1210 1608 1444 1657 ecclesiae.
1483 1609 1610 1672 Bap-

217 1686 392 1734 tismus
417 1685 548 1733 enim
579 1684 806 1748 pastoris,
833 1684 1138 1748 temporibus
1170 1683 1280 1741 illis,
1308 1683 1360 1731 in
1393 1683 1501 1732 illos
1526 1684 1610 1748 qui

217 1778 332 1810 vere
356 1761 674 1810 crediderunt
710 1761 919 1824 Spiritus
946 1760 1114 1807 Sancti
1142 1759 1273 1807 dona
1296 1759 1606 1814 conferebat3

219 1854 330 1901 quae
348 1837 478 1886 dona
497 1838 674 1898 (Marc.
689 1836 787 1884 xvi.
814 1838 872 1891 17
877 1873 890 1894 ,
908 1837 988 1896 18)
1011 1843 1151 1883 erant
1163 1835 1271 1883 haec
1289 1854 1299 1882 ε
1317 1835 1420 1882 Per
1439 1852 1608 1883 nomen

218 1929 370 1961 meum
390 1912 631 1961 daemonia
655 1912 858 1974 ejicient
874 1930 893 1966 ;
929 1910 1122 1975 linguis
1146 1910 1409 1975 loquentur
1433 1910 1572 1958 novis
1587 1929 1606 1965 ;

218 1995 480 2053 serpentes
504 1987 682 2036 tollent
700 2007 719 2043 ;
754 1994 806 2035 et
830 1987 876 2034 si
900 1986 1027 2051 quid
1056 1985 1244 2034 lethale
1268 1985 1499 2045 biberint,
1524 2002 1607 2033 ne-

220 2079 468 2128 quaquam
486 2062 681 2110 nocebit
704 2063 779 2110 eis
794 2081 814 2117 ;
840 2061 1054 2126 cegrotis
1071 2077 1243 2108 manus
1267 2060 1532 2124 imponent,
1556 2067 1607 2108 et

222 2137 341 2186 bene
375 2155 429 2186 ee
468 2137 727 2185 habebunt.
816 2138 939 2185 Haec
975 2136 1198 2184 conferre
1231 2135 1481 2199 Philippus
1504 2151 1605 2184 non

220 2214 397 2276 potuit,
428 2213 513 2261 sed
549 2221 753 2277 potuere
788 2212 1011 2277 apostoli,
1037 2220 1086 2260 et
1124 2212 1300 2275 reipsa,
1326 2219 1382 2258 ut
1417 2227 1477 2258 ex
1510 2211 1605 2259 hoc

221 2288 331 2336 loco
345 2296 564 2352 apparet,
583 2304 695 2336 vere
711 2288 1023 2336 credentibus
1038 2287 1353 2336 contulerunt
1370 2307 1382 2341 ;
1407 2286 1458 2334 id
1473 2286 1606 2350 quod

221 2371 442 2427 pastores
465 2363 687 2411 hodierni
710 2379 809 2412 non
831 2363 1035 2412 faciunt.

289 2438 606 2501 Eligebantur
628 2439 690 2486 ab
714 2439 918 2487 ecclesia
946 2439 1109 2495 etiam,
1138 2454 1236 2486 non
1271 2437 1332 2485 ab
1367 2436 1604 2500 apostolo,

222 2513 432 2571 diaconi,
456 2520 513 2560 ut
542 2520 695 2575 patet,
721 2514 831 2562 Act.
854 2514 919 2563 vi.
939 2521 986 2573 2,
1013 2520 1059 2573 3,
1084 2513 1170 2561 ubi
1193 2513 1397 2576 legimus
1421 2511 1606 2561 duode-

222 2588 319 2637 cim
342 2588 588 2652 apostolos
610 2588 871 2653 discipulos
906 2605 1199 2638 convocasse
1230 2590 1332 2652 jam
1366 2587 1604 2652 multipli-

222 2672 374 2723 catos,
390 2672 440 2712 et
458 2663 635 2712 dixisse
659 2664 781 2713 illis:
802 2665 916 2713 Non
935 2672 1012 2713 est
1032 2680 1216 2729 (equum
1240 2680 1345 2721 nos,
1361 2662 1604 2712 derelicto

222 2739 371 2787 verbo
410 2738 526 2797 Dei,
564 2739 857 2788 ministrare
895 2741 1114 2788 mensis:
1150 2738 1366 2803 deligite
1403 2755 1547 2803 ergo,
1575 2755 1604 2786 ο

203 2817 436 2880 fratres,
458 2830 521 2861 ex
545 2813 682 2862 vobis
704 2814 840 2863 viros
857 2821 1060 2880 septem,
1080 2813 1358 2863 testimonio
1381 2821 1603 2874 ornatos,
