<?xml version="1.0" encoding="UTF-8"?>
<!DOCTYPE html PUBLIC "-//W3C//DTD XHTML 1.0 Transitional//EN"
    "http://www.w3.org/TR/xhtml1/DTD/xhtml1-transitional.dtd">
<html xmlns="http://www.w3.org/1999/xhtml" xml:lang="en" lang="en">
 <head>
  <title>
</title>
<meta http-equiv="Content-Type" content="text/html;charset=utf-8" />
  <meta name='ocr-system' content='tesseract 3.04.00' />
  <meta name='ocr-capabilities' content='ocr_page ocr_carea ocr_par ocr_line ocrx_word'/>
</head>
<body>
  <div class='ocr_page' id='page_1' title='image "./operaphilosophic03hobbuoft_0476.png"; bbox 0 0 1968 3236; ppageno 0'>
   <div class='ocr_carea' id='block_1_1' title="bbox 450 238 1504 290">
    <p class='ocr_par' dir='ltr' id='par_1_1' title="bbox 450 238 1504 290">
     <span class='ocr_line' id='line_1_1' title="bbox 450 238 1504 290; baseline 0.002 -7"><span class='ocrx_word' id='word_1_1' title='bbox 450 238 546 290; x_wconf 88' lang='grc'>476</span> <span class='ocrx_word' id='word_1_2' title='bbox 786 251 855 283; x_wconf 85' lang='lat' dir='ltr'>DE</span> <span class='ocrx_word' id='word_1_3' title='bbox 885 250 1071 283; x_wconf 80' lang='lat' dir='ltr'>REGNo</span> <span class='ocrx_word' id='word_1_4' title='bbox 1099 250 1504 285; x_wconf 77' lang='lat' dir='ltr'>TENEBRARUM.</span> 
     </span>
    </p>
   </div>
   <div class='ocr_carea' id='block_1_2' title="bbox 181 361 1840 500">
    <p class='ocr_par' dir='ltr' id='par_1_2' title="bbox 181 361 1840 500">
     <span class='ocr_line' id='line_1_2' title="bbox 181 361 1838 425; baseline 0.001 -16"><span class='ocrx_word' id='word_1_5' title='bbox 181 382 283 414; x_wconf 70' lang='lat' dir='ltr'>CAp,</span> <span class='ocrx_word' id='word_1_6' title='bbox 295 383 403 415; x_wconf 69' lang='lat' dir='ltr'>xm,</span> <span class='ocrx_word' id='word_1_7' title='bbox 449 362 573 409; x_wconf 86' lang='lat' dir='ltr'>solet</span> <span class='ocrx_word' id='word_1_8' title='bbox 590 362 735 424; x_wconf 83' lang='lat' dir='ltr'>vulgo</span> <span class='ocrx_word' id='word_1_9' title='bbox 755 361 996 424; x_wconf 85' lang='lat' dir='ltr'>imperito.</span> <span class='ocrx_word' id='word_1_10' title='bbox 1034 362 1198 408; x_wconf 88' lang='lat' dir='ltr'>Metus</span> <span class='ocrx_word' id='word_1_11' title='bbox 1217 371 1383 409; x_wconf 87' lang='lat' dir='ltr'>autem</span> <span class='ocrx_word' id='word_1_12' title='bbox 1400 362 1480 410; x_wconf 91' lang='lat' dir='ltr'>hic</span> <span class='ocrx_word' id='word_1_13' title='bbox 1499 362 1838 425; x_wconf 88' lang='lat' dir='ltr'>imperitorum</span> 
     </span>
     <span class='ocr_line' id='line_1_3' title="bbox 203 436 1840 500; baseline 0.002 -17"><span class='ocrx_word' id='word_1_14' title='bbox 203 438 392 459; x_wconf 35' lang='grc' dir='ltr'><strong>ψ</strong></span> <span class='ocrx_word' id='word_1_15' title='bbox 449 437 716 495; x_wconf 88' lang='lat' dir='ltr'>hominum,</span> <span class='ocrx_word' id='word_1_16' title='bbox 733 436 1005 483; x_wconf 88' lang='lat' dir='ltr'>rectoribus</span> <span class='ocrx_word' id='word_1_17' title='bbox 1030 436 1281 484; x_wconf 89' lang='lat' dir='ltr'>civitatum</span> <span class='ocrx_word' id='word_1_18' title='bbox 1298 437 1605 485; x_wconf 86' lang='lat' dir='ltr'>occasionem</span> <span class='ocrx_word' id='word_1_19' title='bbox 1627 438 1840 500; x_wconf 91' lang='lat' dir='ltr'>praebuit</span> 
     </span>
    </p>
   </div>
   <div class='ocr_carea' id='block_1_3' title="bbox 167 478 398 507">
    <p class='ocr_par' dir='ltr' id='par_1_3' title="bbox 167 478 398 507">
     <span class='ocr_line' id='line_1_4' title="bbox 167 478 398 507; baseline 0.004 -2"><span class='ocrx_word' id='word_1_20' title='bbox 167 478 211 506; x_wconf 86' lang='lat' dir='ltr'>Dc</span> <span class='ocrx_word' id='word_1_21' title='bbox 227 478 398 507; x_wconf 76' lang='lat' dir='ltr'>daemonolo-</span> 
     </span>
    </p>
   </div>
   <div class='ocr_carea' id='block_1_4' title="bbox 164 512 1844 2923">
    <p class='ocr_par' dir='ltr' id='par_1_4' title="bbox 164 512 1840 578">
     <span class='ocr_line' id='line_1_5' title="bbox 164 512 1840 578; baseline 0.003 -21"><span class='ocrx_word' id='word_1_22' title='bbox 164 521 397 571; x_wconf 56' lang='lat' dir='ltr'>gistetreflinuiis</span> <span class='ocrx_word' id='word_1_23' title='bbox 451 512 781 560; x_wconf 88' lang='lat' dir='ltr'>constituendi</span> <span class='ocrx_word' id='word_1_24' title='bbox 804 520 961 559; x_wconf 88' lang='lat' dir='ltr'>artem</span> <span class='ocrx_word' id='word_1_25' title='bbox 997 512 1242 574; x_wconf 86' lang='lat' dir='ltr'>quandam</span> <span class='ocrx_word' id='word_1_26' title='bbox 1280 512 1668 578; x_wconf 76' lang='lat' dir='ltr'>daemonologioe,</span> <span class='ocrx_word' id='word_1_27' title='bbox 1694 529 1840 577; x_wconf 89' lang='lat' dir='ltr'>quam</span> 
     </span>
    </p>

    <p class='ocr_par' dir='ltr' id='par_1_5' title="bbox 165 563 1843 937">
     <span class='ocr_line' id='line_1_6' title="bbox 165 563 1841 653; baseline 0.001 -18"><span class='ocrx_word' id='word_1_28' title='bbox 165 563 418 637; x_wconf 53' lang='lat' dir='ltr'>Ziiffifflfflnun</span> <span class='ocrx_word' id='word_1_29' title='bbox 452 588 679 635; x_wconf 86' lang='lat' dir='ltr'>dixerunt</span> <span class='ocrx_word' id='word_1_30' title='bbox 702 587 1003 650; x_wconf 84' lang='lat' dir='ltr'>religionem,</span> <span class='ocrx_word' id='word_1_31' title='bbox 1028 594 1083 635; x_wconf 92' lang='lat' dir='ltr'>ut</span> <span class='ocrx_word' id='word_1_32' title='bbox 1108 604 1165 635; x_wconf 92' lang='lat' dir='ltr'>ea</span> <span class='ocrx_word' id='word_1_33' title='bbox 1189 589 1267 636; x_wconf 88' lang='lat' dir='ltr'>via</span> <span class='ocrx_word' id='word_1_34' title='bbox 1290 596 1476 636; x_wconf 89' lang='lat' dir='ltr'>metum</span> <span class='ocrx_word' id='word_1_35' title='bbox 1501 589 1680 636; x_wconf 88' lang='lat' dir='ltr'>civium</span> <span class='ocrx_word' id='word_1_36' title='bbox 1704 605 1841 653; x_wconf 85' lang='lat' dir='ltr'>rege-</span> 
     </span>
     <span class='ocr_line' id='line_1_7' title="bbox 449 663 1843 727; baseline 0.001 -16"><span class='ocrx_word' id='word_1_37' title='bbox 449 672 559 711; x_wconf 91' lang='lat' dir='ltr'>rent</span> <span class='ocrx_word' id='word_1_38' title='bbox 577 663 639 710; x_wconf 92' lang='lat' dir='ltr'>ad</span> <span class='ocrx_word' id='word_1_39' title='bbox 662 679 833 726; x_wconf 85' lang='lat' dir='ltr'>pacem</span> <span class='ocrx_word' id='word_1_40' title='bbox 856 663 1116 726; x_wconf 85' lang='lat' dir='ltr'>publicam.</span> <span class='ocrx_word' id='word_1_41' title='bbox 1169 663 1430 711; x_wconf 80' lang='lat' dir='ltr'>Daemonia</span> <span class='ocrx_word' id='word_1_42' title='bbox 1455 664 1619 727; x_wconf 91' lang='lat' dir='ltr'>itaque</span> <span class='ocrx_word' id='word_1_43' title='bbox 1637 664 1843 713; x_wconf 86' lang='lat' dir='ltr'>distinx-</span> 
     </span>
     <span class='ocr_line' id='line_1_8' title="bbox 450 738 1841 804; baseline 0.002 -19"><span class='ocrx_word' id='word_1_44' title='bbox 450 746 595 785; x_wconf 90' lang='lat' dir='ltr'>erunt</span> <span class='ocrx_word' id='word_1_45' title='bbox 618 738 668 786; x_wconf 91' lang='lat' dir='ltr'>in</span> <span class='ocrx_word' id='word_1_46' title='bbox 700 739 830 786; x_wconf 89' lang='lat' dir='ltr'>bona</span> <span class='ocrx_word' id='word_1_47' title='bbox 855 747 906 787; x_wconf 88' lang='lat' dir='ltr'>et</span> <span class='ocrx_word' id='word_1_48' title='bbox 929 739 1086 796; x_wconf 88' lang='lat' dir='ltr'>mala;</span> <span class='ocrx_word' id='word_1_49' title='bbox 1122 747 1180 787; x_wconf 89' lang='lat' dir='ltr'>ut</span> <span class='ocrx_word' id='word_1_50' title='bbox 1209 740 1303 787; x_wconf 91' lang='lat' dir='ltr'>illis</span> <span class='ocrx_word' id='word_1_51' title='bbox 1328 740 1391 788; x_wconf 87' lang='lat' dir='ltr'>ad</span> <span class='ocrx_word' id='word_1_52' title='bbox 1425 740 1589 804; x_wconf 86' lang='lat' dir='ltr'>legum</span> <span class='ocrx_word' id='word_1_53' title='bbox 1613 740 1841 789; x_wconf 89' lang='lat' dir='ltr'>observa-</span> 
     </span>
     <span class='ocr_line' id='line_1_9' title="bbox 449 814 1842 874; baseline 0.003 -14"><span class='ocrx_word' id='word_1_54' title='bbox 449 814 635 861; x_wconf 88' lang='lat' dir='ltr'>tionem</span> <span class='ocrx_word' id='word_1_55' title='bbox 659 815 1027 863; x_wconf 86' lang='lat' dir='ltr'>stimularentur</span> <span class='ocrx_word' id='word_1_56' title='bbox 1050 815 1197 874; x_wconf 88' lang='lat' dir='ltr'>cives,</span> <span class='ocrx_word' id='word_1_57' title='bbox 1223 815 1298 864; x_wconf 91' lang='lat' dir='ltr'>his</span> <span class='ocrx_word' id='word_1_58' title='bbox 1313 816 1374 863; x_wconf 91' lang='lat' dir='ltr'>ab</span> <span class='ocrx_word' id='word_1_59' title='bbox 1394 832 1563 864; x_wconf 89' lang='lat' dir='ltr'>earum</span> <span class='ocrx_word' id='word_1_60' title='bbox 1578 816 1842 865; x_wconf 87' lang='lat' dir='ltr'>violatione</span> 
     </span>
     <span class='ocr_line' id='line_1_10' title="bbox 450 890 792 937; baseline 0.003 -1"><span class='ocrx_word' id='word_1_61' title='bbox 450 890 792 937; x_wconf 81' lang='lat' dir='ltr'>retinerentur.</span> 
     </span>
    </p>

    <p class='ocr_par' dir='ltr' id='par_1_6' title="bbox 448 965 1843 1180">
     <span class='ocr_line' id='line_1_11' title="bbox 514 965 1843 1030; baseline 0.003 -19"><span class='ocrx_word' id='word_1_62' title='bbox 514 965 775 1012; x_wconf 76' lang='lat' dir='ltr'>Doemones</span> <span class='ocrx_word' id='word_1_63' title='bbox 813 972 977 1013; x_wconf 87' lang='lat' dir='ltr'>autem</span> <span class='ocrx_word' id='word_1_64' title='bbox 1019 982 1129 1030; x_wconf 86' lang='lat' dir='ltr'>quae</span> <span class='ocrx_word' id='word_1_65' title='bbox 1164 982 1243 1014; x_wconf 91' lang='lat' dir='ltr'>res</span> <span class='ocrx_word' id='word_1_66' title='bbox 1281 975 1458 1026; x_wconf 84' lang='lat' dir='ltr'>essent,</span> <span class='ocrx_word' id='word_1_67' title='bbox 1490 966 1607 1015; x_wconf 88' lang='lat' dir='ltr'>satis</span> <span class='ocrx_word' id='word_1_68' title='bbox 1646 974 1843 1015; x_wconf 86' lang='lat' dir='ltr'>constat</span> 
     </span>
     <span class='ocr_line' id='line_1_12' title="bbox 448 1042 1842 1105; baseline 0.002 -18"><span class='ocrx_word' id='word_1_69' title='bbox 448 1048 553 1088; x_wconf 89' lang='lat' dir='ltr'>tum</span> <span class='ocrx_word' id='word_1_70' title='bbox 578 1057 637 1088; x_wconf 86' lang='lat' dir='ltr'>ex</span> <span class='ocrx_word' id='word_1_71' title='bbox 660 1042 946 1105; x_wconf 85' lang='lat' dir='ltr'>Theogonia</span> <span class='ocrx_word' id='word_1_72' title='bbox 971 1042 1192 1102; x_wconf 86' lang='lat' dir='ltr'>Hesiodi,</span> <span class='ocrx_word' id='word_1_73' title='bbox 1219 1051 1325 1091; x_wconf 90' lang='lat' dir='ltr'>tum</span> <span class='ocrx_word' id='word_1_74' title='bbox 1344 1059 1404 1091; x_wconf 85' lang='lat' dir='ltr'>ex</span> <span class='ocrx_word' id='word_1_75' title='bbox 1427 1043 1535 1091; x_wconf 91' lang='lat' dir='ltr'>aliis</span> <span class='ocrx_word' id='word_1_76' title='bbox 1560 1043 1842 1091; x_wconf 89' lang='lat' dir='ltr'>Graecorum</span> 
     </span>
     <span class='ocr_line' id='line_1_13' title="bbox 449 1117 1627 1180; baseline 0.002 -16"><span class='ocrx_word' id='word_1_77' title='bbox 449 1117 605 1179; x_wconf 89' lang='lat' dir='ltr'>poetis</span> <span class='ocrx_word' id='word_1_78' title='bbox 630 1117 993 1180; x_wconf 84' lang='lat' dir='ltr'>antiquissimis,</span> <span class='ocrx_word' id='word_1_79' title='bbox 1014 1128 1121 1166; x_wconf 89' lang='lat' dir='ltr'>tum</span> <span class='ocrx_word' id='word_1_80' title='bbox 1140 1119 1287 1167; x_wconf 90' lang='lat' dir='ltr'>etiam</span> <span class='ocrx_word' id='word_1_81' title='bbox 1313 1135 1372 1166; x_wconf 81' lang='lat' dir='ltr'>ex</span> <span class='ocrx_word' id='word_1_82' title='bbox 1395 1118 1627 1166; x_wconf 88' lang='lat' dir='ltr'>historiis.</span> 
     </span>
    </p>

    <p class='ocr_par' dir='ltr' id='par_1_7' title="bbox 449 1192 1844 2923">
     <span class='ocr_line' id='line_1_14' title="bbox 518 1192 1843 1258; baseline 0.002 -19"><span class='ocrx_word' id='word_1_83' title='bbox 518 1192 711 1255; x_wconf 84' lang='lat' dir='ltr'>Scripta</span> <span class='ocrx_word' id='word_1_84' title='bbox 734 1200 899 1241; x_wconf 90' lang='lat' dir='ltr'>autem</span> <span class='ocrx_word' id='word_1_85' title='bbox 922 1210 1009 1242; x_wconf 89' lang='lat' dir='ltr'>sua</span> <span class='ocrx_word' id='word_1_86' title='bbox 1033 1194 1178 1242; x_wconf 88' lang='lat' dir='ltr'>simul</span> <span class='ocrx_word' id='word_1_87' title='bbox 1201 1211 1313 1242; x_wconf 91' lang='lat' dir='ltr'>cum</span> <span class='ocrx_word' id='word_1_88' title='bbox 1341 1194 1510 1258; x_wconf 84' lang='lat' dir='ltr'>lingua</span> <span class='ocrx_word' id='word_1_89' title='bbox 1534 1194 1719 1252; x_wconf 84' lang='lat' dir='ltr'>Graeca,</span> <span class='ocrx_word' id='word_1_90' title='bbox 1754 1210 1843 1258; x_wconf 90' lang='lat' dir='ltr'>per</span> 
     </span>
     <span class='ocr_line' id='line_1_15' title="bbox 449 1267 1843 1328; baseline 0.003 -14"><span class='ocrx_word' id='word_1_91' title='bbox 449 1267 678 1316; x_wconf 90' lang='lat' dir='ltr'>victorias</span> <span class='ocrx_word' id='word_1_92' title='bbox 712 1275 762 1316; x_wconf 90' lang='lat' dir='ltr'>et</span> <span class='ocrx_word' id='word_1_93' title='bbox 808 1270 1026 1318; x_wconf 88' lang='lat' dir='ltr'>colonias</span> <span class='ocrx_word' id='word_1_94' title='bbox 1067 1286 1194 1328; x_wconf 90' lang='lat' dir='ltr'>suas,</span> <span class='ocrx_word' id='word_1_95' title='bbox 1230 1270 1654 1318; x_wconf 89' lang='lat' dir='ltr'>communicarunt</span> <span class='ocrx_word' id='word_1_96' title='bbox 1684 1270 1843 1318; x_wconf 85' lang='lat' dir='ltr'>Graeci</span> 
     </span>
     <span class='ocr_line' id='line_1_16' title="bbox 450 1344 1843 1410; baseline 0.003 -20"><span class='ocrx_word' id='word_1_97' title='bbox 450 1344 595 1402; x_wconf 87' lang='lat' dir='ltr'>Asiae,</span> <span class='ocrx_word' id='word_1_98' title='bbox 620 1344 839 1407; x_wconf 83' lang='lat' dir='ltr'>AEgypti,</span> <span class='ocrx_word' id='word_1_99' title='bbox 878 1352 927 1392; x_wconf 91' lang='lat' dir='ltr'>et</span> <span class='ocrx_word' id='word_1_100' title='bbox 964 1346 1119 1394; x_wconf 84' lang='lat' dir='ltr'>Italiae</span> <span class='ocrx_word' id='word_1_101' title='bbox 1159 1346 1384 1410; x_wconf 90' lang='lat' dir='ltr'>populis;</span> <span class='ocrx_word' id='word_1_102' title='bbox 1420 1354 1568 1409; x_wconf 87' lang='lat' dir='ltr'>atque</span> <span class='ocrx_word' id='word_1_103' title='bbox 1602 1345 1717 1393; x_wconf 90' lang='lat' dir='ltr'>inde</span> <span class='ocrx_word' id='word_1_104' title='bbox 1740 1346 1843 1394; x_wconf 79' lang='lat' dir='ltr'>dae-</span> 
     </span>
     <span class='ocr_line' id='line_1_17' title="bbox 450 1419 1842 1485; baseline 0.003 -20"><span class='ocrx_word' id='word_1_105' title='bbox 450 1419 793 1483; x_wconf 73' lang='lat' dir='ltr'>monologium,</span> <span class='ocrx_word' id='word_1_106' title='bbox 804 1421 920 1478; x_wconf 87' lang='lat' dir='ltr'>sive,</span> <span class='ocrx_word' id='word_1_107' title='bbox 935 1430 992 1468; x_wconf 89' lang='lat' dir='ltr'>ut</span> <span class='ocrx_word' id='word_1_108' title='bbox 1006 1421 1223 1485; x_wconf 92' lang='lat' dir='ltr'>loquitur</span> <span class='ocrx_word' id='word_1_109' title='bbox 1239 1422 1288 1469; x_wconf 84' lang='lat' dir='ltr'>S.</span> <span class='ocrx_word' id='word_1_110' title='bbox 1306 1421 1482 1469; x_wconf 91' lang='lat' dir='ltr'>Paulus</span> <span class='ocrx_word' id='word_1_111' title='bbox 1504 1422 1549 1482; x_wconf 96' lang='lat' dir='ltr'>(l</span> <span class='ocrx_word' id='word_1_112' title='bbox 1563 1421 1760 1470; x_wconf 88' lang='lat' dir='ltr'>Tim.iv.</span> <span class='ocrx_word' id='word_1_113' title='bbox 1776 1421 1842 1484; x_wconf 91' lang='lat' dir='ltr'>l),</span> 
     </span>
     <span class='ocr_line' id='line_1_18' title="bbox 452 1494 1843 1560; baseline 0.004 -20"><span class='ocrx_word' id='word_1_114' title='bbox 452 1494 713 1542; x_wconf 70' lang='lat' dir='ltr'>doctrinas</span> <span class='ocrx_word' id='word_1_115' title='bbox 739 1497 800 1543; x_wconf 82' lang='lat' dir='ltr'>de</span> <span class='ocrx_word' id='word_1_116' title='bbox 825 1496 1083 1545; x_wconf 74' lang='lat' dir='ltr'>doemoniis</span> <span class='ocrx_word' id='word_1_117' title='bbox 1112 1498 1398 1546; x_wconf 86' lang='lat' dir='ltr'>Judaeorum</span> <span class='ocrx_word' id='word_1_118' title='bbox 1422 1514 1522 1545; x_wconf 91' lang='lat' dir='ltr'>non</span> <span class='ocrx_word' id='word_1_119' title='bbox 1545 1497 1705 1560; x_wconf 91' lang='lat' dir='ltr'>pauci,</span> <span class='ocrx_word' id='word_1_120' title='bbox 1735 1505 1843 1545; x_wconf 90' lang='lat' dir='ltr'>tum</span> 
     </span>
     <span class='ocr_line' id='line_1_19' title="bbox 458 1570 1843 1637; baseline 0.003 -20"><span class='ocrx_word' id='word_1_121' title='bbox 458 1570 541 1633; x_wconf 92' lang='lat' dir='ltr'>qui</span> <span class='ocrx_word' id='word_1_122' title='bbox 564 1572 614 1618; x_wconf 91' lang='lat' dir='ltr'>in</span> <span class='ocrx_word' id='word_1_123' title='bbox 650 1572 755 1634; x_wconf 90' lang='lat' dir='ltr'>ipsa</span> <span class='ocrx_word' id='word_1_124' title='bbox 793 1573 821 1620; x_wconf 87' lang='lat' dir='ltr'>J</span> <span class='ocrx_word' id='word_1_125' title='bbox 827 1573 980 1632; x_wconf 86' lang='lat' dir='ltr'>udaea,</span> <span class='ocrx_word' id='word_1_126' title='bbox 1006 1582 1112 1622; x_wconf 92' lang='lat' dir='ltr'>tum</span> <span class='ocrx_word' id='word_1_127' title='bbox 1137 1573 1220 1637; x_wconf 90' lang='lat' dir='ltr'>qui</span> <span class='ocrx_word' id='word_1_128' title='bbox 1243 1573 1294 1621; x_wconf 94' lang='lat' dir='ltr'>in</span> <span class='ocrx_word' id='word_1_129' title='bbox 1317 1573 1618 1621; x_wconf 85' lang='lat' dir='ltr'>Alexandria</span> <span class='ocrx_word' id='word_1_130' title='bbox 1639 1572 1843 1636; x_wconf 80' lang='lat' dir='ltr'>aliisque</span> 
     </span>
     <span class='ocr_line' id='line_1_20' title="bbox 456 1646 1844 1711; baseline 0.002 -18"><span class='ocrx_word' id='word_1_131' title='bbox 456 1646 577 1694; x_wconf 89' lang='lat' dir='ltr'>locis</span> <span class='ocrx_word' id='word_1_132' title='bbox 619 1647 823 1711; x_wconf 89' lang='lat' dir='ltr'>dispersi</span> <span class='ocrx_word' id='word_1_133' title='bbox 860 1657 1014 1708; x_wconf 89' lang='lat' dir='ltr'>erant,</span> <span class='ocrx_word' id='word_1_134' title='bbox 1061 1650 1374 1698; x_wconf 88' lang='lat' dir='ltr'>imbiberunt.</span> <span class='ocrx_word' id='word_1_135' title='bbox 1444 1649 1638 1697; x_wconf 91' lang='lat' dir='ltr'>Nomen</span> <span class='ocrx_word' id='word_1_136' title='bbox 1677 1655 1844 1696; x_wconf 87' lang='lat' dir='ltr'>tamen</span> 
     </span>
     <span class='ocr_line' id='line_1_21' title="bbox 453 1721 1843 1788; baseline 0.004 -21"><span class='ocrx_word' id='word_1_137' title='bbox 453 1721 680 1770; x_wconf 74' lang='lat' dir='ltr'>dcemonii</span> <span class='ocrx_word' id='word_1_138' title='bbox 704 1740 820 1780; x_wconf 90' lang='lat' dir='ltr'>non,</span> <span class='ocrx_word' id='word_1_139' title='bbox 853 1731 909 1772; x_wconf 91' lang='lat' dir='ltr'>ut</span> <span class='ocrx_word' id='word_1_140' title='bbox 933 1725 1107 1784; x_wconf 88' lang='lat' dir='ltr'>Graeci,</span> <span class='ocrx_word' id='word_1_141' title='bbox 1133 1725 1384 1788; x_wconf 89' lang='lat' dir='ltr'>spiritibus</span> <span class='ocrx_word' id='word_1_142' title='bbox 1421 1724 1664 1783; x_wconf 90' lang='lat' dir='ltr'>omnibus,</span> <span class='ocrx_word' id='word_1_143' title='bbox 1700 1724 1843 1772; x_wconf 87' lang='lat' dir='ltr'>bonis</span> 
     </span>
     <span class='ocr_line' id='line_1_22' title="bbox 453 1799 1841 1863; baseline 0.001 -18"><span class='ocrx_word' id='word_1_144' title='bbox 453 1805 503 1845; x_wconf 87' lang='lat' dir='ltr'>et</span> <span class='ocrx_word' id='word_1_145' title='bbox 526 1799 680 1859; x_wconf 89' lang='lat' dir='ltr'>malis,</span> <span class='ocrx_word' id='word_1_146' title='bbox 714 1801 991 1863; x_wconf 87' lang='lat' dir='ltr'>promiscue</span> <span class='ocrx_word' id='word_1_147' title='bbox 1022 1801 1316 1859; x_wconf 88' lang='lat' dir='ltr'>tribuerunt,</span> <span class='ocrx_word' id='word_1_148' title='bbox 1342 1800 1430 1848; x_wconf 90' lang='lat' dir='ltr'>sed</span> <span class='ocrx_word' id='word_1_149' title='bbox 1452 1800 1591 1848; x_wconf 89' lang='lat' dir='ltr'>malis</span> <span class='ocrx_word' id='word_1_150' title='bbox 1613 1807 1841 1855; x_wconf 84' lang='lat' dir='ltr'>tantum;</span> 
     </span>
     <span class='ocr_line' id='line_1_23' title="bbox 452 1872 1844 1940; baseline 0.004 -21"><span class='ocrx_word' id='word_1_151' title='bbox 452 1872 714 1921; x_wconf 63' lang='lat' dir='ltr'>daemonem</span> <span class='ocrx_word' id='word_1_152' title='bbox 751 1876 952 1934; x_wconf 88' lang='lat' dir='ltr'>bonum,</span> <span class='ocrx_word' id='word_1_153' title='bbox 991 1876 1218 1939; x_wconf 85' lang='lat' dir='ltr'>spiritum</span> <span class='ocrx_word' id='word_1_154' title='bbox 1265 1876 1357 1923; x_wconf 91' lang='lat' dir='ltr'>Dei</span> <span class='ocrx_word' id='word_1_155' title='bbox 1399 1875 1702 1940; x_wconf 88' lang='lat' dir='ltr'>appellantes</span> <span class='ocrx_word' id='word_1_156' title='bbox 1722 1895 1734 1931; x_wconf 91' lang='lat'>;</span> <span class='ocrx_word' id='word_1_157' title='bbox 1793 1882 1844 1924; x_wconf 86' lang='lat' dir='ltr'>et</span> 
     </span>
     <span class='ocr_line' id='line_1_24' title="bbox 453 1951 1843 2015; baseline 0.002 -19"><span class='ocrx_word' id='word_1_158' title='bbox 453 1965 534 1996; x_wconf 88' lang='lat' dir='ltr'>eos</span> <span class='ocrx_word' id='word_1_159' title='bbox 573 1951 656 2013; x_wconf 89' lang='lat' dir='ltr'>qui</span> <span class='ocrx_word' id='word_1_160' title='bbox 688 1951 914 2014; x_wconf 89' lang='lat' dir='ltr'>spiritum</span> <span class='ocrx_word' id='word_1_161' title='bbox 946 1953 1131 2000; x_wconf 92' lang='lat' dir='ltr'>bonum</span> <span class='ocrx_word' id='word_1_162' title='bbox 1167 1952 1430 2010; x_wconf 87' lang='lat' dir='ltr'>habebant,</span> <span class='ocrx_word' id='word_1_163' title='bbox 1455 1951 1719 2015; x_wconf 86' lang='lat' dir='ltr'>prophetas</span> <span class='ocrx_word' id='word_1_164' title='bbox 1753 1966 1843 1999; x_wconf 92' lang='lat' dir='ltr'>no-</span> 
     </span>
     <span class='ocr_line' id='line_1_25' title="bbox 451 2025 1843 2091; baseline 0.002 -20"><span class='ocrx_word' id='word_1_165' title='bbox 451 2025 774 2074; x_wconf 88' lang='lat' dir='ltr'>minaverunt.</span> <span class='ocrx_word' id='word_1_166' title='bbox 812 2028 1005 2076; x_wconf 91' lang='lat' dir='ltr'>Bonum</span> <span class='ocrx_word' id='word_1_167' title='bbox 1031 2028 1241 2091; x_wconf 88' lang='lat' dir='ltr'>denique</span> <span class='ocrx_word' id='word_1_168' title='bbox 1260 2027 1506 2091; x_wconf 84' lang='lat' dir='ltr'>singulare</span> <span class='ocrx_word' id='word_1_169' title='bbox 1529 2034 1578 2074; x_wconf 86' lang='lat' dir='ltr'>et</span> <span class='ocrx_word' id='word_1_170' title='bbox 1601 2026 1843 2075; x_wconf 86' lang='lat' dir='ltr'>excellens</span> 
     </span>
     <span class='ocr_line' id='line_1_26' title="bbox 452 2102 1843 2166; baseline 0.002 -19"><span class='ocrx_word' id='word_1_171' title='bbox 452 2117 611 2159; x_wconf 90' lang='lat' dir='ltr'>omne,</span> <span class='ocrx_word' id='word_1_172' title='bbox 647 2118 736 2164; x_wconf 86' lang='lat' dir='ltr'>pro</span> <span class='ocrx_word' id='word_1_173' title='bbox 769 2102 943 2166; x_wconf 89' lang='lat' dir='ltr'>spiritu</span> <span class='ocrx_word' id='word_1_174' title='bbox 978 2103 1070 2151; x_wconf 92' lang='lat' dir='ltr'>Dei</span> <span class='ocrx_word' id='word_1_175' title='bbox 1101 2104 1393 2161; x_wconf 89' lang='lat' dir='ltr'>habuerunt,</span> <span class='ocrx_word' id='word_1_176' title='bbox 1418 2111 1468 2151; x_wconf 89' lang='lat' dir='ltr'>et</span> <span class='ocrx_word' id='word_1_177' title='bbox 1492 2102 1674 2150; x_wconf 85' lang='lat' dir='ltr'>malum</span> <span class='ocrx_word' id='word_1_178' title='bbox 1697 2118 1843 2151; x_wconf 87' lang='lat' dir='ltr'>omne</span> 
     </span>
     <span class='ocr_line' id='line_1_27' title="bbox 450 2177 1840 2240; baseline 0.002 -17"><span class='ocrx_word' id='word_1_179' title='bbox 450 2177 715 2240; x_wconf 84' lang='lat' dir='ltr'>egregium,</span> <span class='ocrx_word' id='word_1_180' title='bbox 741 2178 1024 2226; x_wconf 65' lang='lat' dir='ltr'>doemonium</span> <span class='ocrx_word' id='word_1_181' title='bbox 1049 2186 1098 2227; x_wconf 89' lang='lat' dir='ltr'>et</span> <span class='ocrx_word' id='word_1_182' title='bbox 1122 2178 1503 2226; x_wconf 77' lang='lat' dir='ltr'>cacodoemonem</span> <span class='ocrx_word' id='word_1_183' title='bbox 1528 2186 1840 2227; x_wconf 86' lang='lat' dir='ltr'>vocaverunt.</span> 
     </span>
     <span class='ocr_line' id='line_1_28' title="bbox 456 2253 1840 2318; baseline 0.002 -19"><span class='ocrx_word' id='word_1_184' title='bbox 456 2253 794 2300; x_wconf 74' lang='lat' dir='ltr'>Dcemoniczcos</span> <span class='ocrx_word' id='word_1_185' title='bbox 819 2270 936 2318; x_wconf 87' lang='lat' dir='ltr'>ergo</span> <span class='ocrx_word' id='word_1_186' title='bbox 961 2254 1190 2303; x_wconf 87' lang='lat' dir='ltr'>dixerunt</span> <span class='ocrx_word' id='word_1_187' title='bbox 1211 2254 1336 2311; x_wconf 87' lang='lat' dir='ltr'>illos,</span> <span class='ocrx_word' id='word_1_188' title='bbox 1361 2270 1484 2318; x_wconf 91' lang='lat' dir='ltr'>quos</span> <span class='ocrx_word' id='word_1_189' title='bbox 1502 2270 1593 2302; x_wconf 91' lang='lat' dir='ltr'>nos</span> <span class='ocrx_word' id='word_1_190' title='bbox 1615 2253 1840 2314; x_wconf 87' lang='lat' dir='ltr'>furiosos,</span> 
     </span>
     <span class='ocr_line' id='line_1_29' title="bbox 450 2327 1842 2394; baseline 0.001 -19"><span class='ocrx_word' id='word_1_191' title='bbox 450 2327 660 2388; x_wconf 87' lang='lat' dir='ltr'>insanos,</span> <span class='ocrx_word' id='word_1_192' title='bbox 706 2330 963 2389; x_wconf 89' lang='lat' dir='ltr'>lunaticos,</span> <span class='ocrx_word' id='word_1_193' title='bbox 1009 2330 1086 2378; x_wconf 88' lang='lat' dir='ltr'>vel</span> <span class='ocrx_word' id='word_1_194' title='bbox 1128 2331 1414 2394; x_wconf 91' lang='lat' dir='ltr'>epilepticos</span> <span class='ocrx_word' id='word_1_195' title='bbox 1434 2350 1446 2385; x_wconf 91' lang='lat'>;</span> <span class='ocrx_word' id='word_1_196' title='bbox 1505 2337 1651 2392; x_wconf 86' lang='lat' dir='ltr'>atque</span> <span class='ocrx_word' id='word_1_197' title='bbox 1691 2329 1842 2377; x_wconf 84' lang='lat' dir='ltr'>etiam</span> 
     </span>
     <span class='ocr_line' id='line_1_30' title="bbox 451 2403 1840 2470; baseline 0.002 -20"><span class='ocrx_word' id='word_1_198' title='bbox 451 2403 573 2463; x_wconf 88' lang='lat' dir='ltr'>illos,</span> <span class='ocrx_word' id='word_1_199' title='bbox 599 2404 684 2468; x_wconf 91' lang='lat' dir='ltr'>qui</span> <span class='ocrx_word' id='word_1_200' title='bbox 703 2421 762 2453; x_wconf 88' lang='lat' dir='ltr'>ea</span> <span class='ocrx_word' id='word_1_201' title='bbox 783 2406 1109 2469; x_wconf 88' lang='lat' dir='ltr'>loquebantur</span> <span class='ocrx_word' id='word_1_202' title='bbox 1134 2423 1242 2470; x_wconf 90' lang='lat' dir='ltr'>quae</span> <span class='ocrx_word' id='word_1_203' title='bbox 1257 2407 1463 2470; x_wconf 87' lang='lat' dir='ltr'>intelligi</span> <span class='ocrx_word' id='word_1_204' title='bbox 1481 2421 1579 2454; x_wconf 90' lang='lat' dir='ltr'>non</span> <span class='ocrx_word' id='word_1_205' title='bbox 1596 2412 1840 2469; x_wconf 79' lang='lat' dir='ltr'>poterant.</span> 
     </span>
     <span class='ocr_line' id='line_1_31' title="bbox 452 2478 1843 2544; baseline 0.002 -19"><span class='ocrx_word' id='word_1_206' title='bbox 452 2478 613 2526; x_wconf 86' lang='lat' dir='ltr'>Etiam</span> <span class='ocrx_word' id='word_1_207' title='bbox 636 2480 884 2529; x_wconf 89' lang='lat' dir='ltr'>hominem</span> <span class='ocrx_word' id='word_1_208' title='bbox 917 2482 1222 2530; x_wconf 91' lang='lat' dir='ltr'>immundum</span> <span class='ocrx_word' id='word_1_209' title='bbox 1247 2483 1427 2530; x_wconf 84' lang='lat' dir='ltr'>habere</span> <span class='ocrx_word' id='word_1_210' title='bbox 1451 2482 1681 2529; x_wconf 84' lang='lat' dir='ltr'>dicebant</span> <span class='ocrx_word' id='word_1_211' title='bbox 1703 2480 1843 2544; x_wconf 89' lang='lat' dir='ltr'>spiri-</span> 
     </span>
     <span class='ocr_line' id='line_1_32' title="bbox 451 2555 1842 2613; baseline 0.003 -13"><span class='ocrx_word' id='word_1_212' title='bbox 451 2561 555 2601; x_wconf 90' lang='lat' dir='ltr'>tum</span> <span class='ocrx_word' id='word_1_213' title='bbox 576 2555 881 2604; x_wconf 90' lang='lat' dir='ltr'>immundum</span> <span class='ocrx_word' id='word_1_214' title='bbox 900 2578 912 2613; x_wconf 91' lang='lat'>;</span> <span class='ocrx_word' id='word_1_215' title='bbox 949 2565 1000 2605; x_wconf 89' lang='lat' dir='ltr'>et</span> <span class='ocrx_word' id='word_1_216' title='bbox 1030 2557 1277 2605; x_wconf 87' lang='lat' dir='ltr'>hominem</span> <span class='ocrx_word' id='word_1_217' title='bbox 1301 2565 1492 2606; x_wconf 89' lang='lat' dir='ltr'>mutum</span> <span class='ocrx_word' id='word_1_218' title='bbox 1515 2557 1697 2605; x_wconf 85' lang='lat' dir='ltr'>habere</span> <span class='ocrx_word' id='word_1_219' title='bbox 1713 2556 1766 2604; x_wconf 92' lang='lat' dir='ltr'>in</span> <span class='ocrx_word' id='word_1_220' title='bbox 1789 2571 1842 2604; x_wconf 86' lang='lat' dir='ltr'>se</span> 
     </span>
     <span class='ocr_line' id='line_1_33' title="bbox 451 2629 1840 2696; baseline 0.003 -21"><span class='ocrx_word' id='word_1_221' title='bbox 451 2629 734 2678; x_wconf 76' lang='lat' dir='ltr'>(loemonium</span> <span class='ocrx_word' id='word_1_222' title='bbox 765 2638 970 2680; x_wconf 87' lang='lat' dir='ltr'>mutum.</span> <span class='ocrx_word' id='word_1_223' title='bbox 1046 2633 1219 2696; x_wconf 86' lang='lat' dir='ltr'>Itaque</span> <span class='ocrx_word' id='word_1_224' title='bbox 1256 2634 1316 2681; x_wconf 91' lang='lat' dir='ltr'>de</span> <span class='ocrx_word' id='word_1_225' title='bbox 1343 2634 1568 2682; x_wconf 87' lang='lat' dir='ltr'>Johanne</span> <span class='ocrx_word' id='word_1_226' title='bbox 1602 2631 1840 2695; x_wconf 75' lang='lat' dir='ltr'>Baptista,</span> 
     </span>
     <span class='ocr_line' id='line_1_34' title="bbox 451 2705 1839 2771; baseline 0.002 -20"><span class='ocrx_word' id='word_1_227' title='bbox 451 2705 564 2766; x_wconf 86' lang='lat' dir='ltr'>quia</span> <span class='ocrx_word' id='word_1_228' title='bbox 581 2705 815 2769; x_wconf 80' lang='lat' dir='ltr'>singulari</span> <span class='ocrx_word' id='word_1_229' title='bbox 839 2707 984 2755; x_wconf 91' lang='lat' dir='ltr'>modo</span> <span class='ocrx_word' id='word_1_230' title='bbox 1004 2709 1275 2771; x_wconf 86' lang='lat' dir='ltr'>jejunabat,</span> <span class='ocrx_word' id='word_1_231' title='bbox 1295 2709 1526 2757; x_wconf 82' lang='lat' dir='ltr'>dixerunt</span> <span class='ocrx_word' id='word_1_232' title='bbox 1548 2707 1747 2769; x_wconf 84' lang='lat' dir='ltr'>(Matth.</span> <span class='ocrx_word' id='word_1_233' title='bbox 1773 2706 1839 2754; x_wconf 81' lang='lat' dir='ltr'>xi.</span> 
     </span>
     <span class='ocr_line' id='line_1_35' title="bbox 460 2780 1840 2842; baseline 0.004 -17"><span class='ocrx_word' id='word_1_234' title='bbox 460 2780 552 2839; x_wconf 80' lang='lat'>18.)</span> <span class='ocrx_word' id='word_1_235' title='bbox 594 2780 724 2842; x_wconf 90' lang='lat' dir='ltr'>quod</span> <span class='ocrx_word' id='word_1_236' title='bbox 769 2781 978 2830; x_wconf 80' lang='lat' dir='ltr'>habebat</span> <span class='ocrx_word' id='word_1_237' title='bbox 1017 2783 1302 2831; x_wconf 74' lang='lat' dir='ltr'>cloemouium</span> <span class='ocrx_word' id='word_1_238' title='bbox 1320 2803 1339 2839; x_wconf 89' lang='lat'><em>;</em></span> <span class='ocrx_word' id='word_1_239' title='bbox 1387 2792 1437 2831; x_wconf 88' lang='lat' dir='ltr'>et</span> <span class='ocrx_word' id='word_1_240' title='bbox 1477 2783 1537 2831; x_wconf 91' lang='lat' dir='ltr'>de</span> <span class='ocrx_word' id='word_1_241' title='bbox 1580 2784 1840 2832; x_wconf 82' lang='lat' dir='ltr'>Servatore</span> 
     </span>
     <span class='ocr_line' id='line_1_36' title="bbox 453 2856 1840 2923; baseline 0.004 -23"><span class='ocrx_word' id='word_1_242' title='bbox 453 2864 634 2913; x_wconf 86' lang='lat' dir='ltr'>nostro,</span> <span class='ocrx_word' id='word_1_243' title='bbox 677 2856 790 2918; x_wconf 84' lang='lat' dir='ltr'>quia</span> <span class='ocrx_word' id='word_1_244' title='bbox 825 2858 950 2906; x_wconf 81' lang='lat' dir='ltr'>dixit</span> <span class='ocrx_word' id='word_1_245' title='bbox 989 2859 1120 2919; x_wconf 73' lang='lat' dir='ltr'>(Joh.</span> <span class='ocrx_word' id='word_1_246' title='bbox 1154 2859 1251 2906; x_wconf 86' lang='lat' dir='ltr'>viii.</span> <span class='ocrx_word' id='word_1_247' title='bbox 1290 2860 1394 2920; x_wconf 89' lang='lat'>51),</span> <span class='ocrx_word' id='word_1_248' title='bbox 1432 2859 1518 2923; x_wconf 82' lang='lat' dir='ltr'>qui</span> <span class='ocrx_word' id='word_1_249' title='bbox 1554 2875 1659 2906; x_wconf 83' lang='lat' dir='ltr'>mea</span> <span class='ocrx_word' id='word_1_250' title='bbox 1696 2858 1840 2907; x_wconf 83' lang='lat' dir='ltr'>dicta</span> 
     </span>
    </p>
   </div>
  </div>
 </body>
</html>
