1910 3236
405 258 466 301 82
924 266 994 299 DE
1023 266 1265 299 HOMlNE.

158 401 259 433 CAp,
275 402 340 434 ΧῙ,
404 394 553 437 error,
594 394 750 441 neque
786 376 1108 424 contradictio
1143 377 1403 424 verborum
1435 376 1538 424 sine
1560 377 1779 440 perfecto

146 454 349 526 Dm
404 454 656 502 intellectu
683 459 844 517 potest
869 452 1047 515 detegi.

143 549 264 568 morum-
471 530 547 577 Ab
580 529 748 576 eadem
786 543 931 575 causa
963 526 1304 590 proficiscitur,
1328 537 1384 576 ut
1419 529 1521 576 sine
1546 528 1706 576 studio
1730 534 1780 574 et

404 603 656 652 intellectu
693 603 838 660 claro,
865 602 1100 665 distingui
1137 619 1237 650 non
1277 605 1431 666 possit
1470 604 1600 651 inter
1630 619 1779 650 unam

405 680 644 727 actionem
681 678 946 725 multorum
985 678 1252 737 hominum,
1278 686 1326 726 et
1365 680 1527 743 plures
1563 680 1779 727 actiones

403 756 544 802 unius
589 753 927 800 multitudinis.
1019 754 1241 817 Exempli
1286 771 1447 813 causa,
1506 754 1782 802 differentia

403 846 580 893 magna
616 836 689 876 est
711 829 841 876 inter
872 828 1115 876 actionem
1146 838 1424 878 senatorum
1449 831 1780 878 Romanorum

404 905 618 952 omnium
632 920 795 963 unam,
805 920 916 951 cum
930 905 1262 953 interficerent
1271 906 1544 966 Catilinam,
1554 914 1603 954 et
1616 906 1780 969 plures

402 981 616 1027 actiones
656 987 935 1027 senatorum
958 980 1168 1039 illorum,
1193 981 1276 1044 qui
1299 982 1651 1030 interfecerunt
1674 981 1780 1029 Cae-

402 1071 568 1103 sarem.
640 1056 812 1119 Itaque
848 1056 932 1119 qui
964 1073 1139 1119 parum
1179 1057 1460 1120 intelligunt
1493 1058 1656 1117 verba,
1688 1073 1779 1120 pro

401 1132 591 1179 actione
614 1131 782 1195 populi
805 1148 1135 1195 saepenumero
1159 1133 1406 1196 accipiunt
1423 1133 1654 1191 actiones,
1670 1148 1780 1196 quae

399 1207 523 1255 fiunt
543 1208 602 1254 ab
626 1208 878 1255 hominum
900 1208 1228 1269 multitudine,
1254 1225 1533 1272 quanquam
1550 1210 1611 1257 ab
1635 1209 1780 1257 unius

398 1282 525 1330 forte
548 1283 858 1346 instigatione
882 1292 1030 1332 natae.

466 1359 713 1421 Ignoratio
733 1375 986 1407 causarum
1005 1367 1055 1408 et
1073 1361 1433 1409 constitutionis
1450 1361 1622 1424 primae
1640 1360 1779 1424 juris,

400 1434 658 1497 aequitatis,
672 1435 808 1498 legis,
825 1443 876 1483 et
887 1435 1106 1499 justitiae,
1123 1436 1242 1484 facit
1255 1444 1310 1484 ut
1327 1436 1546 1484 homines
1565 1452 1655 1500 pro
1671 1452 1780 1484 sua-

400 1526 508 1558 rum
530 1511 776 1558 actionum
799 1512 967 1575 regula
1005 1520 1270 1575 sequantur
1305 1512 1708 1560 consuetudinem
1731 1518 1781 1559 et

400 1587 619 1650 exempla
655 1587 888 1650 temporis
930 1587 1183 1650 praeteriti,
1226 1595 1498 1651 putentque
1544 1587 1780 1650 injustum

397 1662 518 1709 nihil
535 1662 667 1710 aliud
683 1678 801 1720 esse,
810 1679 956 1726 quam
972 1663 1102 1726 quod
1113 1663 1275 1726 puniri
1290 1663 1556 1721 consuevit,
1567 1663 1778 1725 justum-

400 1754 492 1800 que
516 1754 621 1786 esse
647 1739 780 1801 quod
802 1739 1063 1802 aliquando
1084 1739 1281 1803 impune
1306 1739 1422 1794 fuit;
1462 1738 1599 1802 quasi
1621 1737 1777 1801 pueri,

399 1814 482 1876 qui
504 1814 620 1861 boni
643 1823 694 1862 et
716 1815 831 1863 mali
861 1815 1010 1863 moris
1045 1815 1190 1863 aliam
1223 1814 1444 1878 regulam
1474 1813 1658 1861 nullam
1691 1813 1778 1861 ha—

395 1890 528 1947 bent,
547 1897 724 1952 praeter
737 1898 996 1953 parentum
1014 1897 1063 1938 et
1077 1890 1420 1953 magistrorum
1435 1889 1776 1937 correctiones.

397 1964 538 2012 Pueri
554 1973 720 2012 tamen
740 1981 828 2013 sua
850 1965 1020 2028 regula
1043 1973 1323 2013 constanter
1340 1980 1529 2028 semper
1545 1964 1621 2012 usi
1641 1972 1776 2020 sunt;

396 2040 617 2088 homines
640 2048 804 2089 autem
827 2041 980 2089 adulti
1004 2058 1033 2088 a
1057 2041 1406 2089 consuetudine
1435 2041 1498 2088 ad
1520 2040 1776 2099 rationem,

398 2123 446 2163 et
469 2132 633 2164 rursus
657 2133 686 2164 a
715 2117 902 2165 ratione
940 2116 1003 2164 ad
1040 2116 1457 2174 consuetudinem,
1482 2115 1673 2178 quoties
1698 2132 1778 2163 vo-

398 2191 518 2250 lunt,
541 2208 629 2255 per
652 2192 1009 2240 contumaciam
1030 2198 1314 2255 provocant,
1336 2190 1671 2253 rationemque
1691 2207 1776 2254 op—

397 2274 632 2329 pugnant,
651 2267 838 2330 quoties
857 2267 1073 2330 ipsorum
1088 2266 1346 2314 commoda
1363 2274 1613 2328 oppugnat
1634 2266 1775 2314 ratio.

401 2343 633 2391 Doctrina
669 2359 785 2406 ergo
817 2342 938 2405 justi
970 2349 1019 2390 et
1049 2342 1216 2405 injusti
1240 2350 1476 2405 perpetuo
1501 2341 1778 2405 disputatur

398 2425 503 2464 tum
527 2418 719 2481 scriptis
744 2426 850 2465 tum
880 2417 1055 2472 armis;
1092 2417 1318 2464 doctrina
1348 2422 1509 2463 autem
1539 2416 1778 2465 linearum

399 2501 449 2540 et
487 2494 754 2556 figurarum
793 2509 894 2541 non
929 2492 1218 2555 disputatur.
1289 2491 1453 2545 Quare
1473 2491 1490 2538 ?
1562 2492 1692 2541 Quia
1725 2492 1777 2541 in

401 2567 626 2616 doctrina
649 2569 757 2627 hac,
778 2583 999 2631 quaenam
1024 2568 1088 2615 sit
1109 2568 1303 2625 veritaS‚
1329 2567 1442 2630 quia
1475 2567 1654 2615 nullius
1676 2583 1779 2616 am-

398 2643 648 2703 bitionem,
687 2644 892 2702 lucrum,
930 2651 1015 2690 aut
1052 2642 1330 2706 cupidinem
1371 2642 1592 2705 impedit,
1634 2643 1778 2706 pauci

400 2727 585 2768 curant.
656 2720 785 2768 Nam
818 2720 858 2767 si
881 2719 1151 2783 propositio
1175 2719 1280 2766 haec
1303 2718 1534 2777 Euclidis,
1561 2724 1666 2767 tres
1689 2735 1778 2767 an-

396 2794 508 2857 guli
533 2795 782 2860 trianguli
806 2794 1020 2860 aequales
1038 2801 1151 2842 sunt
1176 2793 1362 2842 duobus
1386 2794 1558 2853 rectis,
1578 2794 1777 2843 utilitati

400 2883 580 2929 eorum,
620 2871 702 2933 qui
745 2870 1134 2927 dominabantur,
1171 2869 1417 2917 contraria
1451 2869 1638 2929 fuisset,
1678 2885 1778 2919 non
