1910 3236
342 214 405 256 68
862 226 931 258 DE
961 225 1202 258 HOMINE.

881 565 1097 614 CAPUT
1130 565 1195 614 X.

558 692 618 724 DE
645 692 900 735 POTENTlA,
924 692 1201 736 DIGNITATE,
1227 693 1287 724 ET
1312 692 1522 724 HONORE.

116 802 217 835 CAp,
234 803 281 835 x,
346 780 620 828 PoTEN'rIA
645 779 894 841 cujusque,
918 778 1258 826 universaliter
1288 786 1496 841 sumpta,
1526 784 1599 825 est
1627 793 1730 824 me-

64 858 330 934 mmi&
347 855 535 903 diorum
576 854 809 912 omnium,
849 870 958 917 quae
1003 855 1155 902 habet
1200 855 1262 902 ad
1302 855 1484 902 bonum
1531 853 1729 916 aliquod

63 940 161 974 nitate,
171 944 200 968 et
212 941 328 968 honore·
344 931 563 979 futurum
586 946 825 993 apparens
850 930 1234 993 adipiscendum,
1261 937 1594 994 aggregatum.
1643 930 1730 976 Est

344 1014 508 1055 autem
532 1005 609 1052 vel
632 1005 886 1053 naturalis
908 1005 987 1053 vel
1011 1006 1418 1054 instrumentalis,

409 1082 634 1130 Potentia
646 1080 899 1129 naturalis
917 1089 994 1129 est
1011 1082 1301 1130 excellentia
1314 1082 1605 1130 facultatum
1623 1097 1731 1129 cor-

341 1158 475 1222 poris
506 1158 583 1205 vel
618 1157 796 1205 animi:
833 1165 889 1205 ut
921 1158 1085 1216 robur,
1120 1157 1293 1217 forma,
1328 1157 1606 1221 prudentia,
1636 1172 1730 1214 arS,

343 1233 640 1297 eloquentia,
681 1232 962 1290 liberalitas,
1000 1233 1246 1281 nobilitas.
1317 1231 1732 1280 Instrumentale-s·

343 1317 473 1367 sunt,
508 1325 616 1372 quae
646 1324 734 1371 per
769 1308 1031 1356 naturales
1066 1309 1142 1356 vel
1178 1308 1426 1356 fortunam
1463 1307 1732 1371 acquisitae,

341 1384 504 1432 media
521 1392 570 1431 et
585 1384 910 1431 instrumenta
928 1392 1042 1431 sunt
1062 1384 1125 1431 ad
1142 1384 1413 1448 potentiam
1432 1383 1731 1446 augendam:

341 1469 399 1508 ut
412 1460 611 1519 divitiae,
629 1460 937 1519 existimatio,
954 1461 1114 1520 amici,
1131 1468 1180 1508 ct
1199 1460 1416 1524 operatio
1432 1460 1734 1523 impercepta

349 1537 458 1596 Dei,
485 1553 630 1600 quam
652 1537 873 1584 homines
896 1537 1183 1600 plerumque
1201 1535 1449 1599 appellant
1468 1534 1733 1582 fortunam.

345 1612 583 1660 Potentiae
616 1612 746 1659 enim
776 1621 954 1660 natura
986 1613 1079 1660 hac
1111 1613 1162 1660 in
1194 1628 1246 1660 re
1274 1611 1418 1659 famae
1450 1610 1619 1658 similis
1643 1617 1732 1668 est,

346 1687 507 1735 eundo
538 1704 789 1744 crescens;
827 1689 903 1736 vel
932 1704 1192 1752 corporum
1216 1688 1439 1752 gravium
1463 1686 1732 1744 descensui,

347 1779 455 1827 quae
477 1764 789 1826 procedendo
813 1765 1165 1812 accelerantur.

412 1840 752 1888 Humanarum
782 1841 1114 1903 potentiarum
1145 1841 1359 1888 maxima
1395 1848 1469 1887 est
1501 1838 1599 1896 illa,
1625 1854 1735 1901 quae

343 1931 403 1963 ex
436 1915 757 1978 plurimorum
791 1916 1045 1964 hominum
1078 1916 1313 1979 potentiis
1348 1915 1399 1962 in
1434 1931 1584 1962 unam
1619 1929 1731 1977 per-

346 2005 514 2038 sonam
546 2006 785 2038 consensu
817 1993 1120 2055 singulorum
1151 1993 1404 2040 unitorum
1428 1999 1501 2039 est
1538 2007 1736 2054 compo-

346 2065 468 2121 sita;
505 2066 604 2113 sive
634 2066 717 2114 illa
747 2083 955 2129 persona
986 2068 1222 2116 naturalis
1251 2068 1329 2124 sit,
1360 2077 1418 2115 ut
1446 2067 1609 2125 homo,
1634 2066 1735 2114 sive

345 2141 625 2199 artificialis,
649 2149 707 2189 ut
739 2142 926 2198 civitas,
950 2159 979 2191 a
1010 2144 1149 2206 cujus
1179 2143 1433 2191 voluntate
1457 2141 1736 2205 dependent

344 2217 576 2280 potentiae
602 2217 835 2265 omnium.
888 2219 1113 2266 Proxima
1135 2219 1249 2266 huic
1273 2218 1494 2281 potentia
1516 2225 1604 2275 est,
1625 2233 1736 2281 quae

347 2292 589 2355 dependet
605 2308 634 2339 a
647 2292 901 2340 voluntate
917 2294 1243 2341 multitudinis
1258 2310 1356 2341 non
1375 2293 1547 2348 unitae;
1580 2293 1736 2357 qualis

347 2374 421 2415 est
443 2367 669 2430 potentia
691 2366 921 2415 factionis
945 2369 1022 2415 vel
1046 2367 1315 2416 factionum
1337 2368 1701 2416 foederatarum.

414 2443 600 2506 Itaque,
620 2442 799 2490 multos
823 2443 1003 2490 habere
1028 2459 1206 2502 servos,
1230 2444 1450 2507 potentia
1473 2452 1548 2492 est
1569 2465 1580 2500 ;
1617 2445 1736 2493 item

347 2518 527 2566 multos
551 2518 730 2566 habere
755 2518 953 2566 amicos.
1027 2519 1152 2566 Sunt
1176 2519 1306 2566 enim
1329 2519 1456 2567 vires
1479 2520 1645 2568 unitae.

413 2595 574 2642 Etiam
598 2594 780 2642 divitiae
806 2595 1082 2658 conjunctae
1103 2610 1213 2642 cum
1238 2595 1544 2655 liberalitate,
1562 2604 1737 2659 poten-

347 2669 418 2717 tia
436 2677 540 2725 est;
578 2670 693 2734 quia
716 2686 879 2718 servos
903 2677 952 2718 et
975 2671 1157 2718 amicos
1174 2679 1378 2734 parant:
1416 2672 1598 2735 absque
1616 2672 1736 2720 libe-

347 2744 555 2803 ralitate,
575 2761 675 2793 non
694 2745 813 2793 item
831 2766 842 2798 ;
881 2745 995 2808 quia
1014 2762 1112 2793 non
1133 2745 1416 2804 defendunt,
1436 2747 1522 2795 sed
1541 2747 1736 2795 invidiae

349 2827 613 2883 exponunt.
