1910 3236
737 262 1137 297 mruonuc'rio.
1599 254 1630 296 3

245 381 542 437 praeceptum
583 372 716 421 aliud
757 374 1023 437 antiquiuS,
1058 388 1144 436 per
1182 370 1315 434 quod
1354 369 1626 433 intelligere

242 474 456 530 possent,
492 466 533 514 si
578 466 773 523 vellent,
809 466 1029 513 homines
1071 464 1190 511 alios
1226 462 1405 510 rectius
1446 462 1624 525 legere,

245 571 419 619 nempe
459 572 603 603 nosce
638 557 861 621 teipsum.
934 555 1079 606 Quod
1109 562 1408 619 praeceptum
1432 553 1627 601 nonita

244 648 615 711 intelligendum
652 658 741 706 est,
781 658 836 696 ut
877 648 1098 696 nonnulli
1137 654 1328 710 putant,
1364 645 1503 709 quasi
1539 653 1627 693 aut

243 740 575 804 potentiorum
598 756 714 803 erga
736 741 908 803 vulgus
931 741 1077 788 fastui
1110 739 1380 797 barbarico,
1414 745 1500 787 aut
1535 737 1628 785 hu-

245 832 431 880 milium
455 849 571 896 erga
601 833 899 896 potentiores
922 832 1211 897 procacitati
1247 830 1431 880 incivili
1466 829 1627 878 indul-

243 932 398 987 geret,
423 924 510 973 sed
547 933 603 972 ut
638 925 901 972 doceamur
934 925 1257 988 cogitationes
1279 923 1627 988 passionesque

245 1016 497 1065 hominum
522 1017 825 1066 diversorum
848 1018 972 1066 adeo
997 1018 1177 1066 similes
1203 1018 1332 1065 inter
1355 1032 1406 1064 se
1431 1031 1551 1075 esse,
1571 1023 1629 1063 ut

246 1108 526 1172 quicunque
549 1109 602 1157 in
619 1110 830 1173 seipsum
851 1111 1132 1174 inspexerit,
1151 1109 1628 1172 consideraveritque

246 1200 365 1264 quid
381 1200 528 1249 faciat
551 1202 653 1265 ipse
677 1211 727 1251 et
752 1219 917 1266 quare,
942 1202 1138 1266 quando
1163 1202 1363 1265 cogitat,
1382 1201 1626 1265 opinatur,

246 1292 580 1348 ratiocinatur,
614 1302 793 1356 sperat,
828 1294 985 1351 timet,
1010 1301 1119 1351 etc.,
1160 1292 1290 1340 idem
1323 1292 1466 1340 simul
1497 1292 1629 1356 leget

247 1383 581 1447 intelligetque
606 1385 924 1449 cogitationes
938 1386 1283 1449 passionesque
1300 1385 1507 1432 aliorum
1527 1401 1630 1433 om-

244 1474 380 1522 nium
397 1475 649 1523 hominum
663 1492 694 1523 a
716 1476 952 1524 similibus
970 1476 1128 1524 causis
1148 1477 1361 1524 orientes
1380 1497 1391 1532 ;
1428 1476 1626 1535 similes,

246 1566 460 1630 inquam,
492 1567 754 1630 passiones,
779 1584 879 1616 non
903 1568 1079 1616 similia
1113 1568 1395 1632 passionum
1419 1567 1627 1630 objecta,

246 1675 364 1733 quae·
379 1675 409 1707 a
431 1659 778 1718 constitutione
803 1667 852 1707 et
875 1659 1168 1708 educatione
1191 1659 1445 1707 hominum
1462 1659 1630 1722 singu-

246 1750 421 1799 larium
443 1751 513 1799 ita
541 1752 795 1799 variantur
829 1759 877 1800 et
913 1753 1295 1812 absconduntur,
1330 1760 1386 1800 ut
1409 1752 1630 1800 cordium

247 1858 447 1891 suorum
492 1842 812 1901 characteres,
860 1842 1184 1902 simulatione,
1225 1843 1628 1902 dissimulatione,

244 1935 476 2000 falsisque
521 1936 829 1999 opinionibus
875 1936 1127 1985 scribillati
1173 1944 1222 1984 et
1284 1935 1491 1994 confusi,
1538 1935 1631 1983 soli

246 2028 508 2077 scrutatori
543 2027 764 2076 cordium
795 2028 894 2077 sint
917 2028 1152 2092 legibiles.
1225 2029 1522 2092 Quanquam
1545 2044 1631 2076 au-

247 2129 349 2169 tem
382 2121 584 2169 consilia
617 2121 870 2169 hominum
893 2137 1191 2184 cognoscere
1226 2120 1492 2184 aliquando
1520 2135 1632 2184 pos-

248 2229 414 2262 sumus
447 2229 536 2277 per
572 2230 630 2261 ea
653 2230 764 2276 quae
785 2213 990 2272 faciunt,
1015 2213 1212 2262 difficile
1238 2222 1407 2262 tamen
1430 2222 1506 2260 est
1529 2212 1632 2260 sine

250 2306 613 2370 comparatione
635 2322 747 2353 cum
766 2306 980 2354 consiliis
994 2305 1220 2370 propriis,
1236 2314 1286 2354 et
1304 2306 1410 2353 sine
1430 2304 1632 2352 distinc-

249 2399 385 2448 tione
408 2398 883 2446 circumstantiarum
906 2414 1015 2461 quae
1038 2398 1240 2446 effectus
1276 2397 1491 2460 singulos
1525 2413 1633 2445 mu-

250 2497 356 2539 tare
378 2490 536 2539 solent
556 2511 568 2546 3
594 2499 828 2554 tanquam
852 2491 893 2539 si
915 2491 1023 2554 quis
1046 2491 1213 2539 literas
1236 2491 1409 2554 ignoto
1428 2490 1630 2538 charac-

252 2589 357 2631 tere
379 2581 540 2646 legere
571 2591 786 2631 tentaret
808 2583 912 2631 sine
936 2584 1186 2648 scriptoris
1209 2583 1487 2647 alphabeto.
1546 2581 1636 2629 Er-

252 2673 381 2723 rabit
414 2690 532 2739 ergo
565 2682 651 2723 aut
688 2675 999 2739 simplicitate
1039 2682 1125 2723 aut
1159 2674 1432 2738 suspicione
1468 2673 1635 2732 nimia,

252 2772 400 2829 prout
420 2766 477 2826 is,
501 2767 586 2831 qui
608 2766 744 2830 legit,
767 2766 842 2814 vir
865 2767 1045 2830 probus
1069 2775 1144 2815 est
1167 2767 1245 2814 vel
1268 2766 1533 2830 improbus.

320 2856 503 2906 Verum
536 2858 587 2907 in
611 2858 962 2923 cognoscendis
992 2858 1270 2907 hominibus
1293 2857 1636 2922 singularibus,

1423 2947 1455 2981 B
1479 2947 1498 2976 2
