1968 3236
490 231 558 264 nn
589 231 848 265 emim-rs
876 233 1235 266 cnmsrmsa.
1463 224 1550 268 421

235 342 541 406 Argumenta
563 354 742 402 autem,
768 345 941 408 quibus
958 345 1167 408 probare
1185 351 1394 392 conatur
1411 346 1557 408 juris·
1592 371 1695 403 ew.
1713 370 1824 404 xm,

167 416 433 466 dictionem
458 434 594 466 suam
619 421 841 483 accipere
865 421 1120 484 episcopos
1146 436 1177 469 a
1197 420 1430 484 pontifice
1455 420 1555 468 Ro-
1606 426 1805 504 W

166 509 328 552 mano,
353 510 465 542 cum
488 495 709 558 pontifex
733 496 836 559 ipse
861 497 910 544 in
935 496 1163 544 dominiis
1202 495 1374 544 alienis
1404 496 1556 559 juris·
1605 509 1809 539 oenus-sua„

166 569 432 618 dictionem
468 571 649 618 nullam
686 571 881 629 habeat,
912 572 1078 620 omnia
1112 571 1390 619 frustranea
1427 579 1556 620 sunt.

164 644 515 710 Veruntamen,
554 648 668 709 quia
704 648 917 711 probant
948 646 1346 711 jurisdictionem
1370 647 1558 710 episco-

164 736 340 785 porum
386 721 595 770 derivari
633 739 663 770 a
704 731 949 787 potestate
995 739 1188 771 summa
1223 722 1370 781 civili,
1409 721 1560 786 digua

166 806 287 860 puto
305 805 361 845 ut
383 813 441 845 ea
464 798 680 846 recitem.
736 799 949 847 Primum
976 807 1050 846 est
1068 815 1097 846 a
1112 799 1261 846 Num.
1280 798 1344 846 xi.
1374 803 1449 857 16,
1474 800 1555 852 17:

163 872 249 920 ubi
272 874 454 930 Moses,
480 890 592 922 cum
622 874 1035 923 administrationi
1070 874 1349 938 reipublicae
1382 873 1558 922 Israel-

163 947 294 997 iticae
328 965 427 997 non
462 950 722 1008 sufficeret,
754 951 917 1013 jussus
958 958 1033 998 est
1055 966 1085 997 a
1108 949 1214 998 Deo
1250 949 1430 1012 eligere
1465 949 1557 997 sibi

164 1025 474 1088 septuaginta
512 1026 642 1073 viros
681 1041 741 1074 ex
779 1025 1050 1074 senioribus
1091 1025 1299 1084 Israelis,
1333 1033 1389 1073 111
1426 1025 1558 1073 Deus

162 1107 355 1164 partem
380 1101 580 1164 spiritus
605 1101 760 1149 Mosis
795 1101 890 1148 illis
926 1100 1079 1166 daret
1150 1100 1449 1163 Intelligitur
1470 1117 1556 1148 au-

162 1182 264 1223 tem
305 1175 434 1233 inde,
473 1193 571 1224 non
595 1177 821 1240 spiritum
850 1175 1005 1224 Mosis
1039 1193 1070 1224 a
1104 1177 1209 1224 Deo
1248 1176 1557 1224 debilitatum

162 1250 349 1307 fuisse;
386 1252 455 1300 sic
479 1253 610 1300 enim
634 1253 766 1301 Deus
801 1253 939 1300 illum
962 1269 1062 1300 non
1087 1252 1287 1300 0111111110
1312 1251 1556 1299 sublevas-

162 1335 260 1382 set;
295 1327 382 1375 sed
406 1327 539 1391 quod
563 1328 696 1375 Deus
714 1328 1063 1376 authoritatem
1087 1328 1283 1376 illorum
1301 1328 1363 1375 ab
1379 1327 1558 1375 autho-

161 1402 309 1451 ritate
349 1403 503 1451 Mosis
545 1403 815 1451 derivatam
858 1420 961 1452 esse
993 1403 1292 1462 ostenderet,
1323 1402 1555 1466 quemad-

160 1477 361 1526 modum
390 1478 708 1527 Bellarminus
742 1480 845 1543 ipse
882 1489 1016 1527 recte
1054 1486 1103 1527 et
1144 1479 1357 1542 ingenue
1393 1479 1556 1526 locum

161 1553 293 1602 1111110
338 1554 706 1618 interpretatur.
799 1555 1045 1604 Quoniam
1093 1571 1212 1618 ergo
1253 1562 1552 1617 potestatem

161 1628 355 1677 civilem
377 1630 429 1677 in
454 1630 688 1678 Israelitis
712 1631 957 1693 integram
983 1639 1102 1678 tunc
1130 1629 1348 1678 1131101131
1372 1629 1554 1688 Moses,

160 1703 408 1752 habebant
430 1705 579 1753 etiam
598 1705 953 1754 authoritatem
978 1722 1114 1754 suam
1134 1705 1446 1769 septuaginta
1464 1706 1556 1753 viri

161 1796 192 1828 a
213 1795 404 1828 summa
424 1788 668 1844 potestate
691 1781 838 1828 civili.
910 1782 1067 1829 Locus
1099 1797 1218 1844 ergo
1245 1780 1326 1828 ille
1359 1781 1555 1844 probat,

161 1855 213 1904 111
236 1855 371 1904 0111111
401 1856 601 1904 civitate
631 1857 911 1905 Christiana
942 1857 1337 1920 jurisdictionem
1368 1857 1556 1920 episco-

160 1946 337 1994 porum
351 1931 628 1995 dependere
651 1949 681 1979 a
698 1949 887 1981 summa
901 1940 1146 1996 potestate
1164 1932 1309 1990 civili,
1325 1932 1556 1994 quemad·

161 2006 363 2055 modum
381 2023 411 2055 a
426 2015 673 2071 potestate
693 2008 837 2072 Papae
861 2009 911 2056 in
937 2008 1152 2056 dominio
1168 2024 1257 2056 suo
1278 2008 1552 2071 temporali.

229 2082 588 2146 Argumentum
612 2084 883 2131 secundum
902 2085 1111 2132 sumitur
1125 2100 1155 2131 a
1168 2092 1345 2131 natura
1363 2099 1555 2131 monar-

163 2157 301 2205 chiae.
368 2158 426 2205 In
440 2159 725 2207 monarchia
746 2168 912 2207 autem
936 2159 1207 2207 authoritas
1226 2158 1386 2206 omnis
1404 2158 1552 2221 origi-

162 2231 341 2280 naliter
362 2233 413 2280 in
436 2249 535 2282 uno
558 2242 751 2282 tantum
781 2235 981 2283 homine
1006 2243 1079 2283 est
1099 2256 1111 2290 ;
1148 2235 1200 2282 111
1236 2234 1444 2291 caeteris,
1465 2249 1554 2296 per

163 2307 517 2357 derivationem
552 2311 614 2358 ab
651 2310 751 2358 illo.
821 2311 919 2359 Sed
956 2312 1175 2374 regimen
1206 2309 1424 2357 ecclesiae
1448 2324 1552 2356 mo·

162 2383 450 2431 narchicum
484 2401 590 2433 esse
631 2386 848 2444 assumit,
884 2395 934 2435 et
968 2386 1082 2434 inde
1118 2385 1265 2433 infert
1298 2385 1552 2447 episcopos

162 2458 285 2507 alios
325 2459 718 2523 jurisdictionem
757 2477 895 2509 suam
941 2462 1165 2525 accipere
1211 2460 1273 2507 ab
1320 2459 1552 2522 episcopo

164 2534 405 2582 Romano.
475 2534 573 2582 Sed
603 2535 820 2593 ecclesiae
844 2545 1008 2585 rector
1044 2536 1144 2583 sive
1179 2534 1446 2582 monarcha
1470 2533 1550 2592 sit,

163 2610 283 2667 sive,
298 2617 354 2657 ut
371 2618 485 2658 ante
504 2609 644 2669 dixit,
663 2611 843 2674 partim
861 2613 1144 2668 monarcha,
1160 2611 1262 2659 sive
1283 2610 1553 2658 monarcha

163 2685 360 2743 mixtus,
397 2693 740 2748 argumentum
786 2688 944 2751 ipsum
989 2705 1080 2751 pro
1120 2687 1318 2750 regibus
1354 2685 1546 2733 militat.

164 2762 292 2809 Sunt
314 2761 445 2809 enim
468 2761 539 2809 illi
562 2761 867 2810 subditorum
892 2779 1108 2821 suorum,
1133 2762 1184 2810 id
1202 2771 1292 2818 est,
1318 2760 1549 2808 ecclesia-

164 2852 272 2884 rum
297 2852 407 2899 quae
430 2836 481 2883 in
505 2836 606 2884 suis
629 2836 844 2900 ipsorum
868 2838 1096 2886 dominiis
1120 2838 1354 2894 existunt,
1376 2834 1551 2895 (eccle-

162 2912 235 2960 sia
270 2912 419 2970 euim,
455 2921 505 2959 01
539 2911 747 2975 populus
771 2912 1091 2971 Christianus,
1116 2912 1286 2961 eadem
1319 2927 1396 2959 res
1433 2911 1551 2969 est).
