1910 3236
333 225 425 268 120
847 234 916 266 DE
945 235 1187 268 HOMINE.

76 365 178 397 cm),
196 366 274 398 xv,
319 346 652 409 primogeniti
674 351 803 403 sunt,
827 344 906 391 vel
926 351 1066 391 sorte
1086 345 1342 409 acquisita>
1361 365 1378 394 .·
1403 363 1512 410 quae
1537 354 1611 394 est
1632 346 1711 394 lex

81 421 270 441 κ-Ὗ--κ

87 459 132 486 De
146 459 259 495 legibus

85 506 197 531 naturae
213 503 284 531 aliis.

326 426 515 466 naturae
532 420 721 467 decima
744 427 933 482 quarta.

394 495 493 541 Lex
519 504 705 542 naturae
738 495 926 542 decima
950 495 1122 558 quinta
1144 504 1235 555 est,
1260 503 1313 544 at
1336 497 1489 561 pacis
1524 497 1711 545 media-

330 571 519 618 toribus
544 571 620 618 ire
644 578 693 618 et
716 571 888 618 redire
924 577 1031 618 tuto
1067 571 1234 620 liceat.
1304 573 1405 620 Lex
1429 573 1576 631 enim,
1602 589 1711 636 quae

331 646 482 693 dictat
495 662 663 708 pacem
682 646 994 708 quaerendam
1019 662 1138 705 esse,
1164 654 1220 694 ut
1243 648 1406 705 finem,
1424 647 1577 695 dictat
1592 663 1711 710 quo-

330 737 422 783 que
446 721 768 768 mediatorum
792 722 1163 784 protectionem,
1187 730 1242 770 ut
1266 723 1408 770 viam.

397 796 639 844 Quoniam
664 805 828 844 autem
846 797 973 844 inter
992 813 1090 855 eos,
1109 798 1192 859 qui
1214 797 1345 860 leges
1362 799 1608 846 naturales
1626 799 1712 846 ob-

331 879 539 930 servant,
566 873 858 935 quaestiones
873 873 1009 920 nasci
1023 883 1244 936 possunt,
1260 875 1434 937 primo,
1449 891 1511 922 an
1526 874 1712 922 factum

333 947 424 1000 sit;
462 947 690 1006 secundo,
718 948 756 995 si
780 949 966 996 factum
991 956 1079 1007 est,
1100 956 1262 996 utrum
1283 951 1394 1012 jure
1418 966 1480 998 an
1505 950 1711 1013 injuria3

333 1039 536 1085 quarum
560 1024 718 1086 prima
743 1023 921 1072 dicitur
955 1025 1288 1072 controversia
1323 1025 1458 1084 facti,
1501 1025 1715 1073 secunda

332 1100 666 1146 controversia
694 1100 818 1163 juris
840 1119 850 1147 ε
888 1101 982 1148 nisi
1016 1101 1264 1164 litigantes
1288 1101 1339 1148 in
1363 1102 1606 1149 sententia
1627 1101 1713 1149 ali-

332 1175 469 1236 cujus
505 1175 637 1222 tertii
661 1176 967 1238 acquiescere
993 1184 1162 1224 mutuo
1186 1177 1510 1240 paciscantur,
1533 1177 1715 1225 bellum

331 1258 512 1297 manet.
572 1251 765 1298 Tertius
790 1259 955 1299 autem
980 1251 1174 1299 arbiter
1199 1252 1391 1300 dicitur.
1446 1253 1618 1316 Itaque
1637 1253 1714 1309 lex

332 1334 520 1374 naturae
540 1326 729 1374 decima
746 1334 883 1375 sexta
901 1335 974 1375 est
995 1328 1044 1374 in
1068 1328 1316 1375 sententia
1337 1327 1524 1375 arbitri
1545 1328 1716 1393 acqui-

333 1418 519 1449 escere.

401 1477 646 1526 Quoniam
686 1487 848 1526 autem
889 1479 1222 1542 unusquisque
1265 1479 1314 1526 in
1353 1480 1485 1527 omni
1523 1479 1714 1527 actione

333 1568 420 1600 sua
444 1553 684 1615 respicere
708 1554 830 1601 solet
854 1554 916 1601 ad
950 1554 1132 1601 bonum
1156 1555 1263 1612 sibi,
1293 1554 1488 1602 arbiter
1512 1554 1717 1602 idoneus

335 1629 386 1675 in
410 1644 562 1675 causa
591 1629 812 1693 propria
836 1646 972 1676 nemo
997 1636 1087 1677 est.
1173 1630 1296 1679 Quae
1325 1639 1400 1678 est
1427 1630 1504 1677 lex
1528 1637 1715 1678 naturae

336 1703 524 1751 decima
548 1705 768 1767 septima.

403 1779 605 1842 Propter
618 1779 820 1826 eandem
843 1795 1053 1837 causam,
1066 1795 1168 1844 pro
1186 1780 1382 1827 arbitro
1397 1781 1715 1846 recipiendus

334 1871 469 1902 nemo
493 1856 643 1902 estin
680 1856 1020 1903 controversia
1055 1873 1358 1920 quacunque,
1396 1857 1477 1904 cai
1510 1856 1713 1915 lucrum,

336 1930 580 1994 dignita&
596 1930 676 1978 vel
698 1930 928 1995 voluptas
943 1948 974 1978 a
999 1931 1212 1979 victoria
1226 1932 1403 1995 partis
1417 1931 1715 1980 alterutrius

334 2006 598 2070 manifeste
620 2007 815 2054 oritura
841 2014 930 2054 est.
990 2008 1326 2070 Corrumpitur
1349 2008 1477 2055 enim
1502 2008 1613 2056 talis
1636 2024 1716 2056 ar-

333 2082 460 2130 biter
483 2099 512 2130 a
534 2089 709 2130 natura
732 2083 956 2130 humana.
1028 2083 1153 2132 Quae
1175 2091 1249 2130 est
1271 2083 1348 2130 lex
1372 2091 1560 2131 naturae
1583 2083 1713 2131 deci-

336 2174 415 2205 ma
438 2166 626 2206 octava.

402 2233 605 2281 Decima
628 2249 757 2281 nona
780 2234 856 2281 lex
881 2241 1068 2281 naturae
1091 2242 1181 2290 est,
1207 2233 1256 2280 in
1281 2234 1551 2297 qaoestione
1565 2234 1716 2298 facti

323 2308 654 2370 judicandam
697 2325 804 2356 esse
849 2308 1110 2356 secundum
1149 2315 1317 2356 testes.
1395 2309 1714 2373 Litigantium

335 2385 465 2432 enim
487 2385 573 2431 uni
596 2384 793 2432 credere
816 2384 975 2447 potius
1010 2400 1155 2447 quam
1190 2384 1345 2442 alteri,
1371 2392 1543 2433 contra
1563 2386 1715 2450 aequi-

335 2467 488 2508 tatem
512 2467 600 2518 est,
619 2476 794 2523 nempe
816 2460 974 2524 legem
997 2469 1186 2507 naturae
1210 2460 1532 2509 undecimam.

403 2535 564 2598 Atque
600 2535 677 2583 hae
713 2542 899 2582 naturae
939 2534 1072 2598 leges
1113 2542 1241 2593 sunt,
1280 2551 1389 2598 quae
1431 2536 1714 2586 conducunt

335 2610 398 2658 ad
421 2610 783 2658 multitudinem
806 2610 1060 2658 hominum
1096 2611 1145 2658 in
1170 2627 1288 2674 pace
1314 2612 1711 2661 conservandam.

335 2687 457 2735 Aliae
491 2695 653 2734 autem
677 2702 753 2734 res
778 2694 906 2744 sunt,
933 2703 1040 2749 quae
1063 2686 1126 2733 ad
1161 2686 1463 2749 singulorum
1498 2687 1714 2736 destruc·

334 2763 519 2811 tionem
533 2762 757 2820 tendunt,
778 2770 833 2810 ut
847 2778 990 2810 omne
1004 2778 1158 2826 genus
1177 2762 1578 2826 intemperantiae.
1616 2762 1714 2812 Sed

337 2839 450 2901 quia
471 2846 694 2887 naturam
731 2838 1030 2886 individuam
1059 2846 1296 2902 spectant,
1320 2855 1410 2887 nec
1434 2839 1496 2887 ad
1520 2839 1713 2887 institu-

335 2924 432 2963 tam
460 2914 730 2962 doctrinam
754 2914 1017 2977 pertinent,
1043 2913 1344 2961 omittantur.
