1910 3236
634 196 702 229 nn
731 196 974 230 nomxn.
1436 188 1497 229 59

114 306 408 365 desiderare,
431 307 610 354 mortui
646 314 753 361 est;
790 308 858 355 ita
886 324 1056 371 parum
1084 308 1397 355 vehementer
1416 307 1501 355 de·
1540 330 1639 362 eff,
1660 329 1760 362 vm,

112 382 344 440 siderare,
367 381 497 430 tardi
519 391 623 437 est;
660 392 710 430 et
728 384 880 431 multa
904 383 1046 431 simul
1070 399 1264 447 cupere,
1288 382 1501 430 levitatis

1555 384 1743 404 κ--γῄκ

1519 425 1563 453 De
1579 425 1735 452 virtutibus·

113 466 220 507 est:
254 458 436 506 habere
475 465 641 505 autem
675 458 925 520 passiones
962 458 1116 507 multo
1154 458 1385 506 fortiores
1418 473 1500 505 ve·
1517 467 1775 517 intenqcmnlssm:

112 533 540 597 hementioresque
571 549 719 596 quam
744 533 794 579 in
818 534 1007 580 caeteris
1039 533 1317 581 hominibus
1347 533 1501 581 videri
1517 511 1732 592 ἓξῖἶέἶηω

113 609 288 668 solent,
311 608 433 657 illud
454 615 530 655 est
554 607 688 671 quod
710 608 990 655 nominatur
1015 609 1229 656 insania.

181 684 392 733 Insaniae
410 692 577 732 autem
596 691 672 731 tot
690 692 806 731 sunt
827 683 930 731 fere
949 693 1069 747 quot
1087 693 1201 732 sunt
1223 684 1504 747 passionum

114 760 330 824 ipsarum
343 759 551 823 species3
576 758 799 822 procedit
818 768 982 806 tamen
1001 759 1263 823 aliquando
1280 760 1342 808 ab
1361 776 1504 823 orga-

113 851 291 884 norum
314 850 466 899 prava
482 834 834 882 constitutione
859 834 934 881 vel
958 834 1172 882 laesione.
1226 834 1504 899 Aliquando

114 911 264 960 etiam
278 926 309 958 a
321 910 560 974 passionis
574 908 882 956 vehementia
896 909 972 956 vel
988 909 1245 957 duratione
1260 910 1407 973 longa
1423 910 1505 958 lae-

114 986 302 1035 duntur
317 1001 517 1049 organa.
591 985 864 1047 Utrobique
883 992 1047 1032 tamen
1071 985 1288 1047 ejusdem
1311 986 1505 1049 generis

114 1069 190 1110 est
210 1061 416 1110 insania.

182 1136 345 1185 Passio
377 1137 516 1199 cujus
538 1134 771 1183 violentia
793 1134 870 1181 vel
894 1134 1086 1182 duratio
1108 1135 1228 1182 facit
1251 1136 1504 1193 insaniam,

113 1221 202 1261 aut
219 1211 394 1277 gloria
425 1227 554 1259 vana
587 1219 678 1267 est,
703 1226 811 1273 quae
834 1217 884 1257 et
915 1209 1154 1274 superbia
1179 1210 1386 1258 dieitur:
1422 1220 1507 1259 aut

114 1288 268 1337 animi
290 1287 524 1335 demissio
546 1302 742 1349 magna.

182 1363 423 1427 Superbia
452 1363 571 1411 facit
602 1361 907 1409 iracundum.
979 1362 1071 1409 Irae
1095 1369 1259 1409 autem
1283 1376 1508 1409 excessus

114 1439 319 1489 insaniae
341 1438 528 1502 species
552 1446 641 1496 ost,
668 1454 778 1501 quae
801 1437 1077 1501 appellatur
1082 1437 1267 1500 furor.
1336 1437 1508 1499 Itaque

114 1514 345 1564 vindictae
367 1513 547 1577 cupido
570 1515 760 1577 ingens,
780 1514 821 1562 si
845 1513 1079 1560 diuturna
1096 1513 1176 1571 sit,
1194 1528 1378 1575 organa
1401 1527 1509 1559 cor-

113 1590 248 1656 poris
265 1589 418 1648 laedit,
436 1598 488 1637 et
503 1590 563 1637 fit
582 1589 736 1637 furor.
789 1589 926 1638 Idem
944 1589 1065 1637 facit
1080 1604 1219 1636 amor
1230 1588 1509 1645 vehemens,

114 1666 389 1731 praesertim
412 1666 454 1714 si
471 1666 734 1714 comitetur
758 1666 1015 1729 zelotypia.
1086 1665 1272 1728 Magna
1293 1665 1412 1712 item
1435 1663 1510 1711 sui

27 1804 30 1806 v
114 1742 269 1806 ipsius
299 1742 560 1790 aestimatio
596 1749 800 1805 propter
835 1741 1140 1805 sapientiam,
1165 1740 1509 1796 eruditionem,

114 1817 339 1875 formam,
362 1826 414 1865 et
436 1817 628 1876 similia,
652 1817 803 1865 etiam
830 1824 1033 1880 propter
1063 1832 1211 1879 quam
1235 1822 1378 1879 putat
1402 1814 1510 1877 quis

114 1893 239 1942 falso
257 1909 310 1942 se
330 1893 512 1941 habere
544 1892 930 1956 inspirationem,
956 1892 1117 1940 tendit
1149 1891 1214 1939 ad
1235 1890 1490 1938 insaniam.

182 1969 422 2018 Demissio
443 1969 595 2017 animi
617 1969 881 2017 obnoxium
904 1968 1025 2015 facit
1049 1967 1218 2024 metui,
1238 1967 1323 2014 ubi
1346 1974 1510 2013 metus

118 2060 267 2093 eausa
306 2045 443 2093 nulla
475 2053 584 2098 est;
619 2061 728 2108 quae
767 2044 956 2092 insania
990 2051 1063 2091 est
1096 2042 1331 2106 appellari
1369 2042 1512 2089 solita

117 2119 462 2179 melancholia,
495 2135 735 2183 apparens
770 2118 1112 2173 diversimode,
1149 2126 1204 2166 ut
1242 2118 1292 2165 in
1331 2117 1391 2164 iis
1426 2117 1510 2179 qui

117 2194 434 2259 frequentant
470 2195 777 2254 solitudines,
801 2196 853 2243 in
888 2194 1253 2258 superstitiosis,
1278 2201 1327 2240 et
1364 2192 1414 2239 in
1449 2191 1512 2238 ti-

119 2270 365 2319 mentibus
381 2286 490 2334 quae
508 2271 676 2318 caeteri
690 2287 789 2318 non
806 2271 998 2318 timent.
1035 2269 1287 2317 Passiones
1303 2267 1511 2329 denique

121 2361 308 2404 omneS,
333 2362 444 2410 quae
466 2347 687 2394 actiones
711 2346 931 2394 insolitas
953 2345 1376 2405 exorbitantesque
1398 2357 1509 2405 pro-

121 2419 322 2480 ducunt,
362 2421 562 2470 nomine
602 2421 934 2484 insigniuntur
973 2420 1192 2468 insaniae.
1263 2416 1512 2480 Siquidem

121 2504 289 2545 antem
323 2497 605 2560 passionum
645 2512 874 2544 excessus
910 2495 1101 2543 insania
1136 2504 1265 2551 sunt,
1299 2491 1512 2540 dubitari

119 2587 222 2620 non
243 2580 408 2635 potest
432 2572 549 2636 quin
568 2572 817 2635 passiones
836 2572 969 2634 ipsae,
989 2570 1161 2618 saltem
1186 2568 1226 2615 si
1249 2567 1311 2615 ad
1333 2567 1512 2614 malum

123 2646 346 2705 tendant,
392 2647 491 2695 sint
535 2647 752 2711 ejusdem
799 2646 996 2710 gradus.
1065 2642 1286 2706 Exempli
1332 2658 1511 2689 eausa:

125 2721 321 2786 quando
343 2722 493 2785 aliqui
526 2722 649 2770 falso
679 2730 855 2784 putant
898 2721 1174 2785 inspiratos
1213 2733 1263 2765 se
1298 2733 1418 2775 effe,
1438 2717 1513 2764 in-

126 2796 277 2845 sanioe
316 2796 445 2844 illius
486 2797 687 2844 effectus
722 2812 819 2843 non
857 2804 930 2843 est
973 2795 1022 2842 in
1060 2809 1156 2841 uuo
1193 2791 1389 2840 homine
1425 2806 1515 2855 per
