1910 3236
341 249 402 292 36
860 259 930 292 ΒΕ
960 258 1201 293 HOMINE.

113 393 277 426 (Ἄρην,
405 370 476 419 Ut
511 370 686 434 primo,
719 387 836 419 vcum
883 370 1084 418 nomina
1129 386 1387 434 corporum
1427 371 1603 420 indunt
1638 387 1718 419 ac-

100 447 289 516 m
339 447 627 505 cidentibus,
670 447 747 494 vel
787 446 987 494 nomina
1032 445 1359 494 accidentium
1405 448 1716 511 corporibus3

100 531 269 560 etseientia·
340 522 750 585 quemadmodum
774 522 961 570 faciunt
995 521 1080 585 qui
1113 522 1297 580 dicunt,
1316 523 1476 585 fldem
1507 539 1616 570 6336
1645 522 1719 570 in-

314 599 512 662 fusam,
553 598 630 646 vel
673 597 1007 662 inspiratam;
1049 613 1162 645 cum
1201 597 1322 645 nihil
1357 614 1517 662 neque
1544 597 1717 663 fusile

334 674 398 721 sit
437 689 596 736 neque
637 671 881 736 spirabile
918 679 1097 735 praeter
1134 688 1317 737 corpas
1332 691 1351 727 ,·
1398 680 1448 721 et
1483 672 1716 736 quemad-

333 748 532 796 modum
568 747 755 795 faciunt
792 746 862 793 illi
904 746 988 808 qui
1034 747 1366 795 extensionem
1407 748 1578 796 dicunt
1612 763 1717 796 esse

332 839 527 886 eorpus,
553 828 603 869 et
615 821 925 886 phantasma
950 837 1053 869 esse
1077 822 1326 887 spiritum,
1351 830 1442 871 etc.

400 897 643 955 Secundo,
672 896 868 960 quando
891 897 1093 944 nomina
1124 897 1450 946 accidentium
1473 914 1580 962 quae
1602 905 1719 946 sunt

329 973 380 1020 in
426 973 713 1036 corporibus
761 979 910 1020 extra
959 989 1063 1031 noe,
1111 973 1446 1023 accidentibus
1493 975 1718 1023 tribuunt

329 1064 588 1112 corporum
635 1055 931 1096 nostrorum.
1003 1049 1151 1098 Quod
1189 1049 1377 1098 faciunt
1422 1051 1506 1114 qui
1544 1051 1716 1099 dicunt

329 1123 542 1171 colorem
565 1139 674 1171 6336
698 1123 748 1171 in
767 1123 957 1186 objecto
973 1142 992 1179 ;
1027 1140 1193 1172 sonum
1217 1141 1327 1172 6336
1350 1125 1401 1173 in
1425 1142 1561 1186 aere,
1586 1134 1680 1175 etc.

392 1200 574 1258 Tertio,
616 1215 728 1246 cum
769 1215 1030 1262 corporum
1071 1200 1272 1248 nomina
1310 1201 1584 1250 nominibus
1625 1203 1716 1250 tri-

325 1275 483 1323 buunt
528 1275 604 1322 vel
651 1274 995 1329 orationibas;
1038 1283 1095 1323 ut
1136 1276 1220 1339 qui
1259 1275 1431 1325 dicunt
1477 1293 1581 1325 esse
1627 1293 1712 1326 res

327 1350 650 1409 universale&
675 1350 752 1398 vel
777 1350 968 1398 animal
988 1366 1098 1398 6336
1118 1367 1295 1415 ζςξ6ηῑι3.

396 1426 601 1484 Quarto,
649 1442 762 1473 cum
811 1426 1012 1473 nomina
1070 1426 1398 1474 accidentium
1454 1427 1715 1490 imponunt

326 1501 597 1549 nomi-nibus
622 1509 671 1549 et
695 1501 1004 1549 orationibus
1024 1520 1042 1557 ,·
1077 1510 1134 1550 ut
1158 1502 1241 1565 qui
1273 1502 1442 1550 dicunt
1467 1503 1715 1565 definitio-

326 1594 432 1625 nem
456 1594 564 1625 6336
601 1578 678 1626 rei
713 1584 962 1637 naturam,
1000 1578 1077 1625 vel
1113 1578 1398 1626 mandatam
1438 1579 1715 1644 cujuspiam

327 1653 488 1717 ipsius
512 1670 621 1701 6336
645 1653 959 1702 volantatem.

395 1729 595 1789 Quinto,
656 1729 850 1793 quando
895 1736 1102 1777 utuntur
1146 1728 1254 1777 loco
1299 1729 1559 1777 verborum
1604 1747 1715 1794 pro-

326 1806 558 1867 priorum,
618 1805 934 1868 metaphoris,
993 1804 1195 1867 aliisque
1252 1804 1407 1868 tropis
1464 1805 1712 1855 orationis.

329 1879 623 1944 Quanquam
658 1881 788 1928 enim
827 1881 988 1940 liceat,
1010 1880 1223 1943 exempli
1246 1896 1405 1940 causa,
1431 1897 1542 1928 cum
1565 1882 1713 1946 vulgo

327 1955 504 2015 dicere,
539 1957 621 2004 via
645 1957 737 2004 liae
759 1956 837 2004 vel
862 1956 982 2004 illue
1006 1956 1168 2004 tendit
1191 1956 1268 2004 vel
1305 1956 1440 2004 ducit
1454 1975 1473 2012 ;
1498 1972 1714 2020 prover-

328 2033 457 2082 bium
498 2034 588 2082 hoe
634 2035 711 2083 vel
757 2034 888 2083 illud
932 2034 1059 2082 dicit
1078 2053 1097 2090 ;
1146 2034 1275 2083 inter
1320 2035 1712 2083 ratiocinandum

325 2117 489 2158 tamen
526 2111 805 2175 hujusmodi
829 2111 1092 2169 orationes,
1117 2111 1178 2159 ab
1203 2111 1261 2159 iis
1286 2111 1369 2174 qui
1392 2111 1586 2159 veritati
1609 2120 1712 2160 stu-

328 2186 459 2245 dent,
485 2187 803 2236 admittendae
826 2204 924 2235 non
951 2194 1079 2235 sunt.

395 2262 557 2321 Sexto,
607 2262 800 2326 quando
847 2262 1124 2311 nominibus
1162 2269 1346 2310 temere
1382 2262 1590 2325 receptis
1620 2278 1712 2312 nec

327 2338 586 2401 quicquam
609 2338 995 2401 significantibus
1018 2345 1239 2397 utuntur,
1261 2337 1426 2401 quales
1441 2344 1555 2386 sunt
1571 2344 1712 2386 tran-

325 2413 695 2472 substantiatio,
721 2413 1185 2471 consubstantiati0‚
1220 2430 1346 2462 nane
1380 2419 1538 2473 stan-5,
1580 2413 1714 2462 simi-

325 2488 491 2551 lesque
514 2504 658 2536 voces
681 2488 1095 2537 scholasticorum.

394 2564 492 2612 Qui
515 2564 739 2627 scopulos
774 2563 931 2611 vitare
955 2564 1044 2612 hos
1067 2571 1247 2628 potest,
1271 2564 1405 2613 haud
1426 2564 1570 2613 facile
1591 2565 1713 2614 inci-

326 2638 410 2685 det
433 2639 482 2686 in
507 2639 786 2697 absurdum,
810 2638 903 2686 nisi
926 2639 1052 2686 forte
1082 2640 1131 2687 in
1151 2640 1524 2688 ratiocinatione
1546 2641 1710 2705 longa.

327 2713 558 2762 Oblivisci
578 2714 708 2761 enim
739 2720 905 2776 potest
941 2713 1144 2777 alicujus
1184 2715 1531 2779 propositionis
1564 2732 1726 2780 quam,

325 2789 642 2850 praemiserat.
711 2788 1018 2836 Naturaliter
1064 2789 1193 2836 enim
1239 2791 1459 2839 homines
1500 2791 1624 2839 bene
1660 2799 1711 2840 et

322 2862 545 2911 similiter
559 2864 927 2922 ratiocinantur,
952 2863 991 2911 si
1015 2880 1044 2911 a
1062 2865 1189 2912 veris
1212 2873 1262 2912 et
1286 2866 1553 2929 perspicuis
1576 2866 1710 2930 prin-
