1910 3236
361 252 423 303 72
885 263 955 295 DE
983 261 1227 294 HOMINE.

120 398 224 431 CAp,
241 399 288 431 x,
360 375 537 423 Persiae
574 380 692 421 tunc
730 373 1005 431 honoravit,
1045 372 1240 435 quando
1277 388 1364 436 per
1401 373 1571 420 urbem
1612 370 1747 433 regio

76 453 345 530 nem&
360 451 534 499 habitu
558 448 858 497 circumduci
882 448 1019 494 illum
1045 448 1192 511 jussit
1215 465 1244 496 a
1266 448 1369 496 viro
1392 447 1613 510 principe
1637 461 1750 509 pro-

76 535 342 570 nitaw›eth⁰n⁰re·
361 527 618 583 clamante,
658 523 743 571 Sic
767 524 869 585 fiet
904 522 998 580 illi,
1030 540 1170 587 quem
1210 539 1300 570 rex
1325 523 1508 570 honore
1544 521 1746 584 afficiet.

362 603 561 659 Contra,
588 599 718 662 quod
754 598 861 645 fieri
891 598 1033 661 jubet
1057 598 1228 646 civitas
1253 597 1561 646 contumeliae
1585 612 1748 654 causa,

361 675 653 726 contumelia
679 667 861 729 esa-*ut
881 673 1076 737 quando
1093 674 1222 721 idem
1241 690 1326 721 rex
1342 673 1519 721 Persiae
1538 671 1748 729 cuidam,

361 753 443 816 qui
472 752 543 798 rei
578 750 783 812 alicujus
819 750 943 796 bene
978 756 1129 812 gestae
1161 749 1416 813 praemium
1450 748 1593 812 petiit
1614 755 1749 795 veste

359 828 494 890 regia
512 826 745 874 amictum
770 825 1012 882 incedere,
1029 825 1161 888 quod
1184 825 1376 888 rogavit
1391 823 1645 881 concessit,
1664 822 1750 870 ad-

361 903 521 951 dendo
547 901 679 966 quod
702 908 887 948 vestem
916 901 1049 948 illam
1081 907 1283 963 generet
1318 907 1375 947 ut
1406 899 1535 962 regis
1566 914 1748 946 scurra.

361 981 488 1027 Fons
512 978 642 1026 enim
665 977 864 1025 honoris
901 977 1055 1024 civilis
1089 984 1162 1024 est
1184 991 1395 1040 persona
1417 974 1643 1032 civitatis,
1669 973 1751 1021 de-

359 1054 639 1119 pendetque
663 1070 692 1101 a
716 1053 967 1100 voluntate
998 1053 1118 1115 ejus,
1144 1053 1228 1115 qui
1265 1067 1504 1099 summam
1526 1050 1676 1098 habet
1699 1049 1751 1096 in

360 1131 557 1179 civitate
592 1136 903 1192 potestatem.
987 1129 1160 1191 Itaque
1192 1128 1351 1175 honor
1374 1126 1527 1174 civilis
1562 1134 1751 1189 tempo-

359 1206 516 1254 rarius
549 1213 637 1263 est,
663 1213 719 1253 ut
758 1205 1086 1268 magistratus,
1120 1204 1445 1251 ministerium
1485 1202 1750 1266 publicum,

359 1282 560 1336 titulus;
599 1289 649 1328 et
674 1281 915 1343 aliquibus
935 1280 986 1327 in
1010 1280 1129 1328 locis
1153 1280 1335 1327 tunicae
1359 1288 1409 1326 et
1433 1285 1574 1326 scuta
1596 1277 1750 1341 picta:

361 1357 443 1420 qui
482 1363 646 1403 autem
679 1356 754 1403 his
790 1362 1046 1414 ornantur,
1083 1355 1399 1403 honorabiles
1440 1363 1570 1410 sunt,
1606 1361 1753 1417 atque

359 1433 598 1480 habentes
623 1432 796 1495 gratiae
820 1431 1030 1495 publicae
1055 1431 1262 1479 totidem
1287 1431 1459 1494 signa3
1483 1432 1644 1494 gratia
1667 1446 1753 1478 au-

360 1517 460 1556 tem
484 1508 682 1571 publica
704 1507 925 1570 potentia
948 1515 1035 1554 est.

429 1584 732 1631 Honorabile
749 1591 838 1642 est,
854 1583 1112 1646 possessio,
1130 1583 1274 1641 actio,
1291 1582 1368 1629 vel
1393 1581 1600 1645 qualitas
1624 1596 1752 1644 quae-

363 1675 570 1722 cunque,
597 1659 637 1706 si
661 1667 1005 1722 argumentum
1031 1659 1095 1706 sit
1116 1658 1366 1722 potentiae.

430 1736 602 1798 Itaque
621 1734 869 1793 honorari,
885 1735 1054 1794 amari,
1072 1735 1150 1782 vel
1164 1733 1316 1781 metui
1341 1749 1370 1780 a
1392 1732 1573 1791 multis,
1598 1732 1752 1780 hono-

364 1811 518 1859 rabile
543 1818 617 1859 est
637 1832 649 1866 ;
684 1818 740 1858 ut
763 1811 956 1874 signum
978 1810 1229 1874 potentiae.

431 1887 526 1934 Res
551 1902 817 1950 prosperae,
838 1886 955 1934 dum
980 1886 1173 1944 durant,
1194 1884 1505 1933 honorabiles
1530 1891 1671 1938 sunt3
1697 1891 1754 1931 ut

365 1962 557 2025 signum
580 1961 762 2009 favoris
788 1962 956 2010 divini.
994 1962 1178 2009 Contra
1200 1960 1481 2019 adversitas,
1501 1967 1754 2023 contemp—

365 2037 529 2085 tibilis.
580 2037 774 2084 Divitiae
790 2045 903 2084 sunt
917 2035 1235 2084 honorabiles
1244 2054 1262 2090 ;
1287 2043 1400 2083 sunt
1418 2035 1546 2082 enim
1562 2035 1755 2098 signum

365 2113 615 2176 potentiae.
700 2113 1098 2176 Magnanimitas,
1133 2112 1415 2169 liberalitaS‚
1448 2127 1573 2174 spes,
1614 2110 1755 2158 forti-

365 2188 501 2247 tudo,
538 2187 735 2244 fiducia,
773 2188 1084 2236 honorabiles
1122 2196 1264 2242 sunt3
1302 2188 1527 2235 oriuntur
1560 2186 1691 2234 enim
1726 2202 1757 2234 a

366 2262 603 2326 potentiae
627 2263 940 2311 conscientia.

411 2339 468 2387 Id
487 2338 619 2402 quod
632 2338 912 2387 faciendum
930 2346 1020 2395 est,
1037 2345 1326 2401 opportune,
1342 2336 1392 2384 id
1410 2345 1486 2384 est
1501 2352 1592 2384 nec
1610 2335 1756 2384 nimis

368 2416 467 2463 cito
509 2430 599 2462 nec
628 2430 753 2473 sero,
792 2414 1131 2472 determinare,
1170 2413 1454 2460 honorabile
1496 2421 1571 2460 est
1593 2434 1604 2468 ;
1642 2412 1757 2476 quia

368 2498 538 2539 natum
552 2506 581 2538 a
596 2496 881 2553 contemptu
896 2489 1237 2537 difficultatum
1253 2496 1302 2536 et
1315 2488 1643 2551 periculorum
1657 2503 1755 2536 non

369 2581 675 2629 magnorum.

437 2641 670 2690 Actiones
705 2655 872 2688 omnes
904 2655 1262 2703 sermonesque,
1287 2639 1370 2702 qui
1394 2646 1664 2686 nascuntur
1679 2638 1757 2686 vel

370 2717 599 2764 videntur
616 2715 752 2764 nasci
766 2732 796 2763 a
814 2715 969 2763 multa
986 2715 1302 2779 experientia,
1321 2714 1538 2773 scientia,
1553 2714 1757 2778 judicio,

371 2792 447 2839 vel
462 2792 677 2855 ingenio,
698 2790 1007 2839 honorabiles
1023 2798 1151 2838 sunt.
1213 2790 1338 2838 Sunt
1353 2790 1483 2837 enim
1505 2789 1755 2853 potentiae.

438 2867 675 2927 Gravitas,
717 2874 953 2931 quatenus
993 2866 1149 2915 oritur
1190 2866 1267 2913 vel
1313 2865 1507 2913 videtur
1548 2874 1656 2913 orta
1694 2865 1756 2912 ab
