<?xml version="1.0" encoding="UTF-8"?>
<!DOCTYPE html PUBLIC "-//W3C//DTD XHTML 1.0 Transitional//EN"
    "http://www.w3.org/TR/xhtml1/DTD/xhtml1-transitional.dtd">
<html xmlns="http://www.w3.org/1999/xhtml" xml:lang="en" lang="en">
 <head>
  <title>
</title>
<meta http-equiv="Content-Type" content="text/html;charset=utf-8" />
  <meta name='ocr-system' content='tesseract 3.04.00' />
  <meta name='ocr-capabilities' content='ocr_page ocr_carea ocr_par ocr_line ocrx_word'/>
</head>
<body>
  <div class='ocr_page' id='page_1' title='image "./operaphilosophic03hobbuoft_0424.png"; bbox 0 0 1968 3236; ppageno 0'>
   <div class='ocr_carea' id='block_1_1' title="bbox 148 353 384 521">
    <p class='ocr_par' dir='ltr' id='par_1_1' title="bbox 148 353 384 521">
     <span class='ocr_line' id='line_1_1' title="bbox 148 353 384 387; baseline 0.008 -2"><span class='ocrx_word' id='word_1_1' title='bbox 148 353 174 385; x_wconf 88' lang='lat' dir='ltr'><strong>C</strong></span> <span class='ocrx_word' id='word_1_2' title='bbox 177 354 251 386; x_wconf 84' lang='lat' dir='ltr'>AP.</span> <span class='ocrx_word' id='word_1_3' title='bbox 272 354 300 385; x_wconf 81' lang='grc' dir='ltr'>Χ</span> <span class='ocrx_word' id='word_1_4' title='bbox 306 354 348 386; x_wconf 83' lang='lat' dir='ltr'>LI</span> <span class='ocrx_word' id='word_1_5' title='bbox 356 355 367 386; x_wconf 78' lang='grc' dir='ltr'>Ι</span> <span class='ocrx_word' id='word_1_6' title='bbox 374 376 384 387; x_wconf 85' lang='grc'><strong>.</strong></span> 
     </span>
     <span class='ocr_line' id='line_1_2' title="bbox 172 408 361 430; baseline 0.005 -8"><span class='ocrx_word' id='word_1_7' title='bbox 172 408 361 430; x_wconf 34' lang='lat' dir='ltr'>bqr—2</span> 
     </span>
     <span class='ocr_line' id='line_1_3' title="bbox 169 449 371 487; baseline -0.005 -10"><span class='ocrx_word' id='word_1_8' title='bbox 169 449 215 477; x_wconf 87' lang='lat' dir='ltr'>De</span> <span class='ocrx_word' id='word_1_9' title='bbox 227 452 371 487; x_wconf 75' lang='lat' dir='ltr'><strong>potestate</strong></span> 
     </span>
     <span class='ocr_line' id='line_1_4' title="bbox 169 492 371 521; baseline -0.005 0"><span class='ocrx_word' id='word_1_10' title='bbox 169 492 371 521; x_wconf 56' lang='lat' dir='ltr'>ecelesiastica</span> 
     </span>
    </p>
   </div>
   <div class='ocr_carea' id='block_1_2' title="bbox 418 212 1478 254">
    <p class='ocr_par' dir='ltr' id='par_1_2' title="bbox 418 212 1478 254">
     <span class='ocr_line' id='line_1_5' title="bbox 418 212 1478 254; baseline -0.005 -1"><span class='ocrx_word' id='word_1_11' title='bbox 418 212 511 254; x_wconf 88' lang='lat'>424</span> <span class='ocrx_word' id='word_1_12' title='bbox 740 219 810 251; x_wconf 85' lang='lat' dir='ltr'>DE</span> <span class='ocrx_word' id='word_1_13' title='bbox 838 217 1094 252; x_wconf 79' lang='lat' dir='ltr'>clvrrA&#39;rE</span> <span class='ocrx_word' id='word_1_14' title='bbox 1122 215 1478 250; x_wconf 76' lang='lat' dir='ltr'><strong>CHRISTIANA.</strong></span> 
     </span>
    </p>
   </div>
   <div class='ocr_carea' id='block_1_3' title="bbox 410 326 1814 2810">
    <p class='ocr_par' dir='ltr' id='par_1_3' title="bbox 418 326 1806 921">
     <span class='ocr_line' id='line_1_6' title="bbox 486 326 1802 390; baseline -0.003 -12"><span class='ocrx_word' id='word_1_15' title='bbox 486 332 737 378; x_wconf 88' lang='lat' dir='ltr'>Postremo</span> <span class='ocrx_word' id='word_1_16' title='bbox 756 329 1084 376; x_wconf 88' lang='lat' dir='ltr'>testimonium</span> <span class='ocrx_word' id='word_1_17' title='bbox 1107 326 1309 375; x_wconf 87' lang='lat' dir='ltr'><strong>adducit</strong></span> <span class='ocrx_word' id='word_1_18' title='bbox 1325 327 1537 374; x_wconf 90' lang='lat' dir='ltr'>duorum</span> <span class='ocrx_word' id='word_1_19' title='bbox 1557 327 1802 390; x_wconf 83' lang='lat' dir='ltr'><em>Papamm</em></span> 
     </span>
     <span class='ocr_line' id='line_1_7' title="bbox 419 403 1802 466; baseline -0.002 -12"><span class='ocrx_word' id='word_1_20' title='bbox 419 405 693 454; x_wconf 87' lang='lat' dir='ltr'>Innocentii</span> <span class='ocrx_word' id='word_1_21' title='bbox 717 412 766 452; x_wconf 90' lang='lat' dir='ltr'>et</span> <span class='ocrx_word' id='word_1_22' title='bbox 790 404 994 459; x_wconf 83' lang='lat' dir='ltr'>Leonis3</span> <span class='ocrx_word' id='word_1_23' title='bbox 1030 419 1189 466; x_wconf 89' lang='lat' dir='ltr'>neque</span> <span class='ocrx_word' id='word_1_24' title='bbox 1214 403 1384 451; x_wconf 88' lang='lat' dir='ltr'>dubito</span> <span class='ocrx_word' id='word_1_25' title='bbox 1418 403 1536 466; x_wconf 93' lang='lat' dir='ltr'>quin</span> <span class='ocrx_word' id='word_1_26' title='bbox 1569 403 1802 466; x_wconf 88' lang='lat' dir='ltr'>potuerit,</span> 
     </span>
     <span class='ocr_line' id='line_1_8' title="bbox 418 478 1804 543; baseline -0.002 -14"><span class='ocrx_word' id='word_1_27' title='bbox 418 482 588 530; x_wconf 90' lang='lat' dir='ltr'>eodem</span> <span class='ocrx_word' id='word_1_28' title='bbox 623 482 749 543; x_wconf 88' lang='lat' dir='ltr'>jure,</span> <span class='ocrx_word' id='word_1_29' title='bbox 790 479 1070 527; x_wconf 85' lang='lat' dir='ltr'>testimonia</span> <span class='ocrx_word' id='word_1_30' title='bbox 1101 478 1363 526; x_wconf 87' lang='lat' dir='ltr'>adduxisse</span> <span class='ocrx_word' id='word_1_31' title='bbox 1414 478 1655 542; x_wconf 86' lang='lat' dir='ltr'><em>Paparum</em></span> <span class='ocrx_word' id='word_1_32' title='bbox 1698 478 1804 526; x_wconf 88' lang='lat' dir='ltr'>fere</span> 
     </span>
     <span class='ocr_line' id='line_1_9' title="bbox 419 554 1806 618; baseline -0.003 -13"><span class='ocrx_word' id='word_1_33' title='bbox 419 557 636 605; x_wconf 90' lang='lat' dir='ltr'>omnium</span> <span class='ocrx_word' id='word_1_34' title='bbox 658 563 771 618; x_wconf 88' lang='lat' dir='ltr'>post</span> <span class='ocrx_word' id='word_1_35' title='bbox 796 555 845 602; x_wconf 84' lang='lat' dir='ltr'>S.</span> <span class='ocrx_word' id='word_1_36' title='bbox 870 555 1083 602; x_wconf 89' lang='lat' dir='ltr'>Petrum.</span> <span class='ocrx_word' id='word_1_37' title='bbox 1156 554 1279 603; x_wconf 78' lang='lat' dir='ltr'>Quis</span> <span class='ocrx_word' id='word_1_38' title='bbox 1315 554 1462 612; x_wconf 87' lang='lat' dir='ltr'>enim,</span> <span class='ocrx_word' id='word_1_39' title='bbox 1498 570 1610 601; x_wconf 91' lang='lat' dir='ltr'>cum</span> <span class='ocrx_word' id='word_1_40' title='bbox 1643 561 1806 617; x_wconf 87' lang='lat' dir='ltr'>potes-</span> 
     </span>
     <span class='ocr_line' id='line_1_10' title="bbox 418 629 1806 694; baseline -0.002 -14"><span class='ocrx_word' id='word_1_41' title='bbox 418 633 533 680; x_wconf 83' lang='lat' dir='ltr'>tatis</span> <span class='ocrx_word' id='word_1_42' title='bbox 567 631 745 694; x_wconf 90' lang='lat' dir='ltr'>cupido</span> <span class='ocrx_word' id='word_1_43' title='bbox 768 631 982 678; x_wconf 88' lang='lat' dir='ltr'>humano</span> <span class='ocrx_word' id='word_1_44' title='bbox 1005 629 1175 693; x_wconf 81' lang='lat' dir='ltr'>generi</span> <span class='ocrx_word' id='word_1_45' title='bbox 1208 639 1312 677; x_wconf 89' lang='lat' dir='ltr'>tam</span> <span class='ocrx_word' id='word_1_46' title='bbox 1339 629 1544 678; x_wconf 89' lang='lat' dir='ltr'>firmiter</span> <span class='ocrx_word' id='word_1_47' title='bbox 1567 630 1719 677; x_wconf 85' lang='lat' dir='ltr'>infixa</span> <span class='ocrx_word' id='word_1_48' title='bbox 1741 629 1806 677; x_wconf 89' lang='lat' dir='ltr'>sit</span> 
     </span>
     <span class='ocr_line' id='line_1_11' title="bbox 420 704 1804 765; baseline -0.003 -10"><span class='ocrx_word' id='word_1_49' title='bbox 420 725 449 756; x_wconf 87' lang='lat' dir='ltr'><em>a</em></span> <span class='ocrx_word' id='word_1_50' title='bbox 487 715 675 765; x_wconf 87' lang='lat' dir='ltr'>natura,</span> <span class='ocrx_word' id='word_1_51' title='bbox 713 723 811 754; x_wconf 91' lang='lat' dir='ltr'>non</span> <span class='ocrx_word' id='word_1_52' title='bbox 849 706 912 754; x_wconf 89' lang='lat' dir='ltr'>ad</span> <span class='ocrx_word' id='word_1_53' title='bbox 951 706 1083 754; x_wconf 89' lang='lat' dir='ltr'>idem</span> <span class='ocrx_word' id='word_1_54' title='bbox 1119 706 1401 754; x_wconf 88' lang='lat' dir='ltr'>testandum</span> <span class='ocrx_word' id='word_1_55' title='bbox 1439 704 1804 754; x_wconf 77' lang='lat' dir='ltr'><strong>adduceretur?</strong></span> 
     </span>
     <span class='ocr_line' id='line_1_12' title="bbox 422 781 1806 846; baseline -0.001 -15"><span class='ocrx_word' id='word_1_56' title='bbox 422 783 517 831; x_wconf 87' lang='lat' dir='ltr'>Sed</span> <span class='ocrx_word' id='word_1_57' title='bbox 541 791 705 830; x_wconf 89' lang='lat' dir='ltr'>tamen</span> <span class='ocrx_word' id='word_1_58' title='bbox 728 783 778 829; x_wconf 92' lang='lat' dir='ltr'>in</span> <span class='ocrx_word' id='word_1_59' title='bbox 801 782 1000 845; x_wconf 87' lang='lat' dir='ltr'>propria</span> <span class='ocrx_word' id='word_1_60' title='bbox 1017 798 1164 830; x_wconf 89' lang='lat' dir='ltr'>causa</span> <span class='ocrx_word' id='word_1_61' title='bbox 1189 789 1485 838; x_wconf 87' lang='lat' dir='ltr'>testaretur;</span> <span class='ocrx_word' id='word_1_62' title='bbox 1523 791 1574 830; x_wconf 88' lang='lat' dir='ltr'>et</span> <span class='ocrx_word' id='word_1_63' title='bbox 1596 781 1806 846; x_wconf 87' lang='lat' dir='ltr'>proinde</span> 
     </span>
     <span class='ocr_line' id='line_1_13' title="bbox 420 858 1370 921; baseline -0.002 -14"><span class='ocrx_word' id='word_1_64' title='bbox 420 858 748 907; x_wconf 86' lang='lat' dir='ltr'>testimonium</span> <span class='ocrx_word' id='word_1_65' title='bbox 768 859 872 921; x_wconf 88' lang='lat' dir='ltr'>ejus</span> <span class='ocrx_word' id='word_1_66' title='bbox 895 859 1080 906; x_wconf 89' lang='lat' dir='ltr'>bonum</span> <span class='ocrx_word' id='word_1_67' title='bbox 1103 873 1203 905; x_wconf 92' lang='lat' dir='ltr'>non</span> <span class='ocrx_word' id='word_1_68' title='bbox 1228 866 1370 905; x_wconf 86' lang='lat' dir='ltr'>esset.</span> 
     </span>
    </p>

    <p class='ocr_par' dir='ltr' id='par_1_4' title="bbox 410 933 1814 2417">
     <span class='ocr_line' id='line_1_14' title="bbox 487 933 1805 998; baseline -0.001 -16"><span class='ocrx_word' id='word_1_69' title='bbox 487 934 631 982; x_wconf 92' lang='lat' dir='ltr'>Liber</span> <span class='ocrx_word' id='word_1_70' title='bbox 664 934 861 997; x_wconf 89' lang='lat' dir='ltr'>quintus</span> <span class='ocrx_word' id='word_1_71' title='bbox 897 942 1107 998; x_wconf 89' lang='lat' dir='ltr'>quatuor</span> <span class='ocrx_word' id='word_1_72' title='bbox 1129 934 1279 982; x_wconf 89' lang='lat' dir='ltr'>habet</span> <span class='ocrx_word' id='word_1_73' title='bbox 1303 933 1669 982; x_wconf 83' lang='lat' dir='ltr'>conclusiones:</span> <span class='ocrx_word' id='word_1_74' title='bbox 1704 933 1805 997; x_wconf 84' lang='lat' dir='ltr'>pri·</span> 
     </span>
     <span class='ocr_line' id='line_1_15' title="bbox 421 1009 1807 1074; baseline -0.001 -16"><span class='ocrx_word' id='word_1_75' title='bbox 421 1027 563 1068; x_wconf 90' lang='lat' dir='ltr'><em>mam,</em></span> <span class='ocrx_word' id='word_1_76' title='bbox 597 1010 792 1074; x_wconf 87' lang='lat' dir='ltr'><em>Papam</em></span> <span class='ocrx_word' id='word_1_77' title='bbox 824 1027 918 1057; x_wconf 81' lang='lat' dir='ltr'>non</span> <span class='ocrx_word' id='word_1_78' title='bbox 942 1027 1052 1057; x_wconf 71' lang='lat' dir='ltr'>esse</span> <span class='ocrx_word' id='word_1_79' title='bbox 1075 1010 1320 1057; x_wconf 76' lang='lat' dir='ltr'>(lominum</span> <span class='ocrx_word' id='word_1_80' title='bbox 1345 1010 1497 1057; x_wconf 77' lang='lat' dir='ltr'>totius</span> <span class='ocrx_word' id='word_1_81' title='bbox 1523 1009 1660 1057; x_wconf 67' lang='lat' dir='ltr'>orbis</span> <span class='ocrx_word' id='word_1_82' title='bbox 1678 1027 1696 1057; x_wconf 91' lang='lat'>.·</span> <span class='ocrx_word' id='word_1_83' title='bbox 1732 1024 1807 1056; x_wconf 86' lang='lat' dir='ltr'>se-</span> 
     </span>
     <span class='ocr_line' id='line_1_16' title="bbox 422 1083 1810 1150; baseline -0.001 -17"><span class='ocrx_word' id='word_1_84' title='bbox 422 1086 646 1144; x_wconf 86' lang='lat' dir='ltr'>cundam,</span> <span class='ocrx_word' id='word_1_85' title='bbox 687 1087 877 1150; x_wconf 77' lang='lat' dir='ltr'><em>Papam</em></span> <span class='ocrx_word' id='word_1_86' title='bbox 915 1104 1010 1134; x_wconf 76' lang='lat' dir='ltr'>non</span> <span class='ocrx_word' id='word_1_87' title='bbox 1051 1103 1160 1134; x_wconf 71' lang='lat' dir='ltr'>esse</span> <span class='ocrx_word' id='word_1_88' title='bbox 1192 1086 1437 1134; x_wconf 79' lang='lat' dir='ltr'>dominam</span> <span class='ocrx_word' id='word_1_89' title='bbox 1479 1085 1631 1133; x_wconf 75' lang='lat' dir='ltr'>totius</span> <span class='ocrx_word' id='word_1_90' title='bbox 1672 1083 1810 1131; x_wconf 71' lang='lat' dir='ltr'>orbi-5</span> 
     </span>
     <span class='ocr_line' id='line_1_17' title="bbox 425 1160 1810 1227; baseline -0.001 -19"><span class='ocrx_word' id='word_1_91' title='bbox 425 1161 738 1209; x_wconf 74' lang='lat' dir='ltr'><em>Christiani:</em></span> <span class='ocrx_word' id='word_1_92' title='bbox 785 1162 997 1221; x_wconf 82' lang='lat' dir='ltr'><strong>tertiam,</strong></span> <span class='ocrx_word' id='word_1_93' title='bbox 1036 1163 1233 1227; x_wconf 80' lang='lat' dir='ltr'><em>Papam</em></span> <span class='ocrx_word' id='word_1_94' title='bbox 1273 1163 1323 1210; x_wconf 84' lang='lat' dir='ltr'>in</span> <span class='ocrx_word' id='word_1_95' title='bbox 1361 1161 1592 1210; x_wconf 73' lang='lat' dir='ltr'>dominiis</span> <span class='ocrx_word' id='word_1_96' title='bbox 1627 1160 1810 1208; x_wconf 72' lang='lat' dir='ltr'>alienis</span> 
     </span>
     <span class='ocr_line' id='line_1_18' title="bbox 410 1236 1808 1302; baseline 0.001 -19"><span class='ocrx_word' id='word_1_97' title='bbox 410 1237 811 1299; x_wconf 70' lang='lat' dir='ltr'>jurisdictionem</span> <span class='ocrx_word' id='word_1_98' title='bbox 837 1237 1158 1302; x_wconf 80' lang='lat' dir='ltr'><em>temporalem</em></span> <span class='ocrx_word' id='word_1_99' title='bbox 1180 1237 1366 1286; x_wconf 81' lang='lat' dir='ltr'><em>nullam</em></span> <span class='ocrx_word' id='word_1_100' title='bbox 1394 1236 1580 1285; x_wconf 78' lang='lat' dir='ltr'>habere</span> <span class='ocrx_word' id='word_1_101' title='bbox 1600 1236 1808 1284; x_wconf 82' lang='lat' dir='ltr'><em>directe.</em></span> 
     </span>
     <span class='ocr_line' id='line_1_19' title="bbox 419 1311 1810 1378; baseline 0.001 -19"><span class='ocrx_word' id='word_1_102' title='bbox 419 1313 533 1360; x_wconf 89' lang='lat' dir='ltr'>Tria</span> <span class='ocrx_word' id='word_1_103' title='bbox 554 1313 659 1360; x_wconf 89' lang='lat' dir='ltr'>haec</span> <span class='ocrx_word' id='word_1_104' title='bbox 682 1311 823 1360; x_wconf 85' lang='lat' dir='ltr'>facile</span> <span class='ocrx_word' id='word_1_105' title='bbox 846 1314 1196 1362; x_wconf 89' lang='lat' dir='ltr'>conceduntur.</span> <span class='ocrx_word' id='word_1_106' title='bbox 1267 1314 1457 1363; x_wconf 73' lang='lat' dir='ltr'>Quarta</span> <span class='ocrx_word' id='word_1_107' title='bbox 1489 1321 1577 1371; x_wconf 89' lang='lat' dir='ltr'>est,</span> <span class='ocrx_word' id='word_1_108' title='bbox 1613 1312 1810 1378; x_wconf 82' lang='lat' dir='ltr'><em>Papam</em></span> 
     </span>
     <span class='ocr_line' id='line_1_20' title="bbox 423 1388 1811 1454; baseline 0.001 -19"><span class='ocrx_word' id='word_1_109' title='bbox 423 1389 473 1435; x_wconf 78' lang='lat' dir='ltr'>in</span> <span class='ocrx_word' id='word_1_110' title='bbox 499 1388 728 1436; x_wconf 71' lang='lat' dir='ltr'>dominiis</span> <span class='ocrx_word' id='word_1_111' title='bbox 752 1388 934 1437; x_wconf 76' lang='lat' dir='ltr'>alienis</span> <span class='ocrx_word' id='word_1_112' title='bbox 949 1396 1256 1454; x_wconf 74' lang='lat' dir='ltr'>potestatem</span> <span class='ocrx_word' id='word_1_113' title='bbox 1279 1389 1465 1437; x_wconf 77' lang='lat' dir='ltr'>habere</span> <span class='ocrx_word' id='word_1_114' title='bbox 1490 1389 1811 1454; x_wconf 82' lang='lat' dir='ltr'><em>temporalem</em></span> 
     </span>
     <span class='ocr_line' id='line_1_21' title="bbox 423 1465 1811 1529; baseline 0.002 -19"><span class='ocrx_word' id='word_1_115' title='bbox 423 1480 654 1512; x_wconf 76' lang='lat' dir='ltr'><em>summam</em></span> <span class='ocrx_word' id='word_1_116' title='bbox 678 1465 957 1520; x_wconf 75' lang='lat' dir='ltr'>indirecte;</span> <span class='ocrx_word' id='word_1_117' title='bbox 994 1482 1104 1528; x_wconf 87' lang='lat' dir='ltr'>quae</span> <span class='ocrx_word' id='word_1_118' title='bbox 1141 1473 1384 1529; x_wconf 61' lang='lat' dir='ltr'>negatum</span> <span class='ocrx_word' id='word_1_119' title='bbox 1419 1466 1513 1514; x_wconf 88' lang='lat' dir='ltr'>nisi</span> <span class='ocrx_word' id='word_1_120' title='bbox 1549 1481 1638 1529; x_wconf 88' lang='lat' dir='ltr'>per</span> <span class='ocrx_word' id='word_1_121' title='bbox 1675 1465 1811 1513; x_wconf 80' lang='lat' dir='ltr'>inde-</span> 
     </span>
     <span class='ocr_line' id='line_1_22' title="bbox 425 1539 1811 1604; baseline 0.002 -19"><span class='ocrx_word' id='word_1_122' title='bbox 425 1546 561 1587; x_wconf 78' lang='lat' dir='ltr'>recte</span> <span class='ocrx_word' id='word_1_123' title='bbox 584 1539 823 1603; x_wconf 84' lang='lat' dir='ltr'>intelligat</span> <span class='ocrx_word' id='word_1_124' title='bbox 845 1548 1141 1604; x_wconf 89' lang='lat' dir='ltr'>potestatem</span> <span class='ocrx_word' id='word_1_125' title='bbox 1165 1541 1296 1589; x_wconf 90' lang='lat' dir='ltr'>illam</span> <span class='ocrx_word' id='word_1_126' title='bbox 1320 1541 1409 1589; x_wconf 89' lang='lat' dir='ltr'>viis</span> <span class='ocrx_word' id='word_1_127' title='bbox 1445 1540 1695 1588; x_wconf 88' lang='lat' dir='ltr'>indirectis</span> <span class='ocrx_word' id='word_1_128' title='bbox 1730 1556 1811 1588; x_wconf 82' lang='lat' dir='ltr'>ac-</span> 
     </span>
     <span class='ocr_line' id='line_1_23' title="bbox 428 1615 1810 1680; baseline 0 -18"><span class='ocrx_word' id='word_1_129' title='bbox 428 1615 656 1677; x_wconf 87' lang='lat' dir='ltr'>quisitam</span> <span class='ocrx_word' id='word_1_130' title='bbox 680 1631 813 1671; x_wconf 90' lang='lat' dir='ltr'>esse;</span> <span class='ocrx_word' id='word_1_131' title='bbox 839 1624 957 1664; x_wconf 86' lang='lat' dir='ltr'>tune</span> <span class='ocrx_word' id='word_1_132' title='bbox 982 1617 1112 1665; x_wconf 89' lang='lat' dir='ltr'>enim</span> <span class='ocrx_word' id='word_1_133' title='bbox 1130 1617 1182 1664; x_wconf 94' lang='lat' dir='ltr'>id</span> <span class='ocrx_word' id='word_1_134' title='bbox 1200 1633 1394 1680; x_wconf 91' lang='lat' dir='ltr'>quoque</span> <span class='ocrx_word' id='word_1_135' title='bbox 1410 1615 1613 1664; x_wconf 89' lang='lat' dir='ltr'>concedi</span> <span class='ocrx_word' id='word_1_136' title='bbox 1629 1621 1810 1678; x_wconf 84' lang='lat' dir='ltr'>potest.</span> 
     </span>
     <span class='ocr_line' id='line_1_24' title="bbox 430 1690 1810 1756; baseline 0 -18"><span class='ocrx_word' id='word_1_137' title='bbox 430 1690 540 1748; x_wconf 90' lang='lat' dir='ltr'>Sed,</span> <span class='ocrx_word' id='word_1_138' title='bbox 567 1698 622 1738; x_wconf 89' lang='lat' dir='ltr'>ut</span> <span class='ocrx_word' id='word_1_139' title='bbox 645 1707 735 1754; x_wconf 88' lang='lat' dir='ltr'>ego</span> <span class='ocrx_word' id='word_1_140' title='bbox 773 1693 1064 1740; x_wconf 85' lang='lat' dir='ltr'>sententiam</span> <span class='ocrx_word' id='word_1_141' title='bbox 1098 1693 1202 1756; x_wconf 90' lang='lat' dir='ltr'>ejus</span> <span class='ocrx_word' id='word_1_142' title='bbox 1243 1692 1480 1754; x_wconf 86' lang='lat' dir='ltr'>intelligo,</span> <span class='ocrx_word' id='word_1_143' title='bbox 1515 1698 1810 1754; x_wconf 85' lang='lat' dir='ltr'>potestatem</span> 
     </span>
     <span class='ocr_line' id='line_1_25' title="bbox 429 1765 1811 1830; baseline 0.001 -18"><span class='ocrx_word' id='word_1_144' title='bbox 429 1765 559 1813; x_wconf 88' lang='lat' dir='ltr'>illam</span> <span class='ocrx_word' id='word_1_145' title='bbox 598 1767 842 1829; x_wconf 89' lang='lat' dir='ltr'>pontificis</span> <span class='ocrx_word' id='word_1_146' title='bbox 867 1768 1077 1815; x_wconf 86' lang='lat' dir='ltr'>Romani</span> <span class='ocrx_word' id='word_1_147' title='bbox 1114 1783 1219 1815; x_wconf 90' lang='lat' dir='ltr'>esse</span> <span class='ocrx_word' id='word_1_148' title='bbox 1261 1767 1398 1826; x_wconf 86' lang='lat' dir='ltr'>dicit,</span> <span class='ocrx_word' id='word_1_149' title='bbox 1431 1767 1541 1830; x_wconf 87' lang='lat' dir='ltr'>jure</span> <span class='ocrx_word' id='word_1_150' title='bbox 1582 1766 1811 1830; x_wconf 88' lang='lat' dir='ltr'>quodam,</span> 
     </span>
     <span class='ocr_line' id='line_1_26' title="bbox 429 1840 1811 1906; baseline 0.002 -19"><span class='ocrx_word' id='word_1_151' title='bbox 429 1840 560 1903; x_wconf 92' lang='lat' dir='ltr'>quod</span> <span class='ocrx_word' id='word_1_152' title='bbox 583 1841 869 1890; x_wconf 87' lang='lat' dir='ltr'>authoritati</span> <span class='ocrx_word' id='word_1_153' title='bbox 894 1844 997 1906; x_wconf 85' lang='lat' dir='ltr'>ejus</span> <span class='ocrx_word' id='word_1_154' title='bbox 1026 1843 1259 1906; x_wconf 85' lang='lat' dir='ltr'>pastorali</span> <span class='ocrx_word' id='word_1_155' title='bbox 1292 1859 1380 1906; x_wconf 89' lang='lat' dir='ltr'>per</span> <span class='ocrx_word' id='word_1_156' title='bbox 1411 1841 1811 1906; x_wconf 82' lang='lat' dir='ltr'>consequentiam</span> 
     </span>
     <span class='ocr_line' id='line_1_27' title="bbox 428 1917 1811 1982; baseline 0.002 -20"><span class='ocrx_word' id='word_1_157' title='bbox 428 1917 749 1964; x_wconf 87' lang='lat' dir='ltr'>necessariam</span> <span class='ocrx_word' id='word_1_158' title='bbox 767 1918 983 1966; x_wconf 86' lang='lat' dir='ltr'>adhaeret</span> <span class='ocrx_word' id='word_1_159' title='bbox 1009 1940 1021 1973; x_wconf 91' lang='lat'>;</span> <span class='ocrx_word' id='word_1_160' title='bbox 1059 1919 1174 1982; x_wconf 89' lang='lat' dir='ltr'>quia</span> <span class='ocrx_word' id='word_1_161' title='bbox 1190 1925 1482 1982; x_wconf 85' lang='lat' dir='ltr'>potestatem</span> <span class='ocrx_word' id='word_1_162' title='bbox 1501 1917 1811 1981; x_wconf 81' lang='lat' dir='ltr'>pastoralem,</span> 
     </span>
     <span class='ocr_line' id='line_1_28' title="bbox 430 1993 1812 2057; baseline 0.003 -19"><span class='ocrx_word' id='word_1_163' title='bbox 430 2007 573 2054; x_wconf 90' lang='lat' dir='ltr'>quam</span> <span class='ocrx_word' id='word_1_164' title='bbox 598 1993 897 2055; x_wconf 90' lang='lat' dir='ltr'>spiritualem</span> <span class='ocrx_word' id='word_1_165' title='bbox 921 2002 1079 2053; x_wconf 89' lang='lat' dir='ltr'>vocat,</span> <span class='ocrx_word' id='word_1_166' title='bbox 1106 2010 1333 2042; x_wconf 84' lang='lat' dir='ltr'>exercere</span> <span class='ocrx_word' id='word_1_167' title='bbox 1357 1994 1460 2042; x_wconf 89' lang='lat' dir='ltr'>sine</span> <span class='ocrx_word' id='word_1_168' title='bbox 1495 1993 1578 2041; x_wconf 90' lang='lat' dir='ltr'>illa</span> <span class='ocrx_word' id='word_1_169' title='bbox 1601 2009 1700 2041; x_wconf 90' lang='lat' dir='ltr'>non</span> <span class='ocrx_word' id='word_1_170' title='bbox 1722 2010 1812 2057; x_wconf 92' lang='lat' dir='ltr'>po-</span> 
     </span>
     <span class='ocr_line' id='line_1_29' title="bbox 430 2068 1812 2132; baseline 0.001 -18"><span class='ocrx_word' id='word_1_171' title='bbox 430 2074 541 2114; x_wconf 89' lang='lat' dir='ltr'>test.</span> <span class='ocrx_word' id='word_1_172' title='bbox 619 2069 708 2116; x_wconf 87' lang='lat' dir='ltr'>Per</span> <span class='ocrx_word' id='word_1_173' title='bbox 743 2068 870 2117; x_wconf 90' lang='lat' dir='ltr'>hanc</span> <span class='ocrx_word' id='word_1_174' title='bbox 908 2076 1072 2117; x_wconf 91' lang='lat' dir='ltr'>autem</span> <span class='ocrx_word' id='word_1_175' title='bbox 1112 2070 1464 2117; x_wconf 85' lang='lat' dir='ltr'>authoritatem</span> <span class='ocrx_word' id='word_1_176' title='bbox 1501 2069 1812 2132; x_wconf 86' lang='lat' dir='ltr'>consequuti-</span> 
     </span>
     <span class='ocr_line' id='line_1_30' title="bbox 430 2143 1813 2209; baseline 0.001 -20"><span class='ocrx_word' id='word_1_177' title='bbox 430 2159 555 2201; x_wconf 86' lang='lat' dir='ltr'>vam,</span> <span class='ocrx_word' id='word_1_178' title='bbox 594 2145 815 2206; x_wconf 88' lang='lat' dir='ltr'>pontifici</span> <span class='ocrx_word' id='word_1_179' title='bbox 857 2146 1080 2193; x_wconf 90' lang='lat' dir='ltr'>Romano</span> <span class='ocrx_word' id='word_1_180' title='bbox 1118 2162 1270 2209; x_wconf 87' lang='lat' dir='ltr'>regna</span> <span class='ocrx_word' id='word_1_181' title='bbox 1309 2145 1548 2204; x_wconf 86' lang='lat' dir='ltr'>mutandi,</span> <span class='ocrx_word' id='word_1_182' title='bbox 1572 2143 1720 2192; x_wconf 92' lang='lat' dir='ltr'>modo</span> <span class='ocrx_word' id='word_1_183' title='bbox 1760 2144 1813 2191; x_wconf 91' lang='lat' dir='ltr'>in</span> 
     </span>
     <span class='ocr_line' id='line_1_31' title="bbox 430 2218 1813 2284; baseline 0.001 -20"><span class='ocrx_word' id='word_1_184' title='bbox 430 2234 595 2276; x_wconf 90' lang='lat' dir='ltr'>unum,</span> <span class='ocrx_word' id='word_1_185' title='bbox 620 2219 765 2267; x_wconf 90' lang='lat' dir='ltr'>modo</span> <span class='ocrx_word' id='word_1_186' title='bbox 802 2220 851 2268; x_wconf 90' lang='lat' dir='ltr'>in</span> <span class='ocrx_word' id='word_1_187' title='bbox 876 2220 1025 2268; x_wconf 87' lang='lat' dir='ltr'>alium</span> <span class='ocrx_word' id='word_1_188' title='bbox 1048 2221 1391 2279; x_wconf 89' lang='lat' dir='ltr'>transferendi,</span> <span class='ocrx_word' id='word_1_189' title='bbox 1415 2227 1563 2284; x_wconf 88' lang='lat' dir='ltr'>prout</span> <span class='ocrx_word' id='word_1_190' title='bbox 1597 2219 1661 2267; x_wconf 88' lang='lat' dir='ltr'>ad</span> <span class='ocrx_word' id='word_1_191' title='bbox 1684 2218 1813 2267; x_wconf 86' lang='lat' dir='ltr'>salu-</span> 
     </span>
     <span class='ocr_line' id='line_1_32' title="bbox 429 2294 1814 2359; baseline 0.001 -19"><span class='ocrx_word' id='word_1_192' title='bbox 429 2300 527 2340; x_wconf 88' lang='lat' dir='ltr'>tem</span> <span class='ocrx_word' id='word_1_193' title='bbox 552 2295 822 2342; x_wconf 87' lang='lat' dir='ltr'>animarum</span> <span class='ocrx_word' id='word_1_194' title='bbox 846 2296 937 2359; x_wconf 89' lang='lat' dir='ltr'>ipsi</span> <span class='ocrx_word' id='word_1_195' title='bbox 962 2296 1234 2344; x_wconf 85' lang='lat' dir='ltr'>conducere</span> <span class='ocrx_word' id='word_1_196' title='bbox 1269 2296 1528 2352; x_wconf 87' lang='lat' dir='ltr'>videbitur,</span> <span class='ocrx_word' id='word_1_197' title='bbox 1561 2296 1641 2359; x_wconf 89' lang='lat' dir='ltr'>jus</span> <span class='ocrx_word' id='word_1_198' title='bbox 1675 2294 1814 2343; x_wconf 86' lang='lat' dir='ltr'>attri-</span> 
     </span>
     <span class='ocr_line' id='line_1_33' title="bbox 430 2369 550 2417; baseline 0.017 -2"><span class='ocrx_word' id='word_1_199' title='bbox 430 2369 550 2417; x_wconf 87' lang='lat' dir='ltr'>buit.</span> 
     </span>
    </p>

    <p class='ocr_par' dir='ltr' id='par_1_5' title="bbox 430 2444 1814 2810">
     <span class='ocr_line' id='line_1_34' title="bbox 495 2444 1813 2509; baseline 0.001 -18"><span class='ocrx_word' id='word_1_200' title='bbox 495 2444 775 2507; x_wconf 89' lang='lat' dir='ltr'>Antequam</span> <span class='ocrx_word' id='word_1_201' title='bbox 811 2454 1101 2508; x_wconf 84' lang='lat' dir='ltr'>argumenta</span> <span class='ocrx_word' id='word_1_202' title='bbox 1136 2447 1239 2509; x_wconf 89' lang='lat' dir='ltr'>ejus</span> <span class='ocrx_word' id='word_1_203' title='bbox 1279 2445 1599 2504; x_wconf 85' lang='lat' dir='ltr'>considerem,</span> <span class='ocrx_word' id='word_1_204' title='bbox 1637 2444 1723 2492; x_wconf 88' lang='lat' dir='ltr'>abs</span> <span class='ocrx_word' id='word_1_205' title='bbox 1758 2460 1813 2492; x_wconf 86' lang='lat' dir='ltr'>re</span> 
     </span>
     <span class='ocr_line' id='line_1_35' title="bbox 432 2519 1813 2583; baseline 0.003 -19"><span class='ocrx_word' id='word_1_206' title='bbox 432 2534 525 2565; x_wconf 88' lang='lat' dir='ltr'>non</span> <span class='ocrx_word' id='word_1_207' title='bbox 564 2520 671 2576; x_wconf 88' lang='lat' dir='ltr'>erit,</span> <span class='ocrx_word' id='word_1_208' title='bbox 704 2520 744 2567; x_wconf 89' lang='lat' dir='ltr'>si</span> <span class='ocrx_word' id='word_1_209' title='bbox 779 2519 991 2567; x_wconf 85' lang='lat' dir='ltr'>breviter</span> <span class='ocrx_word' id='word_1_210' title='bbox 1014 2521 1291 2580; x_wconf 86' lang='lat' dir='ltr'>ostendero,</span> <span class='ocrx_word' id='word_1_211' title='bbox 1316 2520 1643 2569; x_wconf 87' lang='lat' dir='ltr'>conclusionis</span> <span class='ocrx_word' id='word_1_212' title='bbox 1666 2520 1813 2583; x_wconf 86' lang='lat' dir='ltr'>hujus</span> 
     </span>
     <span class='ocr_line' id='line_1_36' title="bbox 430 2596 1813 2660; baseline 0.002 -20"><span class='ocrx_word' id='word_1_213' title='bbox 430 2603 742 2654; x_wconf 88' lang='lat' dir='ltr'>momentum,</span> <span class='ocrx_word' id='word_1_214' title='bbox 768 2602 1002 2658; x_wconf 89' lang='lat' dir='ltr'>quantum</span> <span class='ocrx_word' id='word_1_215' title='bbox 1028 2611 1057 2642; x_wconf 86' lang='lat' dir='ltr'><em>a</em></span> <span class='ocrx_word' id='word_1_216' title='bbox 1080 2597 1289 2659; x_wconf 86' lang='lat' dir='ltr'>regibus,</span> <span class='ocrx_word' id='word_1_217' title='bbox 1311 2606 1361 2645; x_wconf 89' lang='lat' dir='ltr'>et</span> <span class='ocrx_word' id='word_1_218' title='bbox 1384 2598 1446 2645; x_wconf 85' lang='lat' dir='ltr'><em>ab</em></span> <span class='ocrx_word' id='word_1_219' title='bbox 1481 2597 1539 2645; x_wconf 91' lang='lat' dir='ltr'>iis</span> <span class='ocrx_word' id='word_1_220' title='bbox 1563 2596 1647 2660; x_wconf 90' lang='lat' dir='ltr'>qui</span> <span class='ocrx_word' id='word_1_221' title='bbox 1682 2611 1813 2644; x_wconf 90' lang='lat' dir='ltr'>sum-</span> 
     </span>
     <span class='ocr_line' id='line_1_37' title="bbox 433 2669 1813 2735; baseline 0.003 -21"><span class='ocrx_word' id='word_1_222' title='bbox 433 2685 557 2716; x_wconf 84' lang='lat' dir='ltr'><em>mam</em></span> <span class='ocrx_word' id='word_1_223' title='bbox 586 2669 768 2718; x_wconf 85' lang='lat' dir='ltr'>habent</span> <span class='ocrx_word' id='word_1_224' title='bbox 791 2677 1083 2734; x_wconf 86' lang='lat' dir='ltr'>potestatem</span> <span class='ocrx_word' id='word_1_225' title='bbox 1107 2672 1316 2728; x_wconf 87' lang='lat' dir='ltr'>civilem,</span> <span class='ocrx_word' id='word_1_226' title='bbox 1350 2672 1583 2735; x_wconf 84' lang='lat' dir='ltr'>pensitari</span> <span class='ocrx_word' id='word_1_227' title='bbox 1621 2670 1813 2729; x_wconf 80' lang='lat' dir='ltr'>debeat,</span> 
     </span>
     <span class='ocr_line' id='line_1_38' title="bbox 433 2744 1814 2810; baseline 0.004 -21"><span class='ocrx_word' id='word_1_228' title='bbox 433 2752 481 2789; x_wconf 84' lang='lat' dir='ltr'>et</span> <span class='ocrx_word' id='word_1_229' title='bbox 509 2752 562 2790; x_wconf 87' lang='lat' dir='ltr'>ut</span> <span class='ocrx_word' id='word_1_230' title='bbox 587 2745 820 2807; x_wconf 83' lang='lat' dir='ltr'>cogitent,</span> <span class='ocrx_word' id='word_1_231' title='bbox 845 2761 907 2792; x_wconf 88' lang='lat' dir='ltr'>an</span> <span class='ocrx_word' id='word_1_232' title='bbox 942 2744 1249 2794; x_wconf 88' lang='lat' dir='ltr'>subditorum</span> <span class='ocrx_word' id='word_1_233' title='bbox 1283 2763 1480 2795; x_wconf 88' lang='lat' dir='ltr'>suorum</span> <span class='ocrx_word' id='word_1_234' title='bbox 1503 2747 1649 2804; x_wconf 91' lang='lat' dir='ltr'>bono,</span> <span class='ocrx_word' id='word_1_235' title='bbox 1674 2747 1814 2810; x_wconf 88' lang='lat' dir='ltr'>cujus</span> 
     </span>
    </p>
   </div>
   <div class='ocr_carea' id='block_1_4' title="bbox 435 2818 1813 2953">
    <p class='ocr_par' dir='ltr' id='par_1_6' title="bbox 435 2818 1813 2953">
     <span class='ocr_line' id='line_1_39' title="bbox 437 2818 1813 2879; baseline 0.005 -15"><span class='ocrx_word' id='word_1_236' title='bbox 437 2818 670 2867; x_wconf 81' lang='lat' dir='ltr'>rationem</span> <span class='ocrx_word' id='word_1_237' title='bbox 693 2820 894 2868; x_wconf 87' lang='lat' dir='ltr'>redituri</span> <span class='ocrx_word' id='word_1_238' title='bbox 919 2827 1046 2879; x_wconf 87' lang='lat' dir='ltr'>suut,</span> <span class='ocrx_word' id='word_1_239' title='bbox 1065 2821 1183 2869; x_wconf 88' lang='lat' dir='ltr'>utile</span> <span class='ocrx_word' id='word_1_240' title='bbox 1203 2822 1265 2870; x_wconf 87' lang='lat' dir='ltr'>sit</span> <span class='ocrx_word' id='word_1_241' title='bbox 1283 2843 1294 2877; x_wconf 90' lang='lat'>;</span> <span class='ocrx_word' id='word_1_242' title='bbox 1331 2831 1380 2870; x_wconf 90' lang='lat' dir='ltr'>et</span> <span class='ocrx_word' id='word_1_243' title='bbox 1400 2838 1461 2870; x_wconf 84' lang='lat' dir='ltr'>an</span> <span class='ocrx_word' id='word_1_244' title='bbox 1481 2831 1590 2870; x_wconf 85' lang='lat' dir='ltr'>tuto</span> <span class='ocrx_word' id='word_1_245' title='bbox 1610 2821 1813 2871; x_wconf 84' lang='lat' dir='ltr'>concedi</span> 
     </span>
     <span class='ocr_line' id='line_1_40' title="bbox 435 2893 601 2953; baseline 0.018 -17"><span class='ocrx_word' id='word_1_246' title='bbox 435 2893 601 2953; x_wconf 85' lang='lat' dir='ltr'>possit.</span> 
     </span>
    </p>
   </div>
  </div>
 </body>
</html>
