1910 3236
369 214 459 255 116
881 223 950 255 DE
980 222 1222 255 HOMINE.

116 356 218 389 cAp,
234 356 313 389 xv,
428 334 457 381 J
460 333 626 380 ustitia
644 332 888 379 actionum
907 331 1138 379 dividitur
1153 349 1182 380 a
1200 332 1513 396 scriptoribus
1531 333 1581 381 in
1606 348 1738 380 com-

121 411 309 489 m
364 408 650 456 mutativam
665 416 714 455 et
730 407 1106 463 distributivam3
1128 424 1329 471 quarum
1344 409 1556 472 priorem
1571 408 1741 456 dicunt

123 496 321 524 naturoealiis·
365 486 415 533 in
447 485 757 548 proportione
793 483 1113 542 arithmetica,
1136 485 1453 547 posteriorem
1475 485 1526 532 in
1548 499 1741 548 geome-

366 562 490 609 trica
504 560 787 614 consistere3
808 560 879 607 ita
891 566 946 607 ut
960 561 1355 608 commutativam
1371 561 1419 608 in
1435 577 1597 608 rerum
1612 576 1742 608 com-

366 636 707 684 mutandarum
736 635 1012 697 aequalitate
1049 636 1211 699 quoad
1248 637 1476 699 pretium,
1514 635 1742 684 distribu-

366 712 516 758 tivam
535 711 585 757 in
608 710 953 757 beneficiorum
977 710 1228 773 aequaliter
1250 711 1545 759 merentibus
1568 709 1743 773 aequali

367 785 705 833 distributione
725 785 987 832 consistere
1003 785 1189 840 dicant;
1216 786 1353 848 quasi
1370 786 1519 849 pluris
1534 785 1743 833 vendere

368 878 511 924 quam
531 861 734 908 emimus
753 861 986 923 injustum
1007 868 1148 908 esset.
1203 861 1417 908 Pretium
1435 861 1650 909 omnium
1667 876 1745 908 re-

335 955 338 959 <
367 953 476 983 rum
491 936 879 984 contrahentium
898 936 1116 999 appetitu
1131 936 1419 991 aestimatum
1440 937 1744 1000 pretiumque

364 1014 550 1075 justum
588 1019 662 1060 est
697 1013 747 1059 in
781 1012 910 1075 quod
933 1013 1074 1060 ambo
1099 1019 1288 1075 emptor
1311 1020 1361 1060 et
1383 1012 1609 1060 venditor
1631 1027 1746 1060 con-

368 1088 598 1136 sentiunt.
685 1088 918 1135 Meritum
956 1095 1134 1147 autem,
1165 1095 1490 1151 praeterquam
1531 1088 1662 1151 quod
1695 1087 1747 1134 in

370 1163 699 1211 contractibus
745 1164 828 1226 qui
867 1163 1000 1226 prior
1039 1171 1255 1226 praestat,
1295 1170 1352 1211 ut
1390 1163 1514 1212 alter
1554 1177 1747 1227 quoque

369 1246 570 1302 praestet
605 1245 731 1301 post,
756 1239 931 1286 mereri
967 1238 1062 1286 dici
1096 1238 1264 1302 possit,
1289 1255 1387 1286 non
1420 1255 1478 1286 ex
1501 1239 1627 1302 jure,
1663 1238 1749 1286 sed

371 1331 430 1362 ex
453 1314 610 1377 gratia
633 1320 720 1361 est.
791 1314 1052 1362 Distinctio
1085 1330 1201 1376 ergo
1225 1313 1320 1372 illa,
1345 1313 1428 1361 illo
1453 1330 1548 1377 quo
1572 1313 1750 1378 exponi

372 1390 494 1438 solet
525 1405 681 1448 sensu,
713 1390 842 1437 bona
876 1406 975 1437 non
1007 1397 1096 1437 est.
1164 1389 1363 1437 Justitia
1403 1390 1751 1438 commutativa

370 1465 564 1529 proprie
590 1473 666 1513 est
694 1466 884 1528 justitia
919 1465 1327 1523 contrahentium,
1352 1465 1403 1512 id
1427 1474 1516 1524 est,
1555 1481 1750 1513 conser-

372 1541 503 1588 vatio
519 1548 774 1603 pactorum
790 1540 849 1588 de
864 1540 1140 1588 venditione
1160 1548 1209 1588 et
1227 1540 1484 1603 emptione,
1502 1541 1562 1588 de
1579 1548 1750 1588 mutuo

375 1616 570 1663 datione
589 1623 638 1663 et
652 1616 951 1679 acceptione,
972 1615 1032 1662 de
1048 1615 1383 1674 conductione,
1403 1616 1463 1663 de
1482 1624 1751 1664 commuta-

374 1691 586 1738 tionibus
610 1691 811 1754 aliisque
835 1691 1022 1738 actibus
1047 1691 1452 1739 contrahentium.

440 1767 469 1814 J
472 1765 639 1813 ustitia
662 1774 824 1813 autem
849 1766 1156 1813 distributiva
1175 1773 1248 1813 est
1260 1766 1450 1829 justitia
1466 1767 1651 1826 arbitri,
1668 1767 1751 1830 qui

377 1841 490 1905 quia
502 1841 623 1889 fides
639 1842 683 1889 ei
701 1841 973 1900 adhibetur,
991 1842 1030 1889 si
1044 1841 1190 1889 fidem
1206 1849 1381 1901 servat,
1406 1843 1599 1905 utrique
1622 1843 1753 1907 parti

377 1917 509 1980 quod
539 1933 679 1964 suum
714 1925 789 1965 est
831 1917 1107 1972 distribuit;
1144 1926 1193 1965 et
1229 1917 1323 1965 alia
1362 1935 1460 1966 non
1497 1926 1571 1967 est
1606 1935 1753 1982 quam

376 1992 594 2055 aequitas.

444 2069 514 2117 Ut
538 2069 598 2115 ab
630 2068 946 2116 antecedente
973 2077 1117 2132 pacto
1149 2070 1354 2132 justitia,
1378 2070 1447 2118 ita
1476 2071 1536 2118 ab
1560 2078 1754 2119 antece—

378 2143 524 2191 dente
543 2143 700 2206 gratia
713 2143 954 2207 dependet
968 2145 1232 2207 gratitudo,
1252 2161 1358 2207 quae
1377 2154 1451 2193 est
1464 2146 1541 2194 lex
1556 2137 1755 2194 natura-

376 2219 435 2266 lis
456 2227 644 2282 quarta,
663 2226 713 2267 et
737 2220 1078 2283 comprehendi
1101 2228 1262 2283 potest
1285 2221 1376 2269 hac
1399 2222 1632 2270 formula:
1669 2223 1757 2287 qui

380 2293 659 2356 beneficium
696 2295 869 2360 gratis
905 2296 1072 2343 datum
1097 2297 1300 2361 accipit,
1326 2298 1499 2346 conari
1528 2298 1673 2346 debet
1695 2314 1757 2346 ne

380 2369 522 2418 danti
533 2371 679 2433 justa
699 2368 852 2418 σάκεα
869 2371 936 2418 sit
957 2371 1177 2434 beneficii
1192 2372 1301 2420 dati
1310 2373 1606 2436 poenitendi.
1656 2373 1756 2421 Ne-

377 2461 457 2493 mo
473 2446 602 2493 enim
617 2445 700 2493 dat
719 2445 812 2493 nisi
826 2446 1087 2509 respiciens
1102 2447 1164 2494 ad
1177 2448 1360 2495 bonum
1378 2449 1483 2507 sibi,
1498 2460 1758 2513 propterea

379 2521 510 2584 quod
528 2521 684 2570 omnis
706 2522 910 2569 actionis
929 2522 1213 2570 voluntariae
1237 2523 1347 2570 finis
1369 2524 1552 2572 bonum
1574 2524 1758 2573 volenti

379 2604 485 2652 est;
522 2597 653 2660 quod
679 2598 861 2645 bonum
885 2598 925 2645 si
949 2598 1131 2646 frustra
1165 2599 1522 2662 expectandum
1545 2616 1650 2649 esse
1668 2601 1757 2648 ho-

379 2672 532 2719 mines
573 2672 784 2732 scierint,
820 2672 1008 2720 nullum
1044 2673 1136 2720 erit
1176 2673 1510 2723 benefaciendi
1546 2675 1756 2734 initium,

378 2763 536 2810 neque
550 2747 856 2796 confidentiae
870 2755 1065 2807 mutuae,
1074 2764 1231 2812 neque
1245 2749 1401 2797 mutui
1414 2750 1594 2810 auxilii,
1602 2766 1759 2814 neque

379 2823 784 2872 reconciliationis
806 2824 934 2873 inter
957 2824 1192 2873 inimicos
1264 2825 1536 2874 Manebunt
1567 2842 1684 2891 ergo
1707 2827 1758 2875 in
