1910 3236
669 231 738 264 nn
767 230 1004 263 nomm.
1443 220 1532 261 113

151 342 302 391 ullum
320 343 411 391 sibi
435 342 630 400 malum,
649 342 735 389 sed
754 358 995 389 summum
1013 341 1195 389 bonum
1219 338 1528 403 sequeretur?

153 418 205 467 Si
228 426 400 467 contra
421 419 660 466 rationem
684 434 782 465 non
807 427 896 475 est,
923 416 1165 480 quomodo
1190 423 1360 464 contra
1387 415 1531 478 justi-

150 494 271 542 tiam
294 503 368 542 est
387 494 434 541 ?”
504 495 569 541 At
593 493 870 556 hujusmodi
885 493 1255 541 ratiocinatione
1274 499 1434 539 ortum
1459 499 1532 537 est

150 578 208 618 ut
221 570 282 618 ab
300 570 538 632 aliquibus
562 569 744 617 scelera
767 585 1000 632 prospera
1015 569 1218 620 virtutes
1243 567 1532 615 existimatae

151 644 279 700 sint;
315 653 465 707 utque
489 645 624 702 fides,
650 644 888 707 regnandi
923 644 1092 691 saltem
1123 659 1283 701 causa,
1308 641 1535 690 violanda

151 730 292 769 esset.
329 720 654 768 Crediderunt
669 721 854 768 ethnici
865 721 1129 767 Saturnum
1142 719 1268 779 coelo
1283 717 1535 781 expulsum

151 813 182 844 a
193 796 315 844 Jove
330 812 449 853 esse,
459 796 542 859 qui
555 797 582 844 J
588 812 728 843 ovem
744 804 907 843 tamen
924 794 1174 857 injustitiae
1189 794 1398 842 ultorem
1413 792 1537 840 exis-

150 872 465 920 timaverunt:
486 871 630 918 etiam
642 869 1079 934 jurisprudentium
1097 877 1374 917 nostrorum
1389 868 1539 931 aliqui

150 946 395 995 haeredem
419 946 574 1009 regni,
601 946 692 993 etsi
715 944 939 1008 proditor
963 944 1040 1002 sit,
1062 944 1228 991 statim
1252 960 1309 992 ac
1332 944 1539 991 moritur

150 1038 253 1082 rex,
269 1022 320 1070 in
339 1039 543 1086 regnum
561 1021 821 1070 succedere
838 1020 1030 1068 debere.
1101 1023 1130 1044 “
1142 1019 1438 1082 Hujusmodi
1461 1019 1536 1066 fa-

152 1099 321 1147 cinora
354 1114 643 1162 quocunque
672 1097 869 1145 nomine
904 1095 1147 1159 appellata
1183 1104 1357 1143 contra
1388 1095 1539 1142 ratio-

151 1190 281 1229 nem,
300 1174 474 1237 inquit,
493 1189 589 1220 non
610 1181 722 1220 sunt
740 1194 751 1227 ;
773 1172 887 1235 quia
902 1187 1069 1218 omnes
1088 1171 1305 1218 omnium
1324 1171 1538 1218 actiones

151 1250 438 1299 voluntariae
472 1249 680 1298 tendunt
714 1246 1001 1295 naturaliter
1035 1245 1099 1293 ad
1132 1246 1315 1293 bonum
1345 1246 1539 1294 sibimet

152 1326 285 1389 ipsiS,
317 1334 367 1374 et
402 1325 609 1373 maxime
640 1323 901 1372 rationales
937 1330 1064 1380 sunt,
1090 1337 1198 1384 quae
1234 1338 1291 1369 eo
1327 1322 1536 1369 maxime

151 1401 405 1450 tendunt.”
442 1401 790 1448 Verumtamen
810 1397 1119 1446 ratiocinatio
1138 1397 1259 1455 haec,
1285 1404 1533 1460 utcunque

152 1477 384 1541 speciosa,
409 1476 533 1524 falsa
556 1483 643 1524 est.

221 1553 439 1602 Quaestio
457 1552 586 1600 enim
601 1568 700 1600 non
716 1558 790 1598 est
807 1550 867 1597 de
886 1549 1134 1612 promissis
1155 1549 1334 1596 mutuis
1353 1549 1403 1595 in
1421 1564 1538 1596 con-

152 1628 337 1677 ditione
377 1628 629 1676 hominum
661 1626 888 1684 naturali,
921 1625 1005 1672 ubi
1036 1624 1170 1672 nulla
1205 1633 1280 1672 est
1314 1625 1539 1688 potentia

153 1720 364 1769 cogens;
398 1720 511 1752 nam
549 1704 617 1752 sic
653 1703 891 1767 promissa
927 1701 1010 1748 illa
1047 1709 1191 1763 pacta
1225 1717 1324 1748 non
1361 1708 1536 1748 essent.

154 1779 254 1829 Sed
286 1780 525 1828 existente
556 1780 777 1843 potentia
813 1793 920 1841 quae
951 1784 1111 1840 cogat,
1136 1784 1184 1823 et
1203 1776 1243 1823 si
1266 1776 1391 1824 alter
1423 1792 1538 1839 pro-

151 1855 352 1904 missum
375 1855 675 1919 praestiterit,
695 1854 763 1901 ibi
787 1852 991 1917 quaestio
1016 1860 1106 1910 est,
1125 1867 1188 1899 an
1213 1851 1269 1909 is,
1290 1851 1374 1914 qui
1396 1851 1536 1910 fallit,

155 1947 264 1980 cum
302 1931 490 1979 ratione
523 1938 572 1978 et
602 1930 666 1978 ad
700 1930 884 1977 bonum
924 1926 1175 1991 proprium
1211 1934 1538 1990 congruenter

153 2005 304 2055 fallat.
372 2006 477 2070 Ego
500 2021 615 2054 vero
644 2012 816 2053 contra
849 2004 1103 2062 rationem,
1128 2012 1179 2050 et
1202 2003 1539 2066 imprudenter

153 2081 313 2131 facere
350 2080 475 2129 dico.
559 2081 720 2129 Primo
759 2080 889 2128 enim
926 2079 976 2126 in
1018 2078 1229 2136 civitate,
1267 2078 1307 2125 si
1344 2079 1452 2142 quis
1488 2078 1539 2125 id

154 2156 317 2216 faciat,
342 2156 488 2220 quod,
514 2165 749 2220 quantum
777 2154 989 2219 prospici
1024 2161 1073 2201 et
1108 2154 1299 2202 ratione
1331 2154 1538 2216 intelligi

154 2240 332 2296 potest,
357 2232 422 2280 ad
443 2248 580 2280 suam
602 2231 753 2295 ipsius
781 2230 941 2278 tendit
964 2228 1359 2287 destructionem,
1385 2245 1538 2292 quan-

157 2322 302 2371 quam
339 2307 655 2371 improvisum
685 2305 883 2370 aliquod
919 2305 1110 2353 accidat
1146 2305 1279 2370 quod
1310 2312 1538 2352 eventum

155 2381 346 2431 felicem
377 2383 568 2441 efficiat,
599 2382 786 2430 factum
818 2380 1131 2429 nihilominus
1168 2380 1315 2428 fuisse
1355 2381 1537 2443 impru-

158 2457 342 2516 denter,
357 2457 471 2521 quia
491 2458 821 2521 improvisum.
891 2457 945 2504 In
971 2455 1248 2503 conditione
1272 2463 1434 2503 autem
1453 2472 1538 2503 na-

157 2533 319 2591 turali,
353 2534 438 2582 ubi
471 2533 803 2597 unusquisque
845 2531 1221 2595 uniuscujusque
1261 2531 1412 2579 hostis
1448 2538 1537 2588 est,

158 2608 262 2657 sine
284 2625 375 2673 ope
391 2610 634 2658 sociorum
652 2625 820 2657 secure
839 2608 999 2655 vivere
1017 2623 1160 2654 nemo
1183 2614 1363 2669 potest.
1435 2607 1538 2654 Ho-

158 2682 339 2732 minem
360 2691 538 2742 autem,
563 2684 646 2747 qui
670 2692 814 2747 pacta
841 2682 1007 2730 fallere
1031 2682 1232 2730 rationis
1256 2697 1360 2728 esse
1382 2689 1537 2744 putat,

158 2757 211 2806 in
233 2759 530 2818 societatem,
545 2775 654 2823 quae
677 2759 859 2807 mutuis
876 2758 1030 2821 pactis
1048 2757 1111 2805 ad
1133 2757 1432 2819 singulorum
1455 2757 1539 2804 de-

160 2831 429 2882 fensionem
459 2833 625 2894 initur,
649 2834 756 2897 quis
785 2833 875 2880 nisi
908 2848 996 2895 per
1026 2831 1266 2879 inscitiam
1297 2831 1538 2890 admittet,

292 2923 416 2957 von.
437 2923 520 2957 111.
1386 2922 1404 2954 1

1585 362 1687 394 CAP.
1705 361 1783 393 XV.

1593 457 1635 485 De
1648 456 1761 491 legibus

1589 505 1701 528 uaturoe
1715 499 1786 527 aliis.
