1968 3236
520 231 591 264 nn
618 229 878 264 clvl‘rA‘rE
906 227 1262 262 camsi-mna.
1474 215 1588 270 ⁸387

264 344 382 393 Post
422 343 561 391 hunc
600 342 743 389 electi
791 347 906 388 sunt
947 341 996 387 in
1034 339 1282 403 apostolos
1321 338 1497 387 Paulus
1539 346 1590 385 et
1622 358 1726 391 eff,
1744 357 1858 390 xm,

197 419 461 474 Barnabas,
479 418 540 466 de
572 433 781 481 quorum
810 416 1047 463 electione
1072 415 1251 478 legitur
1274 414 1385 462 Act.
1411 412 1511 461 xiii.
1547 419 1587 469 l,
1639 411 1843 492 m

195 502 245 553 2,
269 501 329 544 3:
365 494 538 542 Erant
574 499 736 540 autem
778 491 1065 540 Antiocleice
1108 492 1158 538 in
1202 489 1420 538 ecclesia
1460 505 1588 554 pro·
1637 497 1843 527 memnon.

186 571 357 637 plaetae
379 576 429 617 et
453 569 687 616 doctores
712 567 1003 625 Barnabas,
1028 573 1078 614 et
1105 566 1301 614 Simeon
1337 565 1590 630 cognomi-

197 653 347 695 natus
371 645 559 710 Niger,
585 650 634 691 et
659 643 847 690 Lucius
881 660 912 689 a
946 642 1158 706 Cyrene,
1183 648 1233 689 et
1257 640 1516 689 Manaleen
1540 649 1591 689 et

198 721 398 771 Saulus.
468 719 804 768 Precantibus
829 725 991 766 autem
1019 718 1126 766 illis
1148 718 1422 776 Dominum,
1446 717 1591 779 etje-

184 796 502 863 junantibus,
522 796 655 843 dixit
676 794 904 858 Spiritus
926 794 1143 841 Sanctus
1158 812 1175 840 :
1211 799 1455 857 separate
1471 791 1592 839 milti

0 881 5 927 2
198 872 493 923 Barnaham
511 878 560 918 et
575 870 779 918 Saulum
798 869 870 916 ad
886 886 1012 933 opus
1030 868 1102 915 ad
1115 867 1252 933 quod
1266 868 1440 916 vocavi
1458 866 1591 915 illos.

203 949 420 1014 Cumque
447 948 783 1010 jejunassent,
816 951 866 992 et
898 945 1103 1008 precati
1137 950 1319 1000 essent,
1343 950 1394 990 et
1422 958 1594 990 manus

0 1043 5 1076 f
199 1025 310 1074 illis
346 1023 713 1089 imposuissent,
739 1022 1036 1069 clirtziserunt
1069 1019 1202 1068 illos.
1271 1020 1344 1067 Ex
1370 1035 1467 1082 quo
1490 1034 1594 1066 ma-

198 1103 434 1152 nifestum
476 1108 566 1157 est,
607 1116 887 1164 quanquam
928 1115 957 1146 a
998 1098 1185 1167 §piritu
1221 1098 1403 1146 Sancto
1450 1095 1595 1144 electi

200 1186 358 1236 erant,
378 1185 580 1225 vocatos
615 1185 781 1224 tamen
817 1191 900 1222 eos
934 1174 1005 1221 fui
1032 1190 1084 1221 se
1108 1174 1171 1221 ab
1195 1173 1402 1221 ecclesia
1420 1172 1596 1220 Antio-

202 1255 374 1303 chena.
444 1253 627 1300 Munus
650 1260 831 1309 autem,
850 1250 913 1298 ad
937 1250 1067 1313 quod
1091 1250 1254 1298 vocati
1277 1256 1433 1308 erant,
1448 1248 1597 1296 fnisse

202 1329 549 1394 apostolatum,
591 1328 903 1376 manifestum
950 1335 1025 1374 est
1065 1342 1125 1374 ex
1166 1342 1225 1374 eo
1269 1325 1402 1388 quod
1436 1324 1599 1372 vocati

204 1413 323 1454 sunt
345 1406 490 1453 ambo
509 1404 717 1468 apostoli
745 1404 877 1463 (Act.
903 1403 999 1450 xiv.
1022 1404 1121 1463 13).
1177 1402 1244 1450 Et
1268 1401 1401 1465 quod
1425 1401 1476 1448 in
1500 1400 1599 1447 vir-

204 1489 312 1530 tute
357 1482 503 1544 hujus
548 1479 817 1528 vocationis
862 1479 958 1526 fuit
1003 1477 1135 1541 quod
1181 1476 1392 1541 apostoli
1438 1483 1596 1533 erant,

205 1558 416 1606 Sanctus
442 1556 618 1604 Paulus
634 1555 890 1603 manifeste
915 1554 1103 1602 indicat
1130 1554 1296 1614 (Rom.
1317 1553 1348 1600 i.
1378 1552 1443 1614 l),
1464 1567 1604 1615 apos·

205 1633 366 1682 tolum
403 1648 455 1680 se
482 1638 774 1696 separatum
797 1646 979 1678 vocans
1003 1630 1075 1677 ad
1111 1627 1447 1692 Evangelium
1484 1627 1601 1686 Dei,

206 1708 527 1772 alludensque
551 1707 615 1755 ad
638 1707 788 1754 verba
812 1706 1026 1769 Spiritus
1052 1705 1222 1753 Sancti
1246 1704 1484 1758 dicentis;
1526 1721 1604 1750 se-

204 1790 399 1851 parate
422 1783 543 1831 milei
557 1781 851 1831 Barnabam
875 1788 926 1829 et
950 1781 1167 1839 Saulum,
1193 1788 1286 1828 etc.
1358 1779 1605 1829 Quoniam

209 1868 376 1910 autem
412 1859 635 1923 apostolo
665 1874 787 1922 opus
811 1866 919 1906 erat
942 1865 1119 1906 testem
1147 1872 1252 1905 esse
1287 1855 1606 1904 resurrectio-

210 1936 288 1985 nis
311 1935 510 1993 Christi,
535 1941 722 1998 quaeret
742 1933 951 1981 fortasse
974 1932 1149 1995 aliquis
1169 1931 1416 1996 quomodo
1435 1930 1606 1978 testari

211 2011 266 2060 id
285 2011 447 2076 potuit
471 2011 521 2059 S.
547 2010 741 2068 Paulus,
767 2010 853 2073 qui
873 2025 987 2056 cum
1012 2009 1272 2057 Servatore
1296 2015 1466 2055 nostro
1490 2014 1606 2054 ante

213 2094 425 2136 mortem
447 2088 551 2150 ejus
564 2102 816 2148 nunquam
840 2092 1156 2132 conversatus
1176 2092 1298 2131 erat.
1349 2083 1440 2130 Cui
1463 2081 1606 2129 facile

214 2161 554 2226 respondetur,
586 2161 838 2208 Christum
873 2159 1035 2223 ipsum
1072 2158 1222 2206 Paulo
1261 2156 1543 2221 apparuisse
1580 2171 1607 2203 e

216 2236 358 2295 coelo,
372 2243 631 2299 postquam
653 2243 929 2299 assumptus
953 2243 1097 2292 esset,
1117 2234 1351 2296 illumque
1379 2233 1514 2293 (Act.
1540 2231 1608 2279 ix.

225 2313 305 2371 15)
332 2311 549 2375 elegisse,
572 2319 630 2359 ut
657 2327 836 2359 nomen
875 2312 980 2374 ejus
1013 2310 1076 2358 ad
1100 2318 1271 2374 gentes
1295 2315 1533 2372 portaret,
1558 2314 1608 2354 et

218 2387 283 2436 ad
305 2402 462 2450 regeS,
479 2393 528 2434 et
551 2386 613 2434 ad
635 2386 763 2434 filios
786 2386 996 2434 Israelis.
1051 2385 1176 2433 Cum
1200 2400 1318 2447 ergo
1343 2382 1610 2431 Dominum

219 2462 420 2511 vidisset
477 2462 836 2520 resuscitatum,
888 2460 1259 2509 resurrectionis
1309 2458 1449 2506 testis
1505 2467 1611 2505 erat

219 2553 319 2586 non
336 2536 610 2585 inidoneus.
670 2537 918 2585 Barnabas
938 2546 1104 2585 autem
1127 2537 1289 2584 fuerat
1308 2533 1493 2582 Christi
1518 2532 1613 2581 dis-

221 2613 426 2677 cipulus.

287 2689 573 2752 Episcopus,
597 2688 867 2752 inspector,
890 2697 998 2736 erat
1029 2688 1070 2735 is
1105 2687 1189 2749 qui
1228 2685 1504 2748 cuicunque
1527 2699 1599 2731 ne-

221 2764 359 2828 gotio
382 2772 490 2811 erat
511 2763 817 2827 praepositus,
841 2763 1095 2827 speciatim
1120 2768 1283 2809 autem
1313 2766 1484 2823 pastor
1513 2759 1614 2807 sive

222 2846 387 2888 custos
410 2839 609 2894 ovium3
645 2845 697 2888 et
728 2838 843 2886 inde
875 2837 1213 2901 metaphorice
1237 2851 1333 2884 vox
1369 2834 1452 2883 illa
1473 2850 1614 2883 usur·

1329 2925 1360 2958 c
1383 2924 1411 2958 c
1430 2927 1451 2960 2
