1968 3236
554 251 623 284 De
652 251 906 285 clvl'rA‘rE
933 251 1286 285 cnms'nANA.
1476 267 1482 271 -
1512 242 1606 284 323

230 377 348 411 num
384 370 547 411 autem
584 362 704 411 illud
735 372 841 411 erat
868 363 1037 410 civitas
1072 363 1354 411 Judaeorum
1385 362 1434 410 in
1462 369 1606 410 terra.
1652 382 1854 415 xxxvm.

232 438 399 497 Porro,
424 438 475 486 id
510 438 642 501 quod
675 438 795 486 dicit
828 438 1055 486 Servator
1081 447 1248 487 noster
1268 438 1467 499 (Matth.
1490 438 1607 486 xxii.
1662 435 1850 459 “’“*““”

231 515 344 575 30):
382 513 433 561 in
457 514 824 561 resurrectione
859 530 1013 578 neque
1047 513 1225 562 nubent
1248 530 1402 579 neque
1429 513 1607 562 nuben-
1625 482 1889 563 ‹iffaiig'llnlgffimi'g

0 635 17 655 (ἡ
231 594 315 636 tur
328 607 348 644 ;
382 587 476 636 sed
494 595 639 636 erunt
662 588 792 635 sicut
816 588 989 651 angeli
1013 589 1115 636 Dei
1146 589 1196 636 in
1214 589 1337 637 coelo
1355 608 1373 637 .·
1396 589 1609 653 descrip-
1625 569 1890 647 ῗῗζᾞηᾛῗὲᾇῗω

0 653 13 717 Ξ
228 664 300 714 tio
323 671 398 713 est
420 664 534 712 vitoe
558 671 766 722 oeternce,
792 664 960 711 similis
989 666 1092 727 eJus
1131 681 1276 728 quam
1310 664 1609 728 perdidimus

0 734 14 755 ²
229 739 282 788 in
312 739 518 797 Adamo,
543 747 782 803 quatenus
809 740 985 786 attinet
1018 739 1081 786 ad
1114 740 1435 788 matrimonia.
1503 740 1612 789 Nisi

228 816 359 864 enim
382 823 664 879 peccassent
687 815 902 863 Adamus
926 822 975 862 et
997 815 1113 874 Eva,
1136 815 1370 863 vixissent
1392 817 1443 864 in
1467 816 1610 864 Para-

229 891 336 940 diso
359 892 579 940 terrestri
603 892 693 955 ipsi
724 892 826 939 sine
856 891 992 954 prole
1026 891 1077 938 in
1111 898 1414 954 perpetuum.
1482 891 1612 940 Nam

230 968 273 1015 si
296 968 422 1016 sicut
449 968 668 1016 homines
700 983 846 1022 nunc,
872 967 942 1014 ita
972 967 1267 1015 immortales
1306 974 1611 1030 generarent,

230 1042 422 1091 deesset
449 1059 550 1091 non
584 1059 761 1106 magno
794 1050 1012 1105 tempore
1042 1042 1178 1090 locus
1212 1042 1504 1101 hominibus,
1526 1042 1613 1090 ubi

229 1118 378 1182 pedes
401 1127 654 1182 ponerent.
721 1117 750 1165 J
754 1117 879 1165 udaei
904 1117 1255 1189 quissjhristum
1282 1118 1611 1181 interrogave-

230 1202 359 1252 rant,
384 1195 522 1257 cujus
559 1209 682 1241 uxor
720 1192 885 1240 futura
908 1198 1032 1240 esset
1054 1192 1252 1240 foemina
1274 1193 1356 1240 illa
1377 1193 1428 1240 in
1446 1209 1611 1242 resur-

230 1269 461 1327 rectione,
481 1268 542 1316 de
566 1268 924 1331 consequentiis
949 1269 1064 1315 vitae
1089 1274 1280 1316 oeternoe
1302 1285 1402 1316 non
1425 1269 1611 1332 cogita?

229 1353 434 1399 verant3
470 1344 634 1406 itaque
672 1343 816 1391 docet
856 1343 961 1390 illos
986 1342 1223 1400 Christus,
1248 1344 1611 1406 generationem

231 1419 484 1468 hominum
507 1436 605 1467 non
628 1419 783 1483 magis
805 1418 1020 1466 futuram
1043 1434 1146 1466 esse
1173 1419 1224 1466 in
1258 1420 1611 1467 resurrectione

231 1510 377 1558 quam
417 1495 714 1558 angelorum.
798 1493 1108 1556 Comparatio
1149 1494 1255 1542 haec
1294 1494 1422 1542 inter
1459 1495 1611 1542 vitam

229 1577 462 1619 «eternam
499 1571 561 1618 ab
602 1569 791 1618 Adamo
826 1569 1066 1628 amissam,
1090 1576 1140 1617 et
1170 1586 1199 1617 a
1232 1570 1425 1618 Christo
1455 1578 1612 1619 morte

230 1661 319 1694 sua
340 1646 632 1704 restitutam,
659 1645 804 1693 etiam
827 1645 878 1692 in
909 1644 1004 1692 hoc
1034 1661 1251 1708 congrua
1277 1654 1364 1704 est,
1391 1645 1523 1709 quod
1550 1647 1612 1694 si-

230 1729 317 1769 cut
339 1721 570 1779 Adamus,
595 1721 685 1769 etsi
710 1721 860 1768 vitam
885 1727 1116 1768 aeternam
1147 1728 1348 1784 peccato
1381 1738 1467 1769 suo
1502 1738 1612 1785 per-

231 1796 372 1856 didit,
395 1797 517 1845 vixit
538 1805 703 1845 tamen
724 1805 897 1860 postea
919 1797 1237 1860 aliquamdiu;
1261 1797 1332 1845 ita
1349 1797 1614 1846 Christiani

231 1872 398 1921 fideles
420 1873 571 1920 vitam
596 1879 828 1921 aeternam
850 1879 1007 1920 morte
1032 1873 1212 1921 Christi
1237 1880 1539 1936 receperunt,
1563 1881 1613 1920 et

231 1955 395 1996 tamen
441 1948 715 1996 moriuntur
754 1957 910 1996 morte
946 1948 1170 2007 naturali,
1212 1957 1264 1997 et
1302 1949 1484 1996 mortui
1525 1949 1611 1996 ali-

232 2023 465 2086 quamdiu
505 2032 718 2083 manent,
758 2025 989 2072 nimirum
1019 2040 1172 2087 usque
1203 2024 1266 2072 ad
1298 2025 1611 2072 resurrectio-

234 2113 362 2147 nem.
432 2099 569 2147 Sicut
602 2100 731 2148 enim
764 2116 894 2149 mors
929 2108 1207 2164 computata
1236 2107 1308 2147 est
1332 2100 1382 2147 in
1406 2100 1610 2158 Adamo,

234 2188 336 2222 non
357 2190 389 2222 a
410 2174 829 2234 condemnatione,
854 2175 940 2223 sed
962 2176 1024 2223 ab
1048 2176 1152 2239 ipsa
1168 2183 1325 2223 morte
1343 2196 1355 2230 ;
1380 2176 1449 2223 ita
1466 2176 1612 2223 etiam

236 2247 503 2296 electorum
524 2250 626 2297 vita
646 2250 706 2298 ab
738 2251 1038 2299 absolutione
1066 2250 1165 2298 sive
1197 2251 1477 2298 remissione
1500 2266 1612 2313 pec-

237 2331 472 2381 catorum,
494 2339 593 2371 non
616 2340 647 2372 a
669 2326 1019 2374 resurrectione
1044 2333 1368 2389 computatur.

305 2397 452 2447 Quod
486 2398 637 2458 locus,
661 2399 710 2447 in
748 2416 844 2463 quo
875 2401 927 2448 in
958 2408 1193 2449 aeternum
1223 2408 1334 2463 post
1372 2415 1613 2447 resurrec-

236 2474 424 2522 tionem
466 2473 731 2523 habitaturi
767 2484 881 2526 sunt
921 2477 1078 2534 electi,
1110 2476 1172 2523 sit
1211 2476 1400 2533 coelum,
1434 2475 1484 2522 id
1524 2483 1614 2533 est,

238 2554 401 2612 partes
436 2547 532 2596 illae
559 2565 668 2612 quae
703 2566 733 2597 a
758 2558 891 2599 terra
919 2552 1254 2599 remotissimae
1292 2558 1419 2609 sunt,
1443 2558 1497 2598 ut
1532 2551 1617 2598 ubi

240 2630 356 2671 sunt
378 2622 547 2681 stellae‚
570 2631 656 2672 aut
678 2624 836 2673 adhuc
858 2626 1002 2675 altius
1027 2627 1077 2674 in
1100 2626 1223 2674 coelo
1249 2625 1380 2688 quod
1415 2633 1618 2673 vocatur

239 2698 357 2758 (non
381 2697 432 2744 in
457 2698 708 2761 Scriptura
730 2700 895 2763 Sacra)
916 2717 1211 2766 empyreum,
1234 2717 1334 2748 non
1363 2701 1618 2748 confirma-

242 2780 324 2820 tur
362 2772 423 2820 ab
460 2772 576 2832 ullo,
605 2773 735 2837 quod
765 2775 931 2835 sciam,
969 2783 1108 2824 textu
1143 2776 1406 2839 Scripturae
1441 2775 1616 2824 Sacrae.

246 2848 470 2912 Regnum
497 2848 693 2911 quidem
725 2849 819 2899 Dei
851 2851 1026 2899 eoelum
1063 2850 1393 2907 inhabitantis,
1415 2866 1619 2914 regnum

1380 2941 1415 2974 Y
1439 2943 1460 2973 2
