1968 3236
457 246 528 280 οε
555 245 812 279 clvrrA‘rE
841 243 1196 278 cuais'riANA.
1427 232 1523 281 427

134 375 251 423 ergo
274 358 574 407 concedatur
597 365 891 421 potestatem
925 356 1116 403 civilem
1155 354 1524 403 subordinatam
1557 376 1661 408 eff,
1679 374 1792 406 xm,

134 451 240 484 aese
261 434 495 499 potestati
519 434 697 497 papali,
734 443 968 495 tanquam
992 431 1208 479 medium
1232 431 1297 479 ad
1320 430 1527 478 felicita·
1578 429 1777 505 Dm

137 520 236 559 tem
272 509 606 574 spiritualem;
642 525 742 556 non
775 517 939 556 tamen
974 507 1209 570 sequitur,
1235 507 1276 554 si
1313 514 1528 570 potestas
1577 510 1779 540 00⁰¹⁶⁸³⁰⁶⁶²

137 586 293 636 civilis
315 586 381 634 sit
420 585 469 632 in
507 600 637 648 rege,
662 594 713 631 et
737 592 953 647 potestas
988 582 1254 646 spiritualis
1298 583 1348 629 in
1382 582 1528 644 Papa,

138 661 250 710 ideo
290 660 499 724 obligari
540 676 707 723 regem
748 658 949 707 obedire
992 658 1151 721 Papae,
1188 657 1344 721 magis
1384 673 1529 720 quam

141 736 488 799 unusquisque,
514 735 597 798 qui
617 743 771 781 artem
791 734 940 780 habet
954 732 1166 780 faciendi
1182 732 1426 796 ephippia,
1445 732 1532 780 ob-

138 811 320 876 ligatur
336 810 537 858 obedire
555 810 689 857 omni
709 809 879 871 equiti.
951 808 1090 855 Sicut
1113 823 1232 870 ergo
1257 823 1287 855 a
1309 806 1533 854 subordi-

139 887 338 935 natione
370 886 555 933 artium
590 884 760 931 inferri
796 900 895 931 non
919 891 1082 946 potest
1115 883 1356 946 subjectio
1381 882 1534 930 artifi-

140 978 283 1017 cum;
318 962 389 1009 ita
407 977 564 1024 neque
583 976 612 1007 a
626 959 1030 1007 subordinatione
1047 959 1339 1022 regiminum
1365 957 1535 1005 inferri

140 1045 305 1102 potest
327 1036 568 1099 subjectio
593 1035 884 1099 regentium.
956 1034 1169 1083 Quando
1188 1050 1306 1097 ergo
1326 1041 1536 1097 potesta-

144 1122 244 1162 tem
268 1112 458 1160 civilem
483 1110 725 1175 spirituali
749 1110 870 1158 dicit
890 1126 1005 1174 essa
1020 1109 1283 1164 subditam,
1308 1108 1538 1171 intelligit

142 1189 304 1252 ipsum
328 1187 542 1235 civitatis
574 1187 921 1250 imperatorem
959 1185 1208 1233 'subditum
1242 1201 1348 1233 esse
1387 1185 1539 1248 impe-

144 1264 299 1312 ratori
322 1263 578 1327 spirituali.
663 1263 1023 1324 Argumentum
1062 1261 1226 1324 itaque
1256 1259 1538 1324 hujusmodi

146 1349 250 1388 est:
287 1339 374 1404 qui
397 1338 547 1385 habet
563 1344 867 1403 potestatem
892 1353 1125 1384 summam
1141 1336 1347 1394 cicilem,
1373 1334 1539 1382 subdi-

147 1423 227 1463 tus
254 1421 331 1462 est
356 1414 495 1462 illius
519 1415 607 1477 qui
631 1412 781 1461 habet
797 1418 1105 1477 potestatem
1127 1427 1360 1458 summam
1383 1410 1540 1474 spiri-

148 1490 331 1539 tualem
349 1508 368 1545 ,·
405 1505 532 1554 ergo
559 1488 807 1553 princeps
842 1486 1132 1551 spiritualis
1155 1486 1247 1547 jus
1271 1485 1421 1533 habet
1456 1486 1541 1533 im-

140 1565 365 1631 perandi
403 1565 454 1612 in
487 1563 754 1628 principes
795 1561 1111 1626 temporales,
1188 1562 1246 1609 In
1274 1577 1371 1625 quo
1394 1577 1542 1624 argu-

149 1650 316 1689 mento
353 1639 557 1688 assumit
594 1655 736 1702 reges
766 1638 910 1701 Papae
945 1653 1049 1685 esse
1073 1637 1309 1694 subditos,
1333 1637 1385 1684 id
1409 1637 1542 1700 quod

149 1717 320 1766 debuit
350 1715 740 1768 demonstrasse;
777 1713 839 1761 de
874 1712 1228 1775 consequentia
1251 1712 1398 1770 enim,
1423 1712 1542 1776 quin

148 1794 279 1841 bona
300 1792 380 1850 sit,
403 1791 540 1839 nulla
573 1798 650 1838 est
683 1788 1033 1837 controversia.
1105 1787 1295 1835 Deinde
1321 1788 1544 1851 procedit

150 1876 495 1932 argumentum
530 1882 671 1914 suum
706 1865 1002 1913 confirmans
1034 1863 1130 1911 hoc
1162 1864 1337 1912 modo:
1373 1863 1544 1929 Reges

152 1951 202 1992 et
233 1944 406 2009 Papoe,
432 1942 598 1990 clerus
621 1949 671 1990 et
700 1940 938 2006 populus,
962 1940 1156 1987 unicam
1176 1940 1392 2004 faciunt
1423 1939 1544 1987 eivi-

154 2026 324 2078 tatem,
339 2019 398 2067 id
413 2025 505 2077 est,
525 2017 718 2065 unicam
742 2016 1030 2064 eeclesiam:
1068 2015 1119 2063 in
1143 2015 1363 2062 omuibus
1381 2020 1544 2061 autem

154 2093 462 2158 corporibus,
498 2092 714 2140 membra
750 2109 782 2139 a
813 2107 869 2138 se
903 2098 1065 2138 mutuo
1106 2089 1420 2154 dependent:
1454 2089 1549 2136 sed

155 2167 453 2233 spiritualia
486 2183 580 2216 non
605 2167 888 2232 dependent
918 2183 950 2213 a
986 2163 1348 2230 temporalibus
1366 2182 1384 2211 :
1419 2179 1545 2228 ergo

158 2243 456 2309 temporalia
482 2243 763 2307 dependent
788 2259 822 2289 a
842 2240 1232 2307 spiritualibus:
1258 2246 1306 2286 et
1318 2254 1420 2302 per
1435 2254 1546 2286 con-

157 2335 368 2384 sequens
387 2318 493 2367 illis
515 2326 630 2366 sunt
652 2317 893 2381 subjecta.
965 2317 1023 2365 In
1047 2332 1145 2379 qua
1167 2313 1545 2362 ratiocinatione

160 2395 259 2443 duo
281 2401 398 2442 sunt
419 2409 611 2442 errores
635 2394 753 2442 satis
787 2393 936 2442 crassi
956 2412 967 2440 ε
1004 2393 1129 2440 alter
1153 2390 1285 2454 quod
1309 2389 1444 2447 dicit,
1468 2404 1546 2437 re-

159 2486 263 2534 ges,
284 2486 452 2534 papas,
476 2468 661 2517 clerum
685 2484 947 2532 omnesque
971 2468 1091 2516 alios
1106 2466 1425 2523 Christianos,
1440 2465 1546 2512 uni-

161 2562 270 2595 cam
293 2544 592 2593 constituere
626 2544 994 2608 rempublicam.
1063 2541 1380 2590 Manifestum
1414 2539 1546 2587 enim

162 2629 252 2680 est,
275 2620 627 2684 rempublicam
656 2635 806 2668 unam
829 2635 934 2668 esse
957 2618 1179 2674 Galliam,
1214 2616 1417 2664 alteram
1442 2630 1547 2663 esse

166 2696 471 2760 Hispaniam,
490 2702 538 2743 et
557 2694 699 2742 aliam
721 2711 826 2743 esse
848 2694 1092 2751 Venefias,
1118 2701 1212 2740 ete.
1275 2691 1367 2739 Hae
1382 2700 1543 2739 autem

164 2779 524 2835 componuntur
546 2786 606 2818 ex
629 2769 907 2819 hominibus
930 2768 1235 2824 Christianis,
1254 2774 1302 2813 et
1322 2775 1437 2814 sunt
1460 2782 1548 2830 per

166 2863 469 2911 consequens
506 2844 711 2895 totidem
746 2845 994 2894 ecclesiae:
1030 2852 1079 2892 et
1104 2842 1279 2891 summi
1304 2842 1547 2906 imperan-
