1968 3236
458 242 549 283 344
599 293 601 295 ,
775 251 843 283 DE
872 251 1122 284 Clvl'rATE
1152 253 1502 288 CHRISTIANA.

212 383 312 415 CAp.
329 384 404 416 XL,
457 363 584 411 enim
604 363 836 410 Dominus
858 363 1022 422 (Num.
1044 363 1188 410 xxvii.
1214 367 1397 427 18-21):
1430 365 1567 413 Tolle
1584 365 1820 414 Joshuam

215 438 402 460 ——7—-ae

198 478 242 506 Do
254 479 322 517 jure
341 480 419 516 regni

440 438 606 501 filium
648 438 777 496 Nan,
815 440 968 484 viram
1007 439 1056 486 in
1102 455 1198 502 quo
1237 447 1314 488 est
1359 442 1571 505 spiritus
1611 441 1727 501 Dei,
1768 448 1818 489 et

198 521 251 550 Dei
277 522 306 550 'm
333 523 421 550 Abu»
448 531 581 577 pone
613 530 799 559 manum
824 519 954 560 tuam
979 531 1131 578 super
1161 532 1299 563 eum:
1332 517 1416 581 qui
1457 517 1612 564 stabit
1651 532 1819 564 coram

197 564 291 597 humo,
318 565 399 593 Mose

196 608 314 635 summi.-
332 588 421 636 sace}-
456 589 704 636 Eleazaro
729 589 989 637 sacerdote
1012 597 1061 637 et
1085 591 1212 638 omni
1236 591 1544 640 multitudine
1562 611 1581 647 ;
1605 599 1655 640 et
1673 591 1820 640 dabis

197 650 319 682 dotibus,
337 655 365 678 et
380 661 422 679 re-

196 693 282 729 gib„
301 694 422 723 ΜΝ,
457 663 504 710 ei
530 669 789 727 praecepta
814 665 1004 711 eunetis
1028 665 1321 726 videntibus,
1346 674 1395 714 et
1410 674 1612 731 partem
1631 666 1820 732 glorioe

457 746 566 796 taoe,
592 745 645 786 at
669 738 844 786 audiat
880 756 984 787 eum
1016 741 1169 788 omnis
1192 757 1453 806 synogoga
1473 741 1701 804 filiorum
1737 742 1820 789 Is-

453 813 624 861 raelis.
663 814 763 861 Pro
780 814 884 874 hoc,
905 816 952 862 .ςὶ
968 816 1093 879 qaid
1107 816 1351 880 agendum
1369 818 1484 874 erit,
1499 817 1721 865 Eleazar
1739 833 1821 864 sa-

452 889 626 936 cerdos
644 889 863 937 consulet
878 891 1150 939 Dominum.
1187 891 1232 938 A
1238 891 1275 939 cl
1287 892 1479 940 verbum
1496 893 1600 954 ejas
1617 892 1820 957 egredi-

452 971 560 1012 etur
579 972 627 1012 et
646 965 956 1030 ingredietur
975 966 1099 1030 ipse,
1111 973 1160 1014 et
1178 968 1457 1030 omnes-filii
1481 968 1695 1015 Israelis
1713 985 1818 1016 cum

452 1057 522 1098 eo,
554 1046 603 1086 et
645 1046 824 1087 eoelera
861 1041 1134 1090 multitudo.
1206 1043 1326 1090 Belli
1365 1059 1481 1107 ergo
1518 1051 1567 1091 et
1602 1044 1735 1106 pacis
1766 1043 1818 1091 in

452 1115 699 1164 sacerdote
716 1123 930 1180 potestas
954 1133 1140 1165 summa
1163 1126 1279 1166 erat.
1350 1119 1508 1166 Etiam
1526 1118 1818 1181 judiciorum

453 1207 638 1239 summa
658 1199 871 1255 potestas
894 1209 1039 1255 penes
1062 1194 1269 1241 eundem
1293 1202 1397 1241 erat
1416 1215 1428 1249 ;
1464 1194 1532 1241 illi
1557 1194 1685 1241 enim
1708 1193 1820 1242 libri

452 1267 571 1330 legis
601 1268 855 1316 commissa
878 1275 951 1316 est
973 1269 1192 1317 custodia
1211 1290 1222 1324 3
1269 1269 1542 1318 sacerdotes
1565 1277 1615 1318 et
1637 1269 1821 1318 Levitae

454 1345 541 1392 soli
571 1345 621 1391 in
655 1345 798 1392 rebus
834 1344 1053 1392 civilibus
1080 1345 1269 1408 judices
1307 1345 1608 1393 subordinati
1649 1353 1788 1393 erant
1804 1363 1818 1392 :

455 1427 642 1468 constat
677 1437 735 1468 ex
774 1421 915 1468 Deut.
942 1421 1055 1468 xvii.
1082 1426 1127 1479 8,
1152 1426 1198 1479 9,
1231 1427 1304 1470 10.
1375 1421 1519 1470 Quod
1558 1428 1720 1468 autem
1755 1420 1818 1468 ad

454 1496 635 1544 cultum
672 1496 886 1543 divinum
917 1497 1106 1555 attinet,
1133 1497 1247 1559 quin
1289 1513 1319 1543 a
1351 1512 1536 1544 summo
1571 1495 1821 1544 sacerdote

454 1572 748 1620 ordinandus
784 1580 924 1631 esset,
964 1588 1211 1636 nunquam
1253 1572 1525 1620 dubitatum
1566 1579 1655 1619 est.
1728 1571 1818 1619 Po-

455 1654 602 1695 testas
634 1663 749 1710 ergo
782 1648 932 1695 civilis
964 1656 1013 1695 et
1043 1647 1368 1695 ecclesiastica
1408 1648 1668 1710 conjuncta
1703 1646 1818 1694 hac-

456 1732 595 1771 tenus
619 1723 709 1771 fuit
732 1723 782 1770 in
805 1739 902 1771 una
925 1732 974 1770 et
999 1723 1166 1770 eadem
1202 1738 1423 1786 persona,
1448 1738 1634 1770 summo
1661 1737 1818 1770 sacer-

455 1798 633 1913 dOtlgiist
650 1873 851 1913 mortem
866 1867 893 1914 J
898 1866 1059 1914 oshuae
1074 1881 1225 1929 usque
1242 1865 1304 1913 ad
1319 1880 1521 1928 regnum
1536 1864 1683 1922 Sauli,
1697 1871 1820 1912 tem-

456 1942 562 2004 pori
584 1942 901 1989 intercedenti
925 1950 1042 1990 nota
1059 1941 1240 1989 inditur
1262 1941 1438 2004 passim
1461 1940 1511 1987 in
1534 1939 1657 1988 libro
1679 1939 1820 1988 Judi-

456 2033 580 2075 cum,
601 2017 734 2080 quod
746 2017 849 2064 illis
866 2017 1036 2065 diebu-s·
1051 2034 1143 2064 non
1159 2023 1271 2064 erat
1285 2032 1376 2063 rex
1395 2015 1444 2062 in
1457 2015 1486 2062 I
1485 2014 1638 2074 srael,
1652 2014 1819 2063 addito

457 2092 743 2156 quandoque
777 2093 908 2156 quod
938 2093 1267 2157 unusquisque
1283 2090 1524 2156 faciebat
1546 2090 1681 2154 quod
1711 2106 1819 2138 rec-

458 2174 555 2214 tam
578 2174 688 2215 erat
714 2168 763 2215 in
787 2167 942 2215 oculis
977 2168 1095 2215 suis.
1189 2166 1334 2215 Quod
1356 2165 1547 2223 dicitur,
1572 2164 1706 2228 quod
1724 2180 1818 2212 non

458 2249 568 2290 erat
602 2258 708 2301 rex,
746 2243 874 2290 idem
908 2250 980 2290 est
1002 2259 1060 2290 ac
1083 2243 1122 2291 si
1147 2243 1328 2290 dictum
1353 2250 1492 2299 esset,
1517 2256 1615 2288 non
1638 2247 1744 2287 erat
1766 2239 1817 2287 in

458 2318 684 2365 Israelitis
709 2334 895 2366 summa
916 2326 1145 2381 potestas.
1216 2318 1273 2365 Id
1296 2316 1441 2380 quod,
1466 2316 1505 2364 si
1522 2331 1610 2379 pro
1634 2314 1817 2363 exerci-

457 2394 525 2440 tio
549 2409 746 2441 summae
769 2394 1019 2456 potestatis
1053 2393 1357 2456 accipiamus,
1394 2391 1697 2439 manifestum
1728 2397 1816 2438 est.

459 2468 582 2516 Nam
597 2476 709 2531 post
724 2475 922 2516 mortem
939 2468 966 2515 J
971 2468 1133 2515 oshuae
1148 2476 1196 2516 et
1213 2467 1428 2516 Eleazari
1440 2467 1486 2528 (J
1491 2466 1569 2514 ud.
1578 2466 1627 2514 ii.
1643 2471 1743 2523 10,1
1759 2467 1816 2527 l),

456 2550 779 2591 surrexerunt
818 2542 909 2590 alii
946 2543 1029 2607 qui
1062 2560 1154 2591 non
1195 2549 1430 2591 noverunt
1463 2541 1732 2599 Dominum,
1767 2546 1818 2588 et

456 2634 611 2682 opera
649 2635 757 2681 qua>
778 2617 989 2680 fecerat
1013 2634 1117 2664 cum
1148 2616 1348 2665 Israel:
1365 2615 1819 2682 ,feceruntquefilin'

456 2692 627 2740 Israel
647 2692 823 2740 malum
846 2692 895 2739 in
918 2698 1178 2755 conspecta
1212 2691 1424 2751 Domini,
1460 2698 1509 2739 et
1542 2690 1818 2739 servierunt

459 2767 673 2815 Baalim.
741 2766 1018 2814 Judaeorum
1053 2767 1195 2825 enim,
1226 2773 1280 2814 ut
1309 2775 1445 2815 notat
1474 2766 1523 2814 S.
1549 2765 1738 2824 Paulus,
1767 2769 1811 2824 (ι

460 2842 567 2889 Cor.
585 2843 615 2890 i.
633 2842 737 2903 22),
753 2841 994 2905 singulare
1013 2849 1130 2900 erat,
1149 2848 1416 2905 expectare
1435 2841 1644 2906 signum,
1659 2840 1710 2889 id
1727 2846 1817 2897 est,
