1968 3236
487 244 583 286 486
822 253 890 285 DE
919 253 1106 286 REGNo
1133 252 1535 287 TENEBRARUM.

228 387 454 419 CARXLxr,
489 363 784 411 idololatria
809 371 907 411 est:
944 364 1069 411 finiti
1104 364 1233 411 enim
1268 365 1359 412 Dei
1389 365 1510 412 nulli
1545 373 1658 414 sunt
1690 374 1868 430 praeter

245 442 432 462 *W
488 440 618 487 idola
664 441 865 498 cerebri,
914 440 1013 487 sive
1058 440 1412 502 phantasmata.
1503 442 1664 490 Etiam
1710 442 1867 491 Deum

207 481 252 509 De
267 481 439 509 daemonolo-

206 525 439 574 sigetrcjlifxuiis
489 516 646 562 colere
682 517 732 562 in
770 516 980 578 imagine
1004 516 1079 562 vel
1116 516 1239 574 loco,
1278 532 1377 564 non
1413 524 1467 564 ut
1492 518 1687 580 speciali
1721 519 1866 567 modo

206 567 458 640 {fiiffiii-‘ssfflmm
487 592 553 638 ibi
588 598 894 654 praesentem,
935 591 1022 638 sed
1057 598 1112 638 ut
1146 608 1203 639 eo
1239 592 1384 640 modo
1413 609 1615 656 operum
1639 594 1730 641 Dei
1764 610 1866 642 me-

488 667 691 713 moriam
738 683 1025 714 conservare
1070 668 1273 730 possint,
1321 668 1415 715 nisi
1460 668 1596 716 locus
1648 669 1730 717 ille
1781 679 1867 718 aut

488 742 647 804 imago
685 742 982 789 authoritate
1018 743 1213 805 publica
1236 743 1488 791 dedicatus
1523 753 1573 792 et
1613 761 1866 792 consecra-

486 825 563 865 tus
588 818 665 874 sit,
696 817 990 865 idololatria
1015 825 1102 866 est.
1172 818 1463 866 Mandatum
1487 820 1618 867 enim
1651 827 1742 878 est,
1772 837 1867 868 non

467 893 648 957 facies
690 892 783 940 tibi
824 893 1089 957 imaginem
1134 894 1416 958 sculptilem
1461 902 1554 943 etc.
1659 896 1868 960 Serpen-

486 976 585 1015 tem
617 984 805 1016 aeneum
843 969 994 1016 statui
1029 970 1174 1032 jussit
1205 971 1369 1026 Deus3
1405 987 1505 1019 non
1542 971 1632 1019 sibi
1662 987 1754 1020 nec
1778 988 1865 1021 suo

486 1044 685 1092 arbitrio
701 1045 873 1092 statuit
889 1045 1075 1100 Moses;
1100 1046 1265 1108 itaque
1283 1056 1584 1110 praeceptum
1599 1047 1866 1096 secundum

485 1127 817 1182 transgressus
841 1136 942 1167 non
966 1129 1056 1168 est.
1094 1121 1239 1170 Quod
1265 1130 1426 1171 autem
1454 1124 1618 1171 Aaron
1642 1131 1692 1172 et
1709 1140 1864 1188 popu-

484 1195 558 1242 lus
577 1195 800 1242 fecerunt
823 1196 914 1243 sibi
937 1197 1144 1244 vitulum
1163 1213 1362 1245 aureum
1386 1199 1571 1261 injussu
1586 1199 1691 1258 Dei,
1710 1199 1864 1248 idolo-

484 1270 626 1318 latria
650 1278 782 1325 erat;
818 1288 918 1319 non
943 1279 1133 1320 tantum
1157 1273 1272 1336 quia
1305 1275 1512 1322 vitulum
1547 1275 1684 1322 illum
1707 1275 1866 1324 Deum

485 1360 587 1392 esse
612 1346 938 1405 crediderunt,
960 1347 1045 1394 sed
1069 1348 1214 1395 etiam
1239 1348 1354 1411 quia
1376 1349 1624 1412 religionis
1647 1366 1792 1399 causa
1813 1351 1865 1399 id

483 1420 721 1479 fecerunt,
746 1422 880 1469 nulla
899 1423 1196 1471 authoritate
1214 1423 1327 1471 freti
1349 1440 1508 1487 neque
1543 1441 1574 1473 a
1596 1425 1701 1474 Deo
1733 1442 1864 1490 rege,

484 1512 639 1558 neque
663 1513 693 1544 a
708 1497 846 1544 Mose
871 1498 962 1545 Dei
984 1498 1140 1546 vicem
1166 1506 1285 1546 tunc
1308 1509 1525 1562 gerente.

550 1572 732 1619 Verum
757 1573 816 1620 de
841 1573 976 1620 cultu
1001 1574 1179 1621 sanctis
1218 1574 1432 1623 exhibito
1467 1576 1781 1640 reliquiisque
1815 1585 1865 1626 et

485 1646 777 1708 imaginibus
803 1664 986 1706 eorum,
1007 1649 1151 1696 etiam
1177 1649 1322 1696 hodie
1344 1650 1396 1698 in
1415 1651 1618 1699 ecclesia
1642 1652 1865 1700 Romana

484 1722 663 1770 usitato
685 1744 696 1778 ;
733 1739 796 1770 an
820 1724 980 1771 cultus
1004 1724 1099 1780 ille,
1125 1741 1236 1772 cum
1259 1725 1393 1772 nulla
1411 1726 1462 1773 in
1478 1726 1572 1773 illis
1589 1727 1864 1790 praetenda-

483 1805 565 1844 tur
589 1800 952 1861 repraesentatio
980 1799 1086 1858 Dei,
1111 1815 1201 1863 pro
1220 1799 1493 1848 idololatria
1510 1802 1734 1850 habenda
1756 1811 1859 1860 est;

483 1875 750 1935 praesertim
777 1891 888 1923 cum
912 1875 1132 1938 exempla
1156 1883 1325 1923 extent
1347 1876 1398 1923 in
1419 1877 1684 1940 Scripturis
1702 1878 1863 1927 Sacris

483 1949 747 2012 imaginum
772 1950 863 1997 Dei
883 1951 1022 2013 jussu
1045 1951 1346 1999 erectarum?
1417 1952 1698 2001 Idololatria
1729 1961 1863 2003 certe

482 2032 570 2071 est.
641 2025 754 2073 Non
778 2026 908 2073 enim
924 2027 1071 2074 aDeo
1087 2027 1208 2090 erigi
1231 2027 1336 2075 illas
1354 2029 1543 2091 jussum
1567 2037 1656 2089 est,
1681 2046 1739 2078 eo
1762 2031 1862 2079 fine

481 2108 536 2148 ut
559 2117 639 2148 eas
665 2102 895 2150 colerent.
967 2103 1139 2166 Neque
1172 2103 1300 2151 enim
1326 2104 1617 2153 cherubinos
1640 2113 1726 2154 aut
1764 2121 1862 2154 ser·

480 2186 678 2238 pentem
711 2194 902 2226 aeneum
925 2178 1182 2226 coluerunt
1205 2179 1512 2236 sacerdotes;
1548 2180 1648 2229 imo
1673 2188 1860 2240 eontra,

483 2252 754 2300 Hezechias
805 2253 855 2314 (2
905 2253 1025 2315 Reg.
1063 2254 1195 2301 xviii.
1238 2258 1288 2316 4)
1340 2271 1531 2304 aeneum
1584 2264 1861 2320 serpentem

480 2327 721 2390 confregit
745 2329 807 2375 ob
843 2344 951 2375 eam
986 2344 1104 2385 rem,
1137 2330 1270 2392 quod
1308 2347 1338 2377 a
1373 2331 1553 2394 populo
1595 2331 1860 2380 colebatur,

479 2402 715 2450 Distinxit
734 2403 864 2450 enim
887 2403 1015 2450 inter
1030 2403 1280 2466 imagines,
1303 2422 1422 2469 quas
1436 2407 1542 2454 fieri
1553 2407 1698 2471 jussit
1712 2407 1859 2468 Deus,

479 2485 528 2524 et
551 2494 647 2534 eas,
674 2494 792 2541 quas
817 2478 1038 2526 homines
1064 2495 1152 2527 suo
1177 2481 1419 2529 arbitratu
1441 2482 1629 2531 faciunt
1650 2482 1759 2531 sibi.

545 2553 618 2600 Ex
641 2554 746 2601 aliis
769 2562 934 2601 autem
961 2554 1225 2617 Scripturae
1248 2557 1366 2605 locis
1402 2557 1627 2606 doctores
1652 2559 1861 2608 Romani

476 2627 569 2674 hoc
594 2628 766 2676 saltem
790 2629 977 2676 licitum
1001 2646 1104 2677 esse
1128 2632 1312 2692 volunt,
1349 2634 1548 2697 angelos
1582 2634 1659 2682 vel
1699 2635 1859 2683 Deum

475 2701 634 2764 ipsum
657 2704 889 2766 pingere:
926 2719 1101 2768 nempe
1127 2706 1187 2753 ab
1212 2723 1284 2763 eo,
1318 2708 1450 2771 quod
1484 2709 1615 2757 Deus
1639 2709 1691 2757 in
1714 2709 1858 2758 horto

478 2777 690 2826 Paradisi
715 2779 894 2827 dicitur
908 2780 1179 2828 ambulasse
1200 2803 1211 2836 ;
1238 2791 1288 2831 et
1305 2784 1366 2842 ab
1391 2800 1464 2843 eo,
1482 2785 1613 2848 quod
1628 2785 1856 2833 aJaeobo

473 2851 603 2900 visus
640 2853 704 2901 sit
739 2854 885 2910 Deus,
908 2855 984 2902 vel
1009 2855 1181 2904 saltem
1218 2858 1378 2921 angeli
1414 2859 1464 2907 in
1500 2860 1630 2908 scala
1661 2875 1692 2908 a
1731 2860 1855 2909 eoelo
