1968 3236
543 219 613 253 me
641 219 828 253 REGNO
853 219 1254 254 TENEBRARUM.
1489 209 1586 268 493

210 336 315 379 tum
347 338 435 379 est.
504 331 627 378 Orta
658 330 833 379 deinde
865 339 939 378 est
974 331 1080 378 Arii
1116 329 1326 387 haeresis,
1362 329 1586 393 negantis
1616 353 1718 385 eff,
1738 351 1867 385 mm,

212 405 458 454 Christum
487 422 589 454 esse
625 407 810 462 Deum;
847 423 954 469 quae
980 406 1155 454 Niceni
1179 405 1383 454 Concilii
1407 421 1586 453 convo·
1636 406 1827 476 m

212 481 354 530 candi
380 497 525 529 causa
548 490 666 529 erat.
1641 492 1684 541 ab,
1704 491 1796 538 imni,

286 556 511 619 Synodus
552 565 715 604 autem
755 556 838 604 illa
879 572 979 603 non
1024 556 1170 604 modo
1218 555 1467 614 Arianam,
1503 555 1589 603 sed
1635 533 1825 572 Phss⁰⁸⁰⁹h¹²

212 632 360 680 etiam
407 648 574 680 omnes
615 632 850 695 praeteriti
897 632 1128 695 temporis
1169 648 1199 679 a
1240 632 1433 679 Christo
1474 639 1590 679 nato

212 706 420 755 haereses
444 707 800 764 condemnavit,
826 707 972 754 fidem
1005 707 1326 755 orthodoxam
1357 706 1592 770 symbolo,

213 782 343 846 quod
389 783 630 830 Nicenum
677 783 869 840 dicitur,
905 783 1117 830 breviter
1162 782 1487 846 complectens
1533 796 1593 828 ex

214 858 478 922 Scripturis
509 858 640 921 ipsis,
666 858 798 905 nulla
830 858 1027 905 omnino
1062 857 1379 921 philosophiae
1411 857 1593 904 Graecae

212 933 379 981 habita
402 933 612 988 ratione;
637 949 826 996 nempe,
850 933 1103 981 Christum
1116 934 1275 981 Deum
1290 949 1453 980 verum
1470 948 1592 990 esse,

214 1015 266 1056 et
271 1008 440 1071 filium
464 1008 564 1056 Dei
596 1009 832 1071 genitum,
857 1008 1075 1071 ejusdem
1108 1025 1211 1055 cum
1236 1009 1344 1056 Deo
1368 1007 1594 1055 substan-

215 1084 331 1139 tiae,·
356 1100 501 1147 quam
524 1084 670 1132 fidem
695 1084 1212 1141 confirmarunt-{tiam
1235 1084 1329 1131 tria
1346 1083 1597 1146 sequentia

217 1159 436 1207 Concilia
465 1160 726 1222 generalia,
751 1159 919 1207 addita
937 1156 1183 1207 sentEntia
1205 1159 1266 1207 de
1289 1159 1384 1207 fide
1408 1158 1594 1222 inspi-

215 1235 364 1283 ritum
389 1235 637 1283 Sanctum.
706 1236 866 1282 Etiam
895 1235 1099 1282 haeresin
1131 1234 1472 1282 Africanorum
1507 1233 1597 1282 sub

218 1310 461 1374 Cypriano
496 1319 667 1369 ortam,
703 1310 764 1358 de
799 1310 1181 1374 rebaptizatione
1217 1326 1384 1359 eorum
1422 1310 1504 1372 qui
1535 1308 1599 1356 ad

218 1385 558 1434 ethnicismum
598 1385 857 1443 redierant,
883 1385 1346 1443 condemnaverunt,
1382 1393 1431 1433 et
1470 1401 1599 1448 sym-

216 1460 331 1509 bolo
353 1460 611 1508 articulum
635 1461 769 1508 illum
805 1460 1114 1518 addiderunt,
1140 1460 1290 1508 credo
1314 1477 1454 1507 unum
1479 1460 1601 1524 hap-

219 1537 365 1584 tisma
402 1536 451 1584 in
497 1536 830 1584 remissionem
871 1542 1209 1601 peccatorum.
1278 1537 1441 1599 Atque
1478 1535 1599 1594 haec,

219 1613 422 1662 Nicenae
460 1612 645 1676 synodo
683 1628 741 1660 ex
783 1612 1045 1675 Scripturis
1077 1611 1238 1659 Sacris
1275 1611 1455 1674 agnita,
1492 1610 1599 1674 phi-

218 1688 439 1752 losophia
487 1688 682 1736 ethnica
722 1687 939 1735 nondum
988 1686 1241 1744 advocata,
1282 1686 1508 1749 placuere
1551 1693 1601 1732 et

220 1764 509 1812 confirmata
531 1771 685 1811 erant.
756 1762 868 1810 Non
893 1761 1022 1809 enim
1059 1761 1335 1825 philosophi
1366 1768 1507 1809 erant
1542 1776 1600 1808 eo

220 1846 439 1902 tempore
462 1855 575 1902 pars
599 1839 797 1886 Patrum
820 1839 990 1900 major.

303 1913 400 1962 Sed
441 1914 491 1962 in
538 1914 714 1962 Niceni
759 1913 966 1978 symboli
1006 1912 1388 1976 expositionibus
1437 1918 1600 1972 (nemo

222 1989 352 2037 enim
395 1989 497 2037 fere
542 1989 798 2037 doctorum
840 1989 1058 2036 ecclesiae
1096 1990 1157 2036 ab
1195 2005 1253 2036 eo
1295 1988 1511 2035 Concilio
1551 1989 1601 2035 in

224 2064 514 2127 quingentos
539 2081 690 2112 annos
714 2073 834 2122 erat,
861 2066 998 2128 cujus
1033 2063 1215 2127 scripta
1238 2071 1421 2121 extant,
1445 2064 1527 2126 qui
1552 2063 1602 2110 in

225 2140 495 2203 symbolum
531 2140 651 2188 illud
685 2140 1037 2203 expositionem
1073 2139 1283 2202 aliquam
1317 2154 1415 2185 non
1440 2137 1603 2185 edide-

225 2214 308 2275 rit)
330 2230 428 2263 non
451 2215 619 2263 habita
641 2223 715 2263 est
738 2215 798 2262 de
829 2215 1070 2263 sententia
1089 2214 1449 2277 Scripturarum
1467 2220 1604 2260 tanta

227 2289 500 2338 solicitudo.
570 2290 666 2338 Ubi
708 2290 837 2338 enim
872 2290 923 2337 in
959 2289 1210 2352 Scriptura
1245 2288 1409 2345 Sacra,
1433 2295 1518 2335 aut
1552 2287 1603 2335 in

226 2366 331 2428 ipso
355 2364 572 2425 symbolo
597 2365 799 2423 Niceno‚
824 2364 1068 2412 inve-nitur
1086 2363 1136 2411 id
1160 2362 1290 2426 quod
1313 2362 1362 2409 in
1387 2362 1604 2425 symbolo

227 2440 406 2488 dicitur
430 2439 695 2497 Athanasii,
719 2439 793 2488 ita
815 2441 972 2488 Deum
996 2446 1046 2487 et
1068 2438 1302 2486 hominem
1324 2454 1433 2485 esse
1467 2454 1607 2485 unum

233 2514 498 2573 Christum,
519 2514 916 2579 quemadmodum
939 2515 1100 2563 anima
1125 2512 1391 2560 rationalis
1414 2519 1464 2560 et
1487 2528 1607 2560 caro

230 2596 306 2638 ext
350 2606 472 2637 unus
517 2590 654 2637 homo
674 2593 703 2637 8
784 2590 1080 2639 Constitutio
1115 2587 1322 2636 hominis
1362 2604 1422 2635 ex
1462 2603 1607 2635 carne

230 2673 280 2713 et
320 2665 483 2713 anima
515 2680 763 2728 nunquam
796 2681 887 2728 pro
922 2664 1152 2728 mysterio
1186 2663 1486 2717 habebatur;
1522 2662 1609 2710 sed

235 2739 468 2787 Christus
493 2740 541 2787 in
566 2755 719 2787 carne
732 2741 1013 2803 mysterium
1036 2739 1299 2786 maximum
1324 2745 1414 2785 est.
1462 2737 1609 2787 Quod

231 2815 378 2863 homo
402 2815 465 2863 sit
488 2814 651 2863 anima
682 2829 769 2862 sua
804 2824 890 2863 aut
919 2830 1094 2877 corpus
1119 2828 1259 2861 suum
1284 2812 1500 2872 seorsim,
1524 2828 1610 2861 ne-
