1968 3236
512 249 583 284 na
613 248 871 284 c1vrrA‘ra
899 247 1257 284 cnms'nANA.
1475 235 1579 281 329

192 368 370 427 Satan,
403 367 647 416 Diabolus
658 386 675 423 ;
699 367 963 415 Abaclclon.
1025 368 1148 417 Quae
1175 366 1374 416 nomina
1411 366 1577 424 Satan,
1621 378 1828 412 xxxvm.

194 444 440 502 Diabolus,
451 443 706 501 Abaddon,
724 459 979 506 personam
1000 443 1298 491 individuam
1317 441 1579 500 nullam‚ut
1603 498 1606 502 ⁴
1627 431 1862 512 mm

192 519 390 567 nomina
413 518 570 566 solent
593 518 804 581 propria,
826 518 1110 580 designant;
1146 518 1233 566 sed
1257 517 1483 575 officium,
1506 517 1579 565 vel
1596 519 1865 591 {¹3:13⁸}ssss

194 594 478 659 qualitatem
501 593 711 656 aliquam
732 614 743 647 ;
781 601 830 640 et
854 600 1113 655 propterea
1135 599 1248 640 sunt
1271 591 1578 656 appellativa.
1597 572 1748 641 voeaefssuh,
1759 609 1813 634 eoe.

194 671 399 734 Sumpta
435 677 599 716 autem
637 684 726 731 pro
763 667 972 731 propriis
1013 668 1262 732 imperitos
1293 667 1485 726 fallunt,
1508 667 1581 715 fa-

193 745 423 808 ciuntque
451 751 506 791 ut
536 751 727 806 spectra
756 750 806 790 et
838 742 1084 791 daemonas
1120 743 1328 791 totidem
1364 757 1468 790 esse
1491 759 1582 806 pu-

194 828 316 879 tent,
354 820 519 883 quales
560 818 829 866 adorabant
867 826 1055 881 gentes.
1128 818 1372 867 Quoniam
1417 827 1582 866 autem

193 897 343 945 verba
378 896 460 943 illa
495 895 772 958 significant
810 894 1010 952 hostem,
1036 900 1393 949 accusatorem,
1418 901 1466 940 et
1497 909 1583 939 ex-

195 972 580 1028 terminatorem,
606 969 918 1033 intelligenda
951 978 1066 1017 sunt
1098 969 1157 1016 de
1193 969 1334 1016 hoste
1366 967 1584 1015 ecclesiae

196 1048 302 1096 Dei.
387 1047 439 1094 Si
463 1062 580 1108 ergo
604 1061 810 1108 regnum
835 1044 926 1092 Dei
950 1052 1061 1107 post
1083 1044 1489 1092 resurrectionem
1511 1043 1585 1091 fu·

195 1130 359 1171 turum
383 1122 446 1169 sit
470 1121 519 1168 in
554 1128 699 1177 terra,
725 1119 869 1167 etiam
902 1119 1065 1185 hostes
1096 1126 1147 1166 et
1177 1134 1380 1182 regnum
1417 1133 1584 1166 eorum

196 1198 247 1246 in
271 1206 403 1246 terra
425 1212 530 1245 esse
555 1196 748 1244 debent.
814 1194 1024 1244 Quando
1049 1194 1178 1242 enim
1196 1209 1400 1257 regnum
1418 1193 1511 1240 Dei
1534 1193 1586 1240 in

201 1273 436 1321 Israelitis
461 1279 580 1330 erat,
607 1287 757 1334 regna
779 1271 997 1334 gentium
1020 1271 1181 1318 vicina
1203 1286 1291 1333 pro
1316 1269 1478 1332 regnis
1503 1268 1587 1316 Sa-

198 1356 325 1396 tanae
343 1335 661 1396 habebantur.

275 1423 544 1471 Cruciatus
591 1421 780 1485 inferni
828 1421 1165 1484 significantur
1210 1419 1455 1468 interdum
1499 1434 1589 1483 per

182 1500 363 1563 fletum
399 1505 450 1546 et
489 1497 758 1546 stridorem
800 1496 1031 1555 dentium,
1070 1503 1125 1544 ut
1171 1496 1348 1543 Matth.
1378 1494 1476 1542 viii.
1513 1501 1587 1543 12.

201 1574 453 1623 Interdum
494 1587 582 1636 per
622 1587 814 1618 vermen
850 1571 1182 1630 conscientioe,
1205 1579 1262 1618 ut
1294 1570 1432 1618 Isaiae
1471 1569 1586 1617 lxvi.

200 1655 281 1707 24,
300 1658 351 1697 et
370 1649 523 1696 Marc.
544 1648 607 1695 ix.
624 1652 706 1705 43,
728 1653 807 1706 45,
828 1650 908 1701 47.
957 1647 1209 1695 Interdum
1228 1662 1315 1710 per
1333 1646 1496 1711 ignem
1514 1645 1588 1692 in-

200 1723 590 1789 extinguibilem,
615 1732 671 1771 ut
699 1722 877 1771 Matth.
902 1723 970 1770 iii.
1004 1729 1059 1771 12
1082 1744 1094 1778 ;
1131 1723 1286 1770 Marc.
1311 1722 1377 1769 ix.
1402 1723 1587 1776 42·47;

201 1801 318 1849 Luc.
335 1799 401 1847 iii.
430 1802 504 1857 17,
524 1805 617 1846 etc.
654 1797 906 1845 Interdum
923 1813 1012 1861 per
1029 1797 1368 1862 opprobrium,
1387 1804 1443 1843 ut
1462 1796 1587 1844 Dan.

201 1875 283 1923 xii.
307 1881 355 1923 2.
426 1874 550 1923 Quae
573 1874 680 1922 loca
704 1873 867 1921 omnia
889 1873 1107 1921 dolorem
1131 1874 1407 1937 significant
1437 1880 1589 1920 meta-

201 1950 418 2015 phorice,
455 1950 516 1997 ab
555 1966 612 1997 eo
650 1949 924 2007 oriundum,
963 1949 1095 2013 quod
1134 1949 1420 1997 felicitatem
1456 1948 1588 1995 illam

202 2033 435 2074 aeternam
457 2026 519 2073 ab
550 2025 656 2073 aliis
680 2025 967 2088 acquisitam
991 2041 1095 2073 esse
1118 2025 1302 2083 vident,
1328 2040 1473 2088 quam
1497 2023 1589 2086 ipsi

202 2117 290 2165 per
312 2101 704 2149 incredulitatem
727 2109 775 2149 et
802 2101 1159 2149 contumaciam
1194 2117 1330 2148 suam
1364 2098 1590 2163 perdide-

203 2184 331 2225 runt.
401 2176 524 2224 Cum
559 2183 722 2224 autem
757 2176 979 2224 felicitati
1013 2176 1219 2224 aliorum
1250 2192 1349 2223 non
1373 2174 1589 2222 invidea-

204 2260 301 2311 tur,
333 2252 424 2299 nisi
461 2252 521 2299 ab
558 2251 652 2299 illis
677 2251 760 2314 qui
785 2251 975 2300 dolores
1001 2260 1051 2300 et
1074 2252 1373 2300 calamitates
1396 2249 1589 2313 patiun-

204 2335 318 2382 tur;
355 2342 656 2390 consequens
690 2336 780 2386 est,
815 2335 870 2375 ut
903 2344 1073 2391 poenas
1106 2328 1244 2375 luant
1279 2325 1588 2389 corporales;

204 2402 333 2450 inter
377 2418 496 2465 quas
541 2402 841 2450 numeranda
886 2403 1034 2451 etiam
1079 2410 1154 2450 est
1190 2417 1319 2449 mors
1355 2399 1588 2447 secunda.

208 2477 500 2539 Quanquam
539 2478 669 2524 enim
699 2477 953 2542 Scriptura
990 2479 1140 2526 Sacra
1186 2475 1590 2525 resurrectionem

206 2551 429 2608 affirmet,
466 2551 597 2615 quod
637 2559 801 2600 tamen
845 2553 1062 2617 reprobis
1109 2552 1212 2600 vita
1249 2557 1439 2598 oeterna
1478 2565 1590 2612 pro·

207 2626 355 2673 missa
377 2626 455 2684 sit,
479 2643 716 2690 nusquam
738 2627 958 2691 legimus.
1029 2629 1077 2676 S.
1104 2627 1278 2675 Paulus
1300 2626 1344 2686 (l
1375 2625 1485 2673 Cor.
1510 2641 1589 2672 xv.

208 2706 289 2758 42,
308 2706 388 2758 43,
404 2702 490 2761 44)
514 2702 830 2764 quaestionem
853 2712 1085 2759 tractans,
1110 2703 1284 2766 quibus
1308 2700 1592 2763 corporibus

208 2774 558 2837 resurgendum
582 2775 660 2835 sit,
686 2792 880 2842 corpus,
904 2778 1076 2841 inquit,
1099 2777 1371 2825 seminatur
1407 2776 1457 2823 in
1482 2790 1591 2823 cor-

210 2849 456 2914 ruptione,
487 2857 663 2915 surget
704 2850 755 2899 in
793 2852 1163 2916 incorruptione
1177 2870 1194 2899 .·
1229 2850 1501 2898 seminatur
1541 2850 1592 2898 in
