1968 3236
419 212 514 254 422
743 220 811 252 Du
841 220 1097 253 elvrra'rn
1126 219 1484 252 cnms'mANA.

152 352 254 384 CM»,
277 354 388 386 xm,
423 332 699 379 monarchae
725 332 854 393 pleni
880 339 929 378 et
947 331 1144 393 integri.
1216 331 1390 393 Neque
1415 332 1464 378 in
1490 330 1688 378 civitate
1713 346 1813 378 non

173 408 372 486 mc
424 409 646 455 Romana
670 407 931 468 quicquam
953 414 1025 452 est
1044 406 1302 468 potestatis
1322 422 1608 453 concessum
1627 406 1816 454 homini

170 491 372 521 ‘eclesiasticm
424 491 642 539 externo,
663 498 822 544 neque
847 481 1096 528 archicum
1124 496 1278 543 neque
1304 482 1569 536 craticum;
1605 481 1692 529 sed
1705 489 1813 530 tan-

424 567 526 604 tum
554 557 865 604 didacticum.
939 557 1282 604 Obedientiam
1302 557 1431 604 enim
1452 573 1551 605 non
1575 566 1814 613 coactam,

424 633 508 679 sed
546 632 868 679 voluntariam
894 632 1072 695 accipit
1097 633 1244 680 Deus.

489 708 707 755 Tertium
746 716 819 754 est
856 716 1104 770 sumptum
1140 724 1199 754 ex
1236 709 1496 771 Cypriauo‚
1530 709 1614 772 qui
1648 709 1814 757 sedem

426 786 473 832 S.
501 784 630 831 Petri
656 784 1052 847 caput‚j'ontem‚
1079 784 1317 843 radicem,
1343 793 1392 832 et
1414 784 1566 832 solem
1581 785 1812 848 appellat,

425 860 552 906 unde
577 859 918 921 episcoporum
955 860 1228 907 authoritas
1271 860 1535 908 derivatur.
1605 860 1815 908 Videtur

428 934 749 981 Bellarminus
783 935 1077 996 quaestiones
1108 935 1232 997 juris
1267 935 1475 983 testibus
1499 935 1813 984 determinari

423 1027 521 1057 non
555 1010 733 1056 debere
773 1011 1038 1072 ignorasse.
1114 1011 1267 1074 Leges
1299 1019 1489 1059 naturae
1529 1013 1659 1075 (quae
1688 1012 1815 1075 Juris

425 1095 473 1131 et
519 1086 711 1148 injuriae
759 1085 1120 1148 distinguendae
1157 1087 1399 1150 principia
1439 1087 1642 1135 meliora
1681 1098 1812 1144 sunt,

423 1177 566 1223 quam
592 1160 850 1208 doctorum
875 1163 1043 1223 verba)
1072 1169 1241 1226 caput,
1259 1163 1479 1226 fontem,
1500 1163 1739 1221 radicem,
1763 1171 1815 1211 et

422 1236 587 1293 solem,
619 1236 747 1284 unde
778 1237 1054 1300 jurisdictio
1089 1238 1247 1286 omnis
1280 1238 1545 1297 derivatur,
1570 1238 1621 1286 in
1645 1239 1705 1287 iis
1729 1240 1815 1303 qui

424 1327 661 1359 summam
685 1312 735 1359 in
761 1313 1039 1361 civitatibus
1066 1314 1166 1362 suis
1190 1315 1373 1362 habent
1396 1321 1693 1377 potestatem
1717 1315 1814 1363 col-

423 1387 614 1441 locaut3
652 1396 702 1434 et
724 1388 931 1451 proinde
951 1389 1232 1451 jurisdictio
1251 1390 1539 1453 episcopalis
1564 1389 1815 1439 derivatur

425 1463 584 1510 omnis
611 1480 640 1510 a
661 1472 906 1526 potestate
932 1465 1076 1512 civili.

489 1539 844 1601 Argumentum
891 1550 1120 1603 quartum
1171 1542 1232 1588 ab
1284 1542 1613 1604 inaequalitate
1664 1543 1814 1590 sumit

418 1613 826 1675 jurisdictionum.
870 1617 1036 1680 lnquit
1059 1618 1206 1676 enim,
1226 1618 1266 1665 si
1276 1618 1668 1680 jurisdictionem
1685 1619 1813 1682 epis-

424 1689 556 1751 copis
581 1689 685 1736 aliis
710 1690 840 1738 Deus
866 1691 1081 1740 dedisset
1105 1692 1400 1749 immediate,
1426 1692 1642 1741 dedisset
1665 1693 1810 1742 etiam

418 1764 810 1825 jurisdictionem
834 1768 1095 1830 aequalem3
1131 1768 1354 1816 videmus
1378 1778 1558 1826 autem,
1584 1769 1704 1818 alios
1728 1786 1813 1834 op-

424 1839 523 1899 pidi
547 1841 691 1888 unius
716 1848 921 1901 tantum,
960 1844 1079 1891 alios
1116 1844 1407 1907 oppidorum
1454 1852 1667 1903 centum,
1691 1845 1813 1894 alios

423 1914 725 1978 integrarum
779 1919 1142 1980 provinciarum
1192 1920 1446 1983 episcopos
1493 1937 1598 1968 esse
1623 1941 1636 1975 ;
1690 1937 1812 1984 quas

424 1990 720 2040 differentias
743 2009 843 2041 non
867 1994 1162 2043 determinat
1185 1997 1388 2043 verbum
1413 1996 1520 2044 Dei.
1558 1996 1673 2045 Non
1697 2006 1813 2046 sunt

423 2081 539 2128 ergo
571 2068 936 2130 jurisdictiones
961 2087 1129 2118 eorum
1161 2087 1191 2118 a
1226 2071 1330 2118 Deo
1355 2071 1483 2119 datae
1518 2072 1810 2121 immediate.

427 2141 782 2205 Argumentum
806 2145 901 2193 hoc
925 2146 1133 2194 validius
1147 2147 1334 2205 fuisset,
1360 2147 1400 2195 si
1415 2148 1673 2210 probatum
1697 2148 1813 2197 fuis-

428 2225 502 2264 set
561 2226 690 2277 ante,
740 2220 1134 2282 jurisdictionem
1185 2222 1235 2270 in
1282 2223 1587 2271 Christianos
1643 2240 1813 2272 omnes

422 2292 743 2341 universalem
768 2294 995 2343 habuisse
1032 2297 1315 2360 episcopum
1352 2298 1643 2348 Romanum.
1714 2301 1812 2349 Sed

423 2383 579 2430 neque
620 2370 880 2431 probatum
920 2380 993 2418 est
1029 2381 1159 2430 ante,
1185 2390 1344 2437 neque
1368 2383 1480 2437 post
1501 2376 1701 2438 probari
1723 2393 1810 2440 po-

421 2442 550 2489 terit.
622 2444 886 2507 Cognitum
911 2447 1041 2494 enim
1067 2455 1139 2495 est
1169 2449 1558 2510 jurisdictionem
1597 2451 1810 2515 amplam

421 2516 566 2576 illam,
593 2535 737 2581 quam
763 2521 975 2568 habuere
1000 2523 1263 2592 pontifices
1279 2525 1505 2584 Romani,
1527 2525 1693 2574 datam
1716 2527 1811 2576 illis

421 2591 566 2640 fuisse
605 2595 666 2641 ab
705 2595 788 2642 illo
832 2596 915 2658 qui
955 2612 1066 2644 vere
1104 2598 1289 2657 habuit,
1314 2616 1490 2663 nempe
1528 2617 1558 2648 a
1587 2601 1809 2652 Romano

423 2667 729 2730 imperatore,
758 2671 840 2733 qui
865 2672 1029 2719 sedem
1055 2673 1243 2736 imperii
1274 2683 1322 2722 et
1356 2676 1605 2738 religionis
1628 2677 1809 2741 princi-

423 2743 577 2803 palem
605 2746 808 2793 eandem
834 2762 936 2794 esse
955 2748 1125 2795 voluit.
1212 2750 1410 2798 Habent
1443 2767 1560 2814 ergo
1592 2753 1807 2817 episcopi

425 2817 599 2878 singuli
634 2821 1022 2882 jurisdictionem
1060 2840 1195 2872 suam
1234 2826 1294 2872 ab
1327 2827 1629 2876 authoritate
1663 2828 1806 2888 illius,
