1910 3236
117 318 221 351 CAP.
238 318 287 350 11.

125 371 298 394 ..Ὗ-...κ

72 417 117 445 De
125 415 338 453 imaginatione.

359 173 416 216 lO
870 180 939 213 DE
968 179 1208 213 HOMINE.

352 294 650 359 imaginatio
681 293 764 341 illa
799 292 1072 357 composita
1104 298 1207 348 est;
1245 299 1295 339 et
1334 290 1457 339 nihil
1488 289 1623 338 aliud
1658 295 1733 337 est

352 378 531 435 praeter
553 371 843 454 figmentum
866 367 1032 416 animi
1102 367 1273 415 Multae
1304 367 1450 415 etiam
1480 366 1623 414 aliae
1611 382 1732 413 lma-

352 446 625 510 ginationes
649 445 699 492 in
723 443 1016 501 hominibus,
1043 443 1190 490 etiam
1214 443 1541 506 vigilantibus,
1567 441 1733 489 oriun-

353 529 434 569 tur
468 538 498 569 a
533 537 711 584 magna
745 519 1060 583 impressione
1095 519 1226 567 facta
1263 519 1533 567 sentiendo.
1604 517 1734 565 Nam

354 599 414 645 ab
440 598 630 645 intento
655 602 856 659 aspectu
877 595 928 642 in
952 595 1103 642 solem
1126 595 1418 658 relinquitur
1436 601 1551 642 ante
1567 593 1735 641 oculos

353 675 502 736 longo
526 679 635 736 post
654 680 873 734 tempore
889 671 1203 734 imaguncula
1217 672 1346 729 solis,
1366 671 1504 735 quasi
1519 669 1732 724 macula3

356 756 405 797 et
428 765 456 796 a
479 749 628 811 longa
653 755 701 795 et
725 747 1013 795 vehemente
1031 748 1303 795 attentione
1327 747 1390 794 ad
1413 748 1595 810 figuras
1618 761 1735 808 geo-

354 824 582 872 metricas
607 823 927 887 apparebunt,
965 823 1111 870 etiam
1146 823 1196 870 in
1228 822 1440 870 tenebris
1464 829 1513 870 et
1534 821 1738 884 vigilan-

355 901 501 958 tibus,
537 907 651 946 ante
684 899 850 946 oculos
888 898 1029 946 lineae
1066 898 1342 962 angulique.
1414 897 1560 946 Quod
1581 912 1736 960 genus

354 975 625 1039 phantasiae
649 991 711 1023 an
736 991 914 1022 nomen
948 975 1199 1038 proprium
1232 974 1412 1021 habeat
1434 989 1604 1032 necne,
1627 988 1738 1020 nes-

356 1052 460 1107 cio;
486 1067 597 1098 cum
613 1051 675 1098 sit
697 1066 774 1097 res
790 1050 849 1098 de
866 1067 962 1113 qua
975 1051 1195 1098 homines
1218 1066 1318 1098 11011
1336 1065 1463 1112 saepe
1479 1049 1737 1096 disserunt.

424 1126 803 1189 Imaginationes
828 1125 1174 1173 dormientium
1190 1134 1304 1173 sunt
1321 1125 1524 1172 somnia.
1575 1125 1739 1188 Atque

355 1205 462 1252 haec
486 1218 695 1266 (1110(1110,
721 1203 848 1250 sicut
872 1202 1245 1265 imaginationes
1281 1210 1487 1258 caeterae,
1518 1209 1633 1249 ante
1657 1216 1741 1248 ex-

357 1280 582 1335 titerunt,
605 1278 683 1325 vel
711 1278 916 1341 integrae
941 1278 1018 1326 vel
1041 1294 1128 1341 per
1158 1286 1339 1342 partes,
1364 1278 1416 1325 in
1450 1293 1609 1325 sensu.
1677 1277 1742 1324 Et

359 1354 590 1418 quoniam
622 1353 674 1401 in
711 1369 880 1401 somno
913 1354 1166 1401 cerebrum
1202 1362 1252 1402 et
1286 1354 1439 1412 nervi,
1482 1369 1592 1416 quae
1626 1359 1742 1400 sunt

360 1429 598 1478 sensionis
632 1445 816 1492 organa
847 1430 1138 1488 necessaria,
1171 1430 1242 1477 ita
1275 1430 1556 1493 stupefiunt‚
1588 1436 1647 1476 ut
1677 1429 1740 1477 ab

360 1505 554 1553 actione
578 1512 892 1552 externorum
916 1505 1220 1568 objectorum
1248 1506 1434 1552 moveri
1467 1504 1611 1552 facile
1641 1520 1742 1552 non

359 1581 569 1645 possint,
608 1579 958 1627 dormientibus
991 1580 1274 1642 contingere
1298 1579 1583 1642 imaginatio
1607 1579 1743 1627 nulla

361 1663 540 1721 potest,
566 1656 785 1718 adeoque
820 1655 1063 1703 somnium
1098 1655 1300 1714 nullum,
1337 1655 1430 1702 nisi
1466 1655 1598 1718 quod
1631 1671 1744 1718 pro-

363 1731 506 1780 cedat
539 1731 599 1778 ab
636 1730 903 1793 agitatione
941 1730 1156 1793 partium
1187 1730 1491 1778 internarum
1526 1730 1743 1793 corporis

363 1806 646 1862 sentientis3
684 1822 791 1869 quae
814 1813 976 1868 partes
1003 1805 1225 1864 internae,
1257 1812 1458 1869 propter
1482 1806 1744 1854 connexio-

363 1900 477 1932 nem
501 1899 612 1930 cum
643 1882 841 1929 cerebro
866 1881 1070 1943 aliisque
1102 1882 1312 1944 organis,
1345 1882 1632 1944 intemperie
1657 1898 1744 1930 sua

365 1958 627 2022 aliquando
653 1965 963 2005 commovent
987 1973 1187 2020 organa,
1206 1957 1489 2020 faciuntque
1513 1965 1567 2004 ut
1589 1958 1745 2020 phan-

367 2042 576 2083 tasmata
612 2040 725 2081 ante
761 2033 893 2080 facta
931 2041 1198 2096 appareant
1236 2040 1471 2095 tanquam
1507 2033 1744 2096 vigilanti.

369 2110 468 2160 Sed
508 2109 738 2173 quoniam
778 2124 963 2171 organa
1009 2124 1239 2156 sensuum
1285 2109 1480 2156 occlusa
1523 2125 1654 2157 nunc
1696 2108 1749 2156 in

368 2202 538 2234 somno
563 2192 919 2248 supponuntur,
943 2184 1013 2232 ita
1035 2192 1091 2232 ut
1128 2185 1375 2247 objectum
1409 2185 1543 2232 aliud
1565 2200 1748 2232 novum

367 2278 467 2310 non
496 2261 560 2310 sit
595 2260 727 2325 quod
764 2276 822 2308 ea
857 2261 1092 2308 offuscare
1127 2268 1308 2323 posset,
1346 2276 1545 2308 necesse
1581 2268 1658 2308 est
1691 2267 1749 2308 ut

368 2337 602 2387 somnium
627 2336 802 2384 clarius
827 2336 889 2384 sit
912 2336 963 2383 in
986 2336 1079 2384 hoc
1112 2352 1339 2384 sensuum
1364 2336 1576 2395 silentio,
1602 2352 1749 2399 quam

370 2420 484 2461 sunt
524 2411 894 2476 imaginationes
929 2411 1250 2474 vigilantium.
1320 2412 1483 2475 Atque
1518 2412 1632 2459 hinc
1674 2419 1750 2460 est

371 2488 503 2552 quod
540 2488 733 2535 difficile
771 2487 850 2546 sit,
889 2494 938 2536 et
973 2488 1138 2535 multis
1175 2487 1400 2535 videatur
1436 2488 1749 2551 impossibile,

369 2565 498 2612 inter
538 2579 733 2612 sensum
778 2571 830 2611 et
875 2563 1117 2611 somnium
1165 2562 1463 2626 distinguere
1504 2571 1748 2612 accurate.

369 2641 492 2703 Ego,
513 2639 703 2703 quoties
729 2638 983 2687 considero
1009 2637 1142 2701 quod
1165 2638 1214 2685 in
1230 2638 1429 2686 somniis
1444 2654 1604 2702 neque
1623 2655 1751 2703 saepe

371 2731 530 2778 neque
568 2722 850 2763 constanter
890 2713 1060 2761 eadem
1097 2713 1304 2776 objecta,
1342 2713 1464 2772 loca,
1503 2729 1751 2777 personas,

371 2791 684 2852 actionesque
726 2789 981 2852 imaginor,
1024 2805 1133 2851 quae
1168 2788 1402 2851 vigilans;
1450 2805 1611 2853 neque
1651 2796 1751 2838 tam
