1910 3236
550 609 576 639 Α
584 606 615 640 1)
642 605 1023 641 NOBILISSIMUM
1050 606 1221 642 VIRUM

782 717 987 746 »ommim

297 807 809 862 FRANCISCUM
852 809 1474 875 GODOLPHINUM,

429 950 685 989 EQUITEM
714 951 949 985 ORDINIS
978 952 1343 986 BALNEORUM.

164 1182 370 1230 FRATRI
395 1191 482 1230 tuo
519 1183 699 1231 Sidneo
724 1183 1048 1247 Godolphino,
1072 1184 1368 1232 nobilissime
1393 1183 1618 1241 Domine,

164 1274 400 1330 quantum
425 1266 698 1329 placuerint
721 1267 883 1315 studia
902 1283 1038 1323 mea;
1078 1276 1316 1331 quantum
1339 1268 1420 1315 ille
1443 1267 1618 1315 autho-

164 1349 312 1398 ritate
352 1349 526 1412 judicii
573 1350 645 1398 sui
684 1351 815 1414 apud
851 1352 981 1399 viros
1022 1352 1177 1399 bonos
1218 1368 1296 1399 me
1342 1352 1619 1406 ornaverit3

166 1442 350 1498 quanto
386 1434 596 1497 denique
634 1434 904 1483 durissimis
939 1437 1244 1500 temporibus
1273 1437 1512 1484 beneficio
1541 1451 1620 1483 me

165 1517 424 1581 adjuverit,
458 1518 562 1581 ipse
599 1519 746 1566 nosti.
832 1519 1174 1568 Commemoro
1215 1528 1396 1578 autem,
1427 1536 1530 1568 non
1564 1527 1621 1567 ut

166 1600 382 1649 favorem
405 1602 675 1650 amicorum
699 1603 935 1651 virtutem
966 1604 1142 1652 faciam
1178 1613 1355 1663 meam,
1387 1604 1474 1652 sed
1508 1603 1623 1667 quia

168 1685 383 1733 virorum
416 1686 775 1745 excellentium,
800 1687 956 1750 qualis
987 1688 1069 1736 ille
1098 1697 1220 1745 erat,
1245 1688 1453 1736 dilector
1484 1687 1622 1736 testi-

169 1769 361 1818 moniis,
430 1771 671 1819 Excelluit
709 1771 839 1819 enim
870 1772 946 1819 vir
979 1772 1060 1820 ille
1091 1773 1272 1821 virtute
1307 1773 1442 1821 omni
1477 1788 1622 1836 quam

168 1853 386 1917 postulat
415 1861 501 1902 aut
535 1855 695 1902 cultus
730 1854 938 1915 divinus,
970 1865 1055 1904 aut
1087 1858 1399 1907 commodum
1434 1859 1624 1922 patriae,

171 1945 258 1986 aut
278 1938 486 1986 societas
511 1938 684 1997 civilis,
708 1947 795 1987 aut
818 1940 1035 1988 amicitia
1059 1941 1349 2005 singularis;
1373 1943 1483 2007 pius
1507 1961 1626 2008 erga

171 2021 347 2080 Deum,
372 2022 594 2070 eruditus
626 2022 690 2070 ad
723 2039 911 2087 pacem,
935 2024 1078 2074 fortis
1113 2026 1176 2074 ad
1206 2027 1405 2086 bellum,
1430 2028 1481 2075 in
1509 2045 1626 2076 con-

170 2106 419 2170 gressibus
460 2107 721 2169 jucundus,
764 2108 816 2155 in
860 2109 1086 2158 amicitiis
1137 2111 1321 2159 firmus.
1408 2113 1625 2160 Honoris

173 2189 326 2254 igitur
347 2198 397 2238 et
418 2190 735 2253 gratitudinis
772 2207 920 2240 causa
951 2209 1068 2256 erga
1101 2194 1238 2242 illum
1273 2204 1323 2243 et
1355 2195 1627 2244 devotionis

173 2288 293 2336 erga
326 2273 553 2336 teipsum,
577 2281 843 2322 tractatum
871 2275 1003 2324 hunc
1036 2277 1098 2325 de
1123 2279 1369 2327 Potestate
1399 2279 1544 2327 Civili
1577 2288 1629 2327 et

174 2357 512 2406 Ecclesiastica
544 2358 795 2407 humiliter
821 2360 912 2408 tibi
946 2362 1098 2409 offero
1119 2362 1407 2427 dedicoque.
1477 2365 1550 2412 De
1574 2365 1629 2411 il-

174 2439 251 2500 lis,
269 2442 354 2505 qui
370 2441 610 2491 doctrinae
625 2459 770 2506 quam
795 2446 1015 2494 continet
1037 2446 1200 2495 favere
1214 2448 1525 2506 videbuntur,
1540 2449 1629 2496 ho-

177 2523 334 2573 mines
355 2527 512 2574 nostri
537 2527 655 2590 quid
678 2529 866 2576 sensuri
890 2530 1004 2588 sint,
1021 2538 1077 2578 ut
1099 2547 1231 2579 nunc
1256 2541 1369 2580 sunt
1391 2540 1628 2596 tempora,

178 2609 420 2658 incertum
443 2618 532 2659 est.
603 2612 731 2660 Nam
765 2614 894 2661 inter
922 2630 1179 2663 mucrones
1211 2617 1534 2679 pugnantium
1569 2617 1630 2665 de

180 2699 424 2756 potestate
461 2710 651 2744 summa
690 2713 789 2744 non
827 2697 969 2745 facile
1005 2707 1078 2746 est
1114 2699 1339 2747 incedere
1382 2700 1485 2748 sine
1524 2701 1631 2749 vul-

182 2790 313 2824 nere.
382 2777 589 2827 Causam
627 2788 792 2828 tamen
830 2797 918 2828 cur
951 2797 1064 2844 pars
1103 2784 1286 2829 utravis
1323 2794 1632 2832 succenseret

181 2859 318 2918 mihi,
342 2861 524 2909 nullam
558 2862 714 2911 video.
786 2864 921 2912 Quid
955 2865 1084 2912 enim
1122 2865 1264 2925 facio,
1303 2877 1629 2932 praeterquam
