1968 3236
383 254 479 297 358
701 263 772 295 DE
799 260 1053 295 clvlTATE
1082 260 1436 295 CHRISTIANA.

118 401 219 432 CAp,
240 400 351 432 xm,
383 392 590 439 namque
605 376 707 438 ejus
725 373 929 422 docendi
949 371 1157 435 sigillum
1175 389 1187 427 ;
1212 380 1261 420 et
1278 381 1384 420 erat
1402 372 1610 423 imitatio
1625 387 1757 436 quae-

138 454 334 533 W
386 453 496 501 dam
521 453 686 499 Mosis.
772 450 866 496 Hic
899 448 1027 496 enim
1056 448 1363 511 impositione
1386 464 1620 496 manuum
1642 462 1758 494 usus

136 539 337 568 ecclesiastica·
386 537 473 587 est,
498 545 605 576 cum
629 526 904 573 ministrum
927 540 1066 571 suum
1100 524 1332 571 Joshuam
1367 524 1540 572 ducem
1575 522 1759 571 exerci-

386 615 524 653 tuum
540 604 630 651 Dei
646 602 962 650 constitueret
978 621 990 655 ;
1015 607 1070 647 ut
1083 600 1244 663 legere
1260 609 1348 658 est,
1369 600 1513 647 Deut.
1529 599 1756 646 xxxiv.9:

386 681 464 728 Ae
487 677 829 740 Joslmafilz'us
854 676 970 723 Nun
984 675 1168 740 plenus
1192 682 1305 722 erat
1328 675 1541 740 spiritus
1565 673 1762 738 sapien-

388 756 507 809 tice;
542 771 652 801 nam
686 753 857 799 Moses
891 767 1059 799 manus
1086 766 1236 815 super
1267 750 1404 798 illum
1439 751 1760 815 imposuerat.

389 832 614 878 Servator
636 836 798 876 autem
832 839 1012 885 noster,
1043 828 1170 875 inter
1193 826 1598 874 resurrectionem
1621 841 1761 873 suam

388 915 435 955 et
459 905 849 968 assumptionem,
875 903 1097 966 spiritum
1122 919 1262 950 suum
1294 902 1502 950 contulit
1535 902 1586 949 in
1620 917 1763 964 apos-

387 983 527 1040 tolos,
551 982 761 1044 primum
790 980 836 1040 (J
841 979 919 1026 oh.
943 995 1022 1026 xx.
1043 979 1128 1038 22)
1157 977 1386 1041 spirando
1411 976 1461 1024 in
1479 993 1575 1036 eos,
1601 977 1766 1024 dicen-

391 1059 546 1120 doque
570 1056 787 1120 aecipiz‘e
812 1055 1055 1118 Spiritum
1076 1055 1310 1101 Sanctum
1329 1072 1347 1108 ;
1383 1061 1434 1100 et
1450 1059 1621 1116 postea
1633 1052 1763 1112 (Act.

391 1135 438 1180 ii.
460 1140 505 1190 2,
522 1134 568 1194 3)
593 1148 703 1179 cum
722 1132 823 1194 jam
847 1139 1121 1193 assumptus
1146 1136 1270 1177 esset
1294 1130 1344 1176 in
1370 1129 1564 1189 coelum,
1587 1128 1766 1176 immit-

391 1209 538 1256 tendo
558 1208 607 1255 in
631 1207 737 1255 illos
755 1208 942 1270 flatum
965 1206 1235 1264 violentem,
1261 1212 1310 1253 et
1335 1205 1637 1269 dispertitas
1672 1203 1764 1251 lin-

389 1301 521 1349 guas
550 1285 711 1331 instar
747 1283 913 1348 ignis:
949 1283 1033 1330 sed
1057 1298 1226 1329 manus
1252 1282 1344 1329 illis
1380 1297 1480 1328 non
1519 1279 1768 1344 imposuit,

393 1361 516 1407 sicut
538 1376 628 1407 nec
654 1360 780 1407 Mosi
796 1360 939 1406 Deus.
995 1359 1122 1406 Dum
1142 1374 1258 1421 ergo
1282 1357 1416 1404 nulla
1440 1366 1569 1404 esset
1593 1355 1767 1404 civitas

395 1436 681 1493 Christiana,
708 1451 914 1498 quorum
945 1434 1197 1482 hominum
1229 1440 1333 1481 erat
1366 1440 1580 1496 potestas
1615 1431 1770 1479 eccle-

396 1511 587 1559 siastica
620 1510 930 1558 manifestum
966 1517 1054 1568 est,
1090 1525 1263 1572 nempe
1288 1508 1638 1572 apostolorum,
1663 1507 1770 1555 illo-

397 1602 599 1648 rumque
637 1586 810 1648 quibus
850 1586 910 1633 ab
948 1584 1180 1648 apostolis
1213 1600 1302 1647 per
1325 1599 1556 1631 manuum
1580 1598 1771 1631 succes-

401 1663 552 1710 sivam
575 1661 929 1723 impositionem
945 1676 1175 1709 concessa
1198 1667 1302 1707 erat
1323 1680 1334 1712 ;
1363 1659 1523 1718 etiam,
1547 1665 1603 1706 ut
1620 1666 1772 1707 tantae

400 1737 629 1800 potestati
647 1736 806 1783 idonei
831 1745 1006 1795 essent,
1031 1737 1082 1783 in
1102 1735 1295 1783 eosdem
1322 1735 1529 1797 Spiritus
1550 1734 1774 1792 Sanctus,

406 1812 488 1876 qui
512 1821 561 1858 et
585 1811 883 1858 Paraclelus
908 1811 1101 1870 dicitur,
1127 1810 1269 1862 simul
1293 1810 1496 1857 collatus
1515 1817 1606 1856 est.

470 1886 737 1934 Cardinalis
771 1887 1103 1946 Bellarminus,
1139 1887 1189 1934 in
1213 1886 1547 1934 controversia
1569 1900 1656 1932 sua
1689 1900 1775 1948 ge-

406 1962 556 2010 nerali
590 1961 749 2019 tertia,
787 1963 1077 2023 quaestiones
1112 1962 1506 2026 multasgtractat
1539 1961 1670 2008 circa
1691 1977 1782 2024 po-

406 2043 634 2085 testatem
658 2036 1028 2084 ecclesiasticam
1062 2037 1306 2100 pontificis
1339 2036 1564 2084 Romani.
1649 2036 1784 2085 Qua-

407 2128 516 2159 rum
539 2112 694 2174 prima
726 2119 812 2169 est,
839 2128 901 2159 an
930 2122 1143 2175 potestas
1161 2113 1250 2160 ,illa
1273 2111 1588 2160 monarchia-11
1613 2111 1691 2171 sit,
1721 2128 1786 2160 an

411 2188 785 2246 aristocratica,
827 2204 888 2236 an
925 2190 1261 2239 democratia-a
1279 2209 1296 2237 .·
1339 2206 1448 2253 quae
1487 2198 1788 2253 potestatum

413 2265 595 2328 species
628 2263 830 2326 singulae
865 2281 1063 2313 summae
1098 2275 1226 2324 sunt,
1253 2266 1604 2329 continentque
1627 2274 1790 2329 potes-

413 2347 564 2388 tatem
589 2339 872 2387 coercivam.
944 2341 995 2387 Si
1031 2342 1130 2403 jam
1165 2342 1459 2405 apparuerit,
1493 2349 1791 2404 potestatem

416 2415 686 2463 coercivam
702 2415 794 2462 illis
819 2431 848 2462 a
873 2415 1126 2464 Servatore
1146 2427 1314 2465 nostro
1332 2417 1552 2464 relictam
1570 2432 1674 2464 esse
1689 2415 1795 2463 nul-

418 2491 529 2549 lam,
555 2489 639 2537 sed
673 2498 965 2553 potestatem
997 2500 1186 2539 tantum
1222 2491 1524 2556 praedicandi
1547 2492 1795 2540 Christum

419 2581 607 2628 regem;
633 2564 1049 2628 persuadendique
1072 2575 1126 2613 ut
1148 2583 1300 2630 reguo
1317 2570 1421 2631 ejus
1440 2567 1661 2616 homines
1681 2567 1796 2614 sub-

420 2640 611 2688 mittere
652 2656 702 2687 se
736 2639 945 2693 velleut3
982 2643 1333 2705 praeceptisque
1358 2651 1408 2690 et
1432 2642 1634 2691 consilio
1659 2650 1796 2690 recto

423 2715 627 2762 docendi
664 2730 762 2772 eos>‚
787 2714 872 2776 qui
894 2715 1246 2775 submitterent,
1283 2718 1400 2780 quid
1422 2718 1642 2766 facerent
1663 2726 1720 2766 ut
1747 2718 1800 2765 in

424 2805 627 2851 regnum
669 2791 758 2838 Dei
801 2789 1019 2837 futurum
1058 2792 1391 2854 reciperentur
1412 2814 1423 2848 ;
1471 2802 1521 2842 et
1556 2793 1801 2857 apostolos

425 2864 639 2927 aliosque
663 2865 724 2913 ab
739 2864 830 2912 illis
852 2864 1100 2926 Evangelii
1120 2866 1365 2915 ministros
1379 2868 1696 2933 imperatores
1715 2883 1801 2916 no-
