1968 3236
122 372 224 405 CAP.
243 372 368 405 XLIV.

159 428 348 449 »Ὓῌ

142 472 188 500 Dc
201 474 329 502 tenebris

141 516 343 552 spiritualibus

141 559 178 586 ab
190 559 359 598 interpreta-

140 602 219 631 tione
229 613 287 631 non
297 608 376 632 rectu

142 645 367 684 Scripturarum.

405 229 501 280 472
740 242 810 273 DE
839 240 1029 273 REGNo
1056 237 1462 272 TENEBRARUM.

409 351 585 411 (Marc.
610 367 656 398 x.
679 356 759 407 38,
785 359 836 398 et
859 351 975 397 Luc.
1003 349 1086 397 xii.
1128 349 1233 410 50.)
1271 365 1360 412 pro
1398 349 1707 396 immersione
1742 349 1796 397 in

405 427 719 489 sanguinem3
756 433 811 472 ut
837 425 1058 472 Christus
1082 425 1133 472 in
1157 440 1302 472 cruce
1333 425 1608 487 baptizatus
1632 432 1722 483 est,
1746 433 1799 473 et

404 502 611 565 apostoli
651 503 756 564 ejus
795 509 1050 563 martyres.
1122 500 1220 548 Sed
1258 500 1430 558 oratio,
1451 500 1709 564 jejunium,
1745 509 1799 548 et

404 577 724 640 eleemosyna,
765 575 883 639 quid
924 591 1185 623 commune
1222 575 1411 623 habent
1447 591 1560 623 cum
1598 575 1797 623 immer-

405 652 571 700 sione?
624 651 773 700 Quod
807 651 1058 699 Johannes
1098 651 1326 715 Baptista
1350 650 1469 698 dicit
1493 651 1553 698 de
1582 649 1798 709 Christo,

409 728 609 789 (Matth.
647 727 714 775 iii.
761 734 777 774 l
797 730 837 788 l)
858 744 869 774 ε
915 727 1026 791 ipse
1066 744 1151 774 vos
1188 726 1470 791 baptizabit
1509 727 1561 773 in
1596 725 1798 789 Spiritu

405 803 590 851 Sancto
615 810 665 850 et
701 803 834 866 igne,
859 819 956 850 non
979 803 1042 851 ad
1075 803 1417 867 purgatorium
1456 802 1685 866 pertinet,
1711 802 1799 850 sed

404 879 467 927 ad
487 895 544 926 ea
563 879 645 941 qui
666 879 900 926 dicuntur
919 879 1088 927 Actor.
1104 880 1153 927 ii.
1175 885 1228 927 3:
1254 886 1304 926 et
1323 885 1674 943 apparuerunt
1690 878 1798 925 illis

405 955 692 1018 dispertita?
717 954 904 1019 linguae
928 962 1176 1019 tamquam
1201 956 1340 1020 ignis
1355 973 1375 1002 .·
1411 955 1643 1003 nimirum
1667 954 1800 1017 quod

404 1030 714 1093 prophetavit
736 1030 986 1078 Johannes
1019 1031 1245 1094 Baptista
1268 1031 1451 1079 Matth.
1470 1030 1539 1077 iii.
1566 1035 1641 1089 ll,
1666 1046 1798 1078 com-

405 1107 589 1170 pletum
614 1114 721 1154 erat
743 1106 914 1154 Actor.
934 1106 983 1154 ii.
1011 1113 1057 1155 3.

474 1181 712 1244 Baptismi
735 1198 826 1245 pro
851 1183 1056 1230 mortuis
1081 1182 1536 1246 interpretationem
1554 1182 1698 1230 aliam
1716 1181 1801 1230 ad-

407 1258 519 1315 fert,
561 1273 754 1320 nempe,
781 1258 988 1305 eandem
1027 1255 1173 1321 qu'am
1210 1274 1302 1322 ego
1343 1273 1491 1321 supra
1529 1257 1712 1305 adduxi
1744 1265 1802 1306 ut

408 1333 835 1381 verisimillimam:
874 1342 924 1381 et
948 1334 1200 1382 concludit
1230 1334 1345 1382 inde
1380 1333 1678 1397 precationis
1710 1349 1801 1398 pro

406 1411 610 1456 mortuiS
652 1410 931 1458 utilitatem.
1026 1410 1279 1472 Siquidem
1321 1410 1451 1458 enim
1497 1410 1548 1457 in
1593 1425 1800 1473 regnum

408 1484 588 1532 Christi
612 1486 763 1549 recipi
797 1494 909 1549 post
948 1487 1355 1535 resurrectionem
1378 1493 1585 1549 possunt
1607 1485 1694 1546 illi,
1718 1486 1803 1548 qui

406 1575 584 1607 nomen
611 1561 792 1609 Christi
817 1578 916 1610 non
941 1562 1218 1621 audierunt,
1242 1570 1328 1609 aut
1350 1562 1401 1609 in
1426 1577 1538 1609 eum
1571 1577 1673 1609 non
1695 1577 1802 1609 cre-

409 1634 669 1691 diderunt;
706 1637 881 1685 inutile
905 1654 1005 1686 non
1022 1647 1149 1686 esset
1166 1648 1223 1686 ut
1243 1654 1413 1686 eorum
1431 1637 1576 1685 amici
1598 1653 1690 1701 pro
1707 1636 1805 1685 illis

406 1720 737 1774 precarentur.
791 1715 943 1778 Atqui
962 1730 1193 1762 concesso
1217 1714 1323 1761 fieri
1346 1729 1502 1776 posse,
1526 1720 1583 1761 ut
1605 1712 1668 1760 ad
1690 1727 1804 1776 pre-

407 1803 487 1835 ces
510 1789 728 1836 fidelium
755 1789 949 1853 aliquos
973 1807 1145 1838 eorum
1170 1797 1429 1838 convertat
1447 1789 1596 1847 Deus,
1626 1787 1804 1851 quibus

409 1865 715 1928 evangelium
731 1866 1008 1914 inauditum
1027 1867 1203 1923 fuerat,
1220 1866 1400 1929 quique
1415 1865 1622 1928 proinde
1639 1863 1805 1912 Chris·

407 1950 511 1987 tum
559 1941 786 2003 rejecisse
826 1958 926 1990 non
975 1949 1270 2005 potuerunt;
1322 1940 1551 2004 quodque
1589 1939 1805 1987 charitas

409 2016 656 2062 orantium
680 2032 770 2079 pro
794 2017 888 2064 illis
921 2017 1214 2081 reprehendi
1236 2032 1337 2064 non
1359 2016 1515 2080 possit
1535 2035 1546 2063 ε
1582 2015 1705 2063 nihil
1728 2024 1804 2063 ta-

407 2107 518 2138 men
542 2091 662 2139 facit
685 2092 781 2140 hoc
816 2109 905 2156 pro
929 2094 1231 2156 purgatorio.
1301 2092 1452 2140 Aliud
1475 2092 1606 2140 enim
1629 2099 1703 2139 est
1725 2107 1803 2139 re-

406 2182 604 2230 surgere
629 2183 658 2214 a
683 2176 842 2215 morte
867 2168 930 2215 ad
954 2169 1121 2228 vitam,
1146 2168 1279 2216 aliud
1302 2183 1559 2231 resurgere
1579 2183 1608 2215 a
1623 2183 1804 2230 purga-

407 2242 534 2289 torio
559 2242 622 2289 ad
645 2243 812 2290 vitam.
882 2244 970 2291 Est
993 2244 1123 2292 enim
1156 2244 1252 2292 hoc
1275 2259 1531 2307 resurgere
1562 2259 1592 2291 a
1612 2242 1718 2291 vita
1739 2243 1803 2291 ad

409 2316 571 2375 vitam,
598 2334 790 2381 nempe,
817 2336 847 2366 a
869 2319 972 2367 vita
993 2320 1172 2368 misera
1194 2320 1257 2368 ad
1284 2320 1436 2367 vitam
1459 2319 1668 2367 felicem.

475 2393 631 2440 Locus
663 2402 868 2456 quartus
904 2402 976 2443 est
1012 2396 1192 2443 Matth.
1217 2412 1262 2443 v.
1290 2402 1370 2454 25,
1396 2401 1459 2443 26
1483 2414 1495 2448 :
1533 2394 1664 2442 Esto
1687 2411 1803 2443 eon-

404 2468 622 2515 sentiens
647 2470 946 2517 adversario
973 2476 1055 2517 tuo
1075 2471 1194 2527 cito,
1210 2471 1323 2518 (lum
1342 2488 1397 2518 es
1416 2470 1466 2518 in
1485 2472 1568 2519 via
1587 2486 1694 2518 cum
1712 2487 1770 2518 eo
1788 2488 1800 2518 ε

404 2561 463 2591 ne
491 2545 646 2607 forte
682 2546 859 2593 tradat
896 2553 945 2594 te
979 2547 1311 2595 adversarius
1339 2547 1528 2610 judic-i,
1563 2554 1614 2595 et
1636 2548 1802 2611 Judex

406 2619 584 2666 tradat
604 2627 652 2667 te
672 2620 917 2679 ministro,
942 2628 992 2668 et
1018 2622 1068 2668 in
1095 2639 1348 2670 carcerem
1372 2622 1617 2670 mittaris:
1645 2623 1801 2670 Amen

407 2694 521 2740 dico
550 2695 657 2754 tibi,
674 2712 768 2742 non
793 2697 933 2744 exies
959 2696 1089 2755 inde,
1110 2697 1266 2745 donee
1282 2698 1473 2745 reddas
1489 2698 1801 2746 novissimum

406 2769 755 2830 quadra-utem.
794 2771 850 2818 In
878 2788 974 2835 qua
997 2771 1245 2835 allegoria,
1266 2773 1348 2835 qui
1367 2773 1642 2836 proximum
1658 2773 1802 2832 laesit,

407 2852 479 2889 cst
492 2851 736 2906 pecc-ater
752 2846 941 2908 ;j1edex
963 2846 1189 2910 idemque
1206 2848 1547 2906 adversarius,
1556 2857 1629 2897 est
1646 2849 1799 2897 Deus:
