1968 3236
667 200 736 233 nn
764 199 1032 234 mvnuvrn.
1452 186 1540 229 195

172 310 334 361 vocari
360 311 625 369 consuevit,
646 311 898 359 consilium
921 318 1109 358 rectum
1130 325 1190 356 ne
1221 307 1411 371 sapiens
1437 307 1543 371 qui·
1578 330 1679 362 eff,
1696 329 1808 362 xxv,

174 377 286 436 dein
308 386 423 434 dare
446 386 614 450 possit.
1598 382 1787 454 m

241 462 444 519 Quinto,
476 461 769 519 monarchae,
808 462 887 509 cui
923 459 1181 508 consiliarii
1210 466 1339 517 sunt,
1376 457 1544 506 audire

175 537 283 586 illos
318 538 468 585 satius
505 546 578 585 est
613 538 813 585 seorsim
859 551 1266 599 unumquemque,
1308 550 1455 598 quam
1494 534 1545 582 in

175 620 308 661 coetu
341 622 559 660 cunctos.
647 613 773 660 Nam
810 613 1007 660 seorsim
1042 610 1258 674 singulos
1291 610 1547 669 audiendo,

176 687 429 736 consilium
445 687 706 735 multorum
724 688 889 743 habet;
915 695 1095 735 coetum
1115 694 1277 734 autem
1290 684 1547 744 audiendo,

177 763 319 811 unius
341 770 548 811 tantum.
619 764 657 810 C
663 772 787 811 oetus
810 764 937 811 enim
961 778 1169 826 persona
1190 777 1288 809 una
1302 769 1391 819 est,
1410 762 1548 824 cujus

178 838 395 886 membra
417 855 514 886 non
540 855 598 886 ex
622 855 710 886 suo
734 839 947 902 ipsorum
971 854 1130 895 sensu,
1154 836 1240 885 sed
1262 853 1321 884 ex
1343 836 1549 884 aliorum

178 913 468 977 eloquentia,
484 914 559 960 vel
582 914 816 977 potentia,
839 914 916 961 vel
934 913 1145 961 amicitia
1163 911 1453 960 sententiam
1476 911 1551 959 di-

179 997 313 1047 cunt,
337 1004 443 1036 eam
467 989 743 1052 aliquando,
767 1006 828 1037 ne
863 988 1046 1053 ingenii
1068 988 1195 1036 tardi
1226 1003 1330 1035 esse
1351 987 1550 1035 videan-

180 1071 277 1122 tur,
301 1079 446 1127 quam
479 1080 576 1111 non
618 1064 909 1128 intelligunt.
980 1063 1177 1111 Plurimi
1214 1063 1360 1110 etiam
1383 1078 1550 1110 eorum

181 1138 436 1187 commodo
459 1155 545 1186 suo
563 1139 808 1202 publicum
824 1146 1139 1203 postponunt.
1209 1138 1371 1196 Quod,
1386 1138 1425 1186 si
1444 1154 1554 1186 sen-

181 1214 358 1262 tentias
382 1215 583 1262 seorsim
606 1214 707 1261 sine
730 1215 934 1262 testibus
958 1213 1136 1272 dicant,
1159 1213 1319 1260 minus
1353 1213 1553 1260 noxium

182 1297 270 1337 oet.
340 1289 588 1337 Passiones
622 1290 750 1337 enim
774 1290 1024 1338 hominum
1047 1287 1365 1351 singularium
1387 1288 1555 1336 mode-

182 1364 384 1412 ratiores
401 1372 515 1412 sunt
529 1380 616 1427 per
634 1380 701 1423 se,
721 1381 867 1428 quam
885 1365 935 1412 in
953 1373 1100 1422 coetu,
1115 1364 1235 1423 (non
1249 1363 1390 1410 aliter
1409 1379 1555 1426 quam

182 1448 339 1487 torres
353 1439 495 1502 igniti
518 1439 744 1502 disjuncti
769 1455 913 1502 quam
932 1438 1139 1486 conferti
1162 1438 1322 1485 minus
1341 1437 1555 1499 ardent),

185 1514 269 1563 ubi
300 1530 351 1562 se
384 1530 732 1577 nonnunquam
759 1515 879 1562 flatu
912 1514 1154 1561 rhetorico
1185 1513 1247 1560 ad
1279 1513 1558 1560 incendium

184 1589 395 1639 civitatis
428 1597 598 1637 mutuo
634 1589 950 1637 inflammant.
1021 1589 1263 1636 Praeterea
1295 1589 1559 1636 sententia-

184 1681 308 1725 rum,
333 1681 450 1729 quas
474 1665 644 1713 dicunt
671 1665 887 1724 seorsim,
905 1665 1118 1712 rationes
1150 1663 1339 1712 facilius
1376 1663 1558 1711 exami-

185 1749 381 1799 nantur,
405 1756 549 1804 quam
573 1741 624 1788 in
658 1748 803 1799 coetu,
840 1740 924 1788 ubi
964 1739 1226 1787 multitudo
1267 1747 1318 1787 et
1349 1739 1557 1787 varietas

186 1816 460 1866 orationum
478 1815 724 1864 auditores
741 1823 934 1880 stupere
947 1816 1110 1879 potius
1126 1831 1271 1878 quam
1289 1815 1558 1878 intelligere

185 1890 388 1940 faciunt.
423 1891 658 1939 Nonnulli
675 1892 821 1939 etiam
839 1899 968 1949 sunt,
985 1890 1083 1954 qui,
1099 1906 1210 1938 cum
1229 1898 1560 1938 convocantur

14 2011 20 2018 .
68 2004 89 2034 ζ
186 1965 252 2015 ad
273 1967 543 2025 consilium,
562 1966 798 2015 doctrinae
820 1976 906 2014 aut
928 1965 1219 2029 eloquentiae
1242 1965 1422 2013 famam
1446 1981 1561 2028 cap-

10 2039 12 2042 ’
29 2034 32 2038 ’
186 2041 432 2101 tantes,ad
445 2058 504 2090 ea
517 2058 626 2106 quae
639 2041 969 2090 deliberantur
984 2041 1354 2104 impertinenter
1369 2040 1560 2095 dicunt;

109 2130 111 2132 ·
190 2116 320 2181 quod
339 2117 390 2165 in
410 2117 611 2165 consilio
634 2117 777 2165 unius
795 2117 857 2165 ad
878 2133 1027 2164 unum
1050 2116 1157 2164 fieri
1175 2132 1274 2164 non
1290 2123 1469 2180 potest.
1506 2117 1564 2164 In

190 2190 616 2240 deliberationibus
642 2192 850 2256 denique
867 2208 976 2256 quae
994 2191 1201 2240 tacenda
1224 2198 1353 2250 sunt,
1378 2207 1490 2239 cum
1512 2191 1563 2238 in

26 2300 35 2331 3
61 2287 101 2331 3?
190 2274 321 2315 coetu
357 2267 612 2316 sententiae
648 2267 877 2316 dicuntur
909 2267 1085 2331 palam,
1113 2267 1383 2331 periculum
1406 2275 1479 2314 est
1502 2281 1564 2314 ne

60 2341 93 2370 f
189 2340 411 2391 hostibus
426 2343 674 2406 patefiant.

258 2417 521 2475 Postremo,
559 2433 703 2466 nemo
740 2424 814 2465 est
850 2417 934 2480 qui
968 2417 1019 2465 in
1051 2417 1196 2464 rebus
1239 2416 1338 2464 suis
1364 2415 1566 2479 privatis

194 2492 577 2541 consiliariorum
609 2500 739 2540 coetu
771 2492 980 2540 libenter
1005 2492 1080 2540 uti
1103 2491 1264 2549 vellet,
1289 2505 1568 2552 quanquam

196 2565 248 2615 id
267 2566 408 2616 facile
429 2576 606 2631 posset.
665 2567 717 2616 Si
741 2567 988 2615 dubitaret
1004 2565 1349 2631 paterfamilias
1368 2564 1447 2612 cui
1462 2565 1568 2613 viro

194 2640 343 2691 filiam
367 2642 520 2701 daret,
555 2658 701 2706 quam
722 2657 924 2690 uxorem
945 2642 1046 2689 filio
1070 2647 1296 2698 sumeret,
1321 2639 1496 2703 quibus
1519 2647 1570 2687 et

196 2717 364 2780 quanti
386 2717 568 2766 locaret
593 2733 754 2781 agros,
774 2733 919 2781 quem
932 2732 1254 2773 oeconomum,
1280 2730 1424 2778 quem
1445 2714 1571 2762 villi-

202 2805 315 2840 cum
335 2791 427 2841 sibi
448 2792 648 2850 faceret,
670 2808 702 2840 a
733 2791 1119 2841 consiliariorum
1154 2799 1287 2839 coetu
1319 2804 1571 2852 nunquam

1320 2877 1354 2913 0
1374 2880 1395 2911 2

30 3053 63 3145 2¹‘'''⁵‘<*·¹'
31 2859 65 3035 ’Ἡ-Ῥῗῖἑὲᾲθέὖῒ
46 2795 54 2807 <¹
58 2763 59 2768 „
55 2731 61 2739 ῃ

69 3104 71 3107 -
71 3038 74 3039 ,
66 2942 75 2954 η
62 2867 78 2923 quw<
67 2843 70 2845 ›
68 2764 74 2770 .„
61 2736 67 2740 ⁴
