1968 3236
55 331 156 363 CAP.
177 331 277 364 XXI.

76 387 262 407 s——sf-——d

323 188 412 231 166
833 195 902 228 DE
930 194 1203 228 CIVITATE.

319 319 452 366 tione
489 333 598 380 quae
633 316 921 379 intelligitur
958 332 1017 363 ex
1046 316 1144 363 fine
1177 316 1494 364 institutionis
1532 316 1702 364 civilis.

76 427 265 455 mmmm
323 392 533 442 Quando
557 408 673 455 ergo
694 392 887 454 negatio
909 392 1201 439 obedientiae
1216 393 1364 439 finem
1383 392 1704 440 institutionis

78 470 193 498 civium.

322 468 530 516 civitatis
554 467 850 514 frustaneam
874 467 1008 524 facit,
1034 467 1233 514 libertas
1273 467 1530 515 recusandi
1572 467 1707 515 nulla

322 553 395 592 est
415 565 427 600 ;
464 543 643 605 alioqui
667 542 893 589 libertate
918 559 1005 589 sua
1027 542 1239 589 naturali
1263 542 1336 589 uti
1359 551 1537 605 potest.

389 621 575 682 Itaque,
600 619 639 666 si
664 619 770 681 quis
796 619 1027 681 jubeatur
1051 626 1225 665 contra
1243 618 1434 665 hostem
1456 618 1716 681 publicum·

321 711 555 760 pugnare,
594 710 887 757 quanquam,
920 694 960 741 si
995 701 1203 752 recuset,
1227 694 1459 756 potestati
1501 710 1707 741 summae

321 769 555 834 puniendi
579 785 691 817 eum
714 786 812 817 non
833 769 958 817 desit
969 771 1065 832 jus,
1090 776 1253 832 potest
1267 777 1431 816 tamen
1447 769 1708 833 aliquando

322 847 424 894 sine
450 844 690 908 injustitia
713 860 967 899 recusare;
997 853 1054 891 ut
1089 845 1284 907 quando
1313 845 1461 892 alium
1502 845 1710 892 militem

323 939 421 970 non
447 922 606 968 minus
631 921 859 969 idoneum
876 921 1152 974 substituit;
1179 928 1297 967 tunc
1314 921 1443 968 enim
1459 920 1709 968 civitatem

324 1014 423 1046 non
440 997 634 1045 deserit.
706 997 962 1055 Praeterea,
979 1013 1008 1044 a
1024 1012 1212 1044 summo
1228 997 1338 1059 jure
1355 995 1710 1044 detrahendum

324 1082 399 1122 est
422 1073 609 1137 aliquid
640 1081 841 1137 propter
866 1073 1172 1136 quorundam
1196 1072 1452 1120 hominum
1475 1071 1711 1120 timidita-

323 1158 424 1199 tem
456 1150 746 1209 naturalem,
777 1165 875 1196 non
923 1149 1078 1197 solum
1118 1148 1431 1203 feminarum,
1468 1163 1497 1195 a
1535 1146 1712 1210 quibus

326 1226 484 1274 officia
527 1226 654 1273 tanti
693 1224 899 1289 periculi
944 1240 1195 1287 nunquam
1241 1230 1577 1286 expectantur,
1626 1221 1713 1270 sed

327 1303 474 1351 etiam
492 1302 708 1350 virorum
728 1301 901 1364 quibus
916 1300 1106 1348 animus
1120 1299 1382 1347 femininus
1401 1308 1490 1347 est.
1543 1299 1713 1347 Quan-

328 1379 390 1427 do
414 1378 635 1442 praelium
661 1377 998 1435 committitur,
1023 1375 1141 1438 fuga
1186 1375 1385 1423 tandem
1420 1375 1478 1422 fit
1517 1375 1578 1422 ab
1614 1389 1714 1421 una

326 1454 405 1502 vel
435 1454 589 1501 altera
624 1459 793 1517 parte;
833 1452 873 1499 si
916 1460 1081 1499 tamen
1115 1467 1215 1499 non
1246 1467 1276 1498 a
1314 1450 1534 1513 perfidia,
1559 1449 1645 1498 sed
1683 1465 1714 1497 a

326 1538 463 1578 metu
485 1529 603 1593 fuga
626 1529 796 1587 oritur,
821 1544 921 1576 non
955 1527 1138 1590 injuste
1159 1526 1328 1590 fugere
1353 1526 1599 1584 dicuntur,
1625 1525 1712 1573 sed

328 1605 537 1669 turpiter
558 1604 636 1652 vel
659 1604 931 1652 inhoneste.
1004 1603 1209 1666 Propter
1224 1602 1429 1650 eandem
1451 1602 1711 1659 rationem,

331 1681 372 1728 si
397 1681 503 1744 quis
526 1680 748 1743 praelium
773 1686 979 1726 conetur
1003 1677 1200 1735 evitare,
1226 1677 1465 1740 injustitia
1488 1693 1588 1724 non
1621 1683 1711 1734 est,

331 1756 417 1804 sed
439 1755 647 1819 ignavia.
717 1755 1051 1802 Veruntamen
1069 1753 1152 1815 qui
1166 1753 1372 1800 militem
1396 1769 1447 1800 se
1472 1752 1712 1800 conscribi

325 1829 764 1894 jubet,timiditatis
778 1828 1013 1877 naturalis
1029 1827 1392 1876 excusationem
1406 1827 1581 1890 perdit,
1591 1827 1714 1875 obli-

330 1914 571 1970 gaturque
590 1922 689 1953 non
712 1904 859 1953 modo
883 1903 1103 1968 praelium
1129 1903 1268 1961 inire,
1294 1903 1379 1951 sed
1395 1904 1542 1951 etiam
1559 1903 1713 1951 invito

331 1982 535 2030 ductore
559 1997 646 2029 suo
670 1997 770 2028 non
802 1980 986 2044 fugere.
1061 1978 1271 2028 Quando
1296 1985 1457 2026 autem
1496 1978 1714 2026 defensio

332 2057 541 2105 civitatis
559 2057 737 2104 civium
770 2055 913 2103 simul
948 2055 1165 2103 omnium
1187 2070 1285 2102 uno
1317 2061 1365 2102 et
1396 2053 1567 2102 eodem
1590 2062 1715 2101 tem-

331 2149 449 2197 pore
473 2131 707 2180 auxilium
728 2131 962 2196 postulat,
994 2130 1342 2193 unusquisque,
1368 2130 1450 2193 qui
1473 2130 1551 2178 vel
1578 2146 1716 2178 arma

331 2217 523 2272 gestare
546 2215 710 2272 potest
731 2207 808 2255 vel
826 2207 890 2254 ad
911 2206 1168 2254 victoriam
1193 2206 1378 2268 aliquid
1402 2207 1716 2269 quantulum-

334 2300 524 2348 cunque
562 2283 886 2339 contribuere,
910 2282 974 2330 ad
1014 2281 1239 2328 militiam
1277 2281 1552 2344 obligatur;
1602 2282 1717 2346 quia

333 2360 528 2424 alioqui,
553 2358 795 2408 institutio
819 2357 1047 2415 civitatis,
1081 2372 1226 2420 quam
1262 2373 1548 2406 conservare
1585 2359 1716 2408 cives

334 2436 507 2484 nolunt
528 2435 606 2483 vel
629 2451 729 2483 non
747 2433 945 2493 audent,
969 2449 1096 2481 vana
1120 2445 1260 2481 esset.

402 2511 588 2559 Contra
611 2527 746 2558 arma
769 2509 993 2567 civitatis,
1019 2508 1311 2556 defendendi
1335 2508 1532 2557 alterius
1570 2525 1718 2557 causa

336 2588 435 2635 sive
453 2586 674 2634 nocentis
698 2586 799 2634 sive
823 2584 1111 2642 innocentis,
1131 2600 1267 2631 arma
1282 2599 1488 2643 sumere,
1508 2585 1716 2633 liberum

335 2663 519 2711 nemini
556 2670 659 2717 est;
696 2662 810 2725 quia
848 2660 1045 2709 libertas
1083 2659 1195 2707 talis
1231 2675 1471 2707 summam
1514 2660 1716 2708 habenti

334 2747 629 2802 potestatem
666 2737 827 2785 media
854 2736 917 2784 ad
957 2734 1287 2783 defensionem
1327 2735 1503 2783 civium
1541 2735 1716 2794 aufert,

338 2815 588 2877 ipsamque
604 2813 813 2862 civitatis
832 2811 1089 2861 essentiam
1106 2810 1327 2858 destruit.
1384 2811 1517 2860 Quid
1535 2820 1716 2869 autem,
