1968 3236
508 271 579 306 nu
605 271 860 307 mvn-Am
887 271 1238 306 cnmsruNA.
1461 262 1551 305 351

191 383 520 432 emissarium!
588 385 776 433 Deinde
816 400 939 432 vers,
981 390 1044 433 8:
1080 383 1344 433 Abscissa-s
1388 389 1465 430 est
1498 382 1562 430 de
1598 403 1700 435 cAP.
1721 402 1816 435 xm.

1612 457 1803 479 -q—-ae

191 464 334 508 terra
354 460 645 508 viventium:
673 468 890 525 propter
923 460 1085 508 scelus
1112 459 1294 525 populi
1315 459 1410 507 mei
1436 473 1561 524 per-
1596 495 1814 524 Degemffi,

190 534 324 583 cusai
346 552 464 583 eum.
518 536 615 584 Hic
639 552 803 584 rursus
826 544 897 584 est
922 537 1085 584 hircus
1109 536 1420 584 sacrificatus.
1464 534 1561 582 De-

190 609 306 659 inde
349 627 473 659 vers.
516 616 605 659 ll:
643 612 716 658 Et
752 612 861 676 ipse
884 617 1105 676 peccata
1140 610 1397 658 multorum
1431 608 1560 657 tulit.

195 685 292 735 Ubi
336 701 501 734 rursus
542 687 829 734 emissarius.
903 686 1176 749 Utrumque
1222 701 1339 749 ergo
1372 684 1562 733 hircum

130 797 137 804 .
192 776 319 809 unus
348 762 477 810 valet
506 779 660 826 agnus
696 762 803 820 Dei,
828 762 1126 810 sacrificatus
1149 761 1199 809 in
1222 776 1394 816 cruce;
1434 775 1564 808 mor-

194 843 295 885 oem
317 837 367 884 in
391 837 742 885 resurrectione
766 838 868 900 ejus
891 852 1138 901 superans,
1154 852 1184 884 a
1202 836 1343 884 Patre
1367 851 1454 884 suo
1477 851 1564 899 op-

193 918 403 976 portune
425 914 685 961 suscitatus
705 935 717 967 ;
769 921 819 960 et
846 929 875 960 a
907 921 1038 960 terra
1059 911 1323 960 viventium
1348 918 1565 959 remotus

193 986 246 1035 in
267 988 565 1035 ascensione.

263 1062 507 1112 Quoniam
543 1072 706 1111 autem
742 1062 1045 1126 Redemptor
1069 1064 1149 1126 jus
1172 1062 1223 1110 in
1246 1061 1567 1126 redemptum,

197 1146 458 1201 antequam
503 1139 714 1202 pretium
758 1138 968 1185 solutum
994 1129 1094 1197 οζὲίῐ,
1139 1138 1326 1186 nullum
1373 1138 1566 1195 habeat,

195 1213 506 1262 manifestum
530 1223 605 1262 est
628 1213 941 1260 Servatorem
963 1222 1201 1268 nostrum,
1223 1221 1339 1261 ante
1362 1211 1569 1260 mortem

197 1304 352 1347 suam,
376 1288 737 1353 redemptorum
767 1303 933 1351 regem
967 1304 1067 1335 non
1097 1287 1260 1336 fuisse.
1328 1288 1571 1335 Verunta-

197 1379 311 1413 men
332 1380 420 1427 per
442 1373 636 1427 pactum
662 1380 773 1411 cum
796 1364 900 1412 Deo
922 1364 973 1411 in
996 1364 1236 1426 baptismo
1267 1372 1570 1421 renovatum,

199 1439 400 1503 obligati
424 1448 554 1498 sunt,
578 1439 852 1502 quicunque
883 1439 1209 1502 baptizantur,
1234 1439 1426 1487 Christo
1457 1438 1572 1486 obe-

200 1514 305 1563 dire
326 1530 416 1578 pro
440 1530 555 1578 rege
578 1515 666 1562 sub
702 1515 842 1562 Patre
877 1516 995 1578 ejus,
1031 1522 1149 1562 tunc
1183 1514 1573 1578 quandocunque

200 1590 270 1639 illi
290 1590 526 1654 placuerit
548 1590 759 1639 officium
793 1590 921 1654 regis
952 1606 1193 1638 exercere.
1260 1590 1434 1654 Itaque
1464 1589 1576 1636 Ser-

203 1673 343 1715 ναῖοι·
374 1673 542 1714 noster
575 1666 678 1730 ipse
712 1665 904 1714 disertis
942 1666 1117 1724 verbis,
1158 1666 1288 1727 (Joh.
1312 1665 1444 1713 xviii.
1470 1664 1574 1725 36),

199 1756 406 1807 regnum
427 1757 594 1800 meum,
618 1741 792 1804 inquit,
812 1757 906 1789 non
929 1747 1006 1788 est
1029 1741 1173 1804 hujus
1190 1740 1372 1789 mundi.
1441 1739 1577 1788 Quo-

201 1816 333 1865 niam
355 1832 473 1880 ergo
493 1824 605 1880 post
626 1816 756 1864 hunc
779 1816 1013 1864 mundum
1038 1816 1247 1864 mundus
1268 1816 1462 1864 futurus
1496 1815 1578 1863 ille

202 1899 292 1951 est,
313 1892 366 1940 in
403 1908 500 1955 quo
536 1900 669 1940 terra
700 1907 841 1950 nova,
866 1899 917 1939 et
948 1891 1058 1940 coeli
1082 1899 1226 1939 erunt
1256 1892 1386 1950 novi,
1409 1890 1461 1939 id
1487 1898 1578 1948 est,

202 1975 316 2032 post
329 1966 1066 2023 resnrrectionem,manifestum
1084 1975 1159 2014 est
1176 1982 1381 2030 regnum
1400 1966 1580 2014 Christi

204 2050 320 2092 ante
340 2043 744 2091 resurrectionem
762 2043 1071 2106 incepturum
1088 2058 1188 2090 non
1211 2057 1331 2090 esse.
1366 2040 1425 2089 Id
1448 2040 1581 2104 quod

205 2117 412 2181 intelligi
451 2118 597 2166 etiam
636 2117 781 2166 debet
814 2133 873 2165 ex
914 2117 1074 2165 verbis
1114 2117 1385 2166 Servatoris
1425 2116 1582 2165 nostri

210 2192 413 2254 (Matth.
437 2192 534 2240 xvi.
558 2193 643 2253 27)
667 2211 679 2240 t
714 2192 874 2241 Filius
896 2193 1102 2240 hominis
1141 2193 1301 2240 veniet
1336 2192 1386 2239 in
1405 2191 1581 2256 gloria

210 2267 389 2316 Patris
423 2267 517 2325 wi,
557 2284 662 2315 cum
697 2267 896 2333 angelis
925 2269 1031 2315 suis
1054 2286 1071 2316 .·
1107 2274 1158 2316 et
1193 2274 1306 2315 tunc
1339 2265 1583 2314 retribuet

210 2341 468 2406 uuicuique
502 2342 765 2390 seeundum
793 2357 951 2408 opera
989 2358 1097 2390 sua.
1164 2342 1194 2390 J
1196 2358 1276 2390 am
1315 2341 1582 2389 retribuere

210 2417 473 2480 unicuique
490 2417 756 2465 secundum
777 2433 926 2481 opera
947 2434 1050 2478 sua,
1073 2418 1203 2466 idem
1226 2425 1300 2465 est
1322 2415 1452 2480 quod
1473 2431 1583 2479 reg-

211 2507 331 2541 num
352 2491 689 2541 administrare
709 2514 723 2548 ;
757 2500 809 2541 et
828 2501 1104 2557 propterea,
1129 2492 1351 2541 Christus
1378 2505 1583 2554 regnum

213 2566 519 2616 exerciturus
561 2582 661 2615 non
704 2575 779 2616 est
821 2576 1083 2632 antequam
1126 2567 1290 2615 veniat
1333 2566 1386 2614 in
1428 2564 1586 2628 gloria

214 2641 388 2698 Patris,
431 2656 606 2704 nempe
647 2649 760 2706 post
801 2644 1204 2691 resurrectionem
1250 2639 1584 2689 universalem.

217 2715 426 2766 Quando
449 2715 669 2765 Christus
691 2716 811 2766 dicit
830 2717 1030 2779 (Matth.
1049 2718 1182 2766 xxiii.
1206 2724 1254 2776 2,
1279 2718 1328 2778 3)
1348 2735 1360 2763 :
1396 2713 1587 2763 Seribae

217 2796 268 2839 et
307 2790 559 2839 Pharisaei
592 2790 766 2840 sedent
800 2792 852 2840 in
896 2793 1140 2841 cathedra
1181 2791 1344 2839 Μοείε
1362 2809 1380 2838 .·
1427 2789 1588 2837 omnia

216 2881 344 2931 ergo
386 2881 684 2931 quecunque
703 2865 895 2930 facere
919 2867 1114 2930 jubent,
1144 2882 1206 2915 ea
1241 2865 1500 2914 observate
1537 2868 1589 2911 et

1597 539 1798 568 nonu-iban-

1598 583 1667 611 dicti
1686 581 1790 610 officio.
