1968 3236
425 269 521 313 292
747 281 816 314 DE
844 279 1098 314 cwl'rA'rE
1126 278 1478 312 CHRISTIANA.

146 408 249 440 off.
266 407 410 439 xxxv.
429 391 645 454 ipsorum
686 392 914 454 suffragia
953 390 1203 454 acquisita,
1247 406 1354 453 quae
1395 398 1470 438 est
1509 387 1802 452 significatio

148 462 414 544 „efflue
431 467 583 529 regni,
622 483 867 530 nunquam
909 466 1128 514 sumitur.
1222 465 1404 513 Contra
1443 468 1495 513 in
1541 463 1804 527 Scripturis

147 553 178 580 in
193 552 349 589 Scriptnris
368 552 415 579 Sa·
434 543 592 590 Sacris
617 543 808 590 invenio
844 559 1051 606 regnum
1074 541 1174 588 Dei
1196 542 1376 605 ubique
1406 542 1507 590 fere
1533 541 1805 604 significare

148 595 205 623 cris
228 594 378 623 vocabulo-

149 637 417 672 ruffin-egnumnei,
434 633 635 682 reguum
650 618 865 682 proprie
891 618 1089 676 dietum,
1114 633 1287 681 nempe
1311 634 1514 681 regnum
1535 616 1666 681 quod
1689 631 1807 663 con-

147 685 417 753 {ssnssssffiffifflj
435 693 658 739 stitutum
681 702 755 740 est
790 709 1028 740 consensu
1050 693 1216 755 populi
1241 693 1510 752 Israelitici‚
1541 693 1624 756 qui
1647 691 1807 739 Deum

432 768 482 814 in
501 784 664 830 regem
689 768 780 815 sibi
804 777 948 831 pacto
969 767 1235 830 elegerunt.
1289 769 1490 816 Pactum
1514 775 1677 816 autem
1701 772 1807 814 erat

430 843 538 901 hoc,
565 843 695 906 quod
731 843 862 891 Deus
899 843 1130 890 Israelitis
1168 843 1382 891 traderet
1405 851 1585 892 terram
1610 843 1807 891 Canaan

430 918 479 965 in
514 918 866 981 possessionem
904 925 1166 973 aeternam;
1215 926 1266 966 et
1301 919 1431 982 quod
1462 919 1669 982 populus
1702 918 1807 965 Deo

430 994 665 1042 obediret.
735 995 812 1041 Ab
833 994 938 1057 ipsa
961 994 1205 1041 creatione
1223 994 1393 1041 mundi
1417 994 1547 1041 Deus
1570 993 1622 1041 in
1640 1008 1808 1041 omnes

429 1070 647 1118 homines
679 1069 901 1132 regnavit
933 1086 1032 1117 non
1067 1069 1211 1117 modo
1246 1069 1554 1116 naturaliter
1577 1069 1676 1116 sive
1696 1071 1808 1133 jure

431 1145 812 1207 omnipotentiae,
836 1144 921 1192 sed
945 1146 1091 1192 etiam
1116 1146 1166 1192 in
1203 1145 1440 1207 quosdam
1462 1144 1682 1192 homines
1705 1143 1810 1207 qui-

430 1221 520 1267 bus
538 1236 657 1267 voce
679 1221 949 1283 imperavit.
1022 1221 1102 1268 Sic
1137 1221 1359 1284 regnavit
1383 1237 1526 1284 super
1548 1220 1807 1278 Adamum,

432 1295 673 1358 imperans
697 1296 835 1357 (Gen.
862 1295 911 1342 ii.
941 1297 1018 1357 17)
1042 1312 1104 1343 ne
1130 1296 1406 1344 comederet
1425 1296 1484 1343 de
1508 1296 1681 1344 arbore
1696 1311 1811 1358 cog-

434 1371 634 1419 nitionis
658 1371 772 1418 boni
798 1378 846 1418 et
871 1371 1001 1430 mali,
1024 1380 1073 1419 et
1091 1372 1299 1434 puniens
1324 1387 1434 1419 eum
1459 1388 1570 1420 cum
1602 1371 1810 1434 impera-

434 1455 537 1494 tum
563 1447 665 1509 ejus
689 1455 993 1510 trangressus
1018 1454 1159 1506 esset,
1184 1463 1374 1510 nempe,
1399 1464 1511 1495 cum
1537 1452 1811 1510 arrogasset

434 1522 524 1569 sibi
543 1522 762 1585 judicare
782 1523 842 1570 de
861 1524 989 1571 bono
1015 1531 1065 1571 et
1087 1523 1232 1582 malo,
1252 1539 1353 1571 non
1370 1539 1458 1586 per
1477 1522 1720 1571 Creatoris
1736 1521 1811 1570 sui

434 1597 730 1655 mandatum,
756 1598 842 1646 sed
864 1615 952 1662 per
979 1615 1118 1646 suum
1153 1599 1302 1662 ipsius
1338 1615 1566 1650 sensum;
1602 1597 1811 1661 privavit

435 1673 562 1720 enim
587 1672 722 1720 illum
742 1674 840 1721 vita
855 1682 1052 1734 aeterna,
1073 1691 1219 1738 quam
1237 1675 1414 1722 habere
1432 1674 1595 1738 potuit
1611 1680 1812 1737 propter

434 1749 656 1795 arborem
678 1749 804 1797 vitae.

502 1824 699 1881 Rursus,
724 1825 945 1887 regnavit
968 1826 1098 1873 Deus
1118 1826 1169 1872 in
1193 1825 1337 1872 Noah
1362 1831 1410 1872 et
1428 1824 1661 1872 familiam
1676 1825 1811 1887 ejus;

436 1899 519 1962 qui
544 1915 818 1962 quanquam
853 1909 964 1948 octo
998 1908 1191 1949 tantum
1227 1908 1388 1947 essent
1411 1916 1648 1963 personae,
1673 1907 1813 1948 erant

436 1983 600 2022 tamen
619 1991 821 2039 regnum
841 1977 941 2023 Dei
964 1977 1158 2041 proprie
1182 1976 1383 2024 dictum.

504 2050 678 2097 Postea
700 2050 973 2113 alloquutus
998 2060 1070 2099 est
1085 2053 1216 2099 Deus
1235 2051 1582 2109 Abrahamum,
1601 2050 1813 2114 fecitque

443 2125 582 2187 (Gen.
599 2125 711 2173 xvii.
731 2128 775 2184 7,
794 2129 843 2186 8)
863 2143 972 2174 cum
997 2128 1078 2175 illo
1097 2135 1293 2191 pactum
1308 2127 1357 2174 in
1377 2127 1483 2174 haec
1498 2126 1673 2174 verba:
1700 2125 1816 2174 Sta-

439 2208 572 2249 tuam
598 2207 800 2264 pactum
826 2219 973 2249 meum
999 2204 1129 2250 inter
1153 2220 1224 2250 me
1252 2209 1301 2250 et
1337 2208 1398 2260 te,
1426 2209 1476 2249 et
1499 2201 1630 2249 inter
1651 2217 1815 2249 semen

440 2283 571 2324 tuum
586 2283 707 2340 post
732 2282 779 2323 te
803 2277 850 2324 iu
872 2278 1280 2341 generationibus
1308 2277 1428 2335 suis,
1446 2277 1657 2341 foedere
1690 2293 1815 2325 sem-

432 2351 630 2415 piterno
647 2369 663 2397 .·
698 2357 750 2397 ut
773 2351 863 2398 sim
887 2352 1026 2399 Deus
1051 2360 1178 2410 tuna,
1203 2360 1252 2400 et
1274 2353 1474 2400 seminis
1498 2353 1571 2400 tui
1585 2359 1709 2416 post
1732 2359 1814 2400 te:

440 2426 664 2490 daboque
688 2425 780 2473 tibi
795 2432 844 2472 et
866 2428 1039 2474 semini
1065 2435 1145 2475 tuo
1172 2436 1360 2476 terram
1375 2427 1815 2492 peregrinationis

439 2509 548 2560 tuoe,
590 2508 639 2549 et
684 2517 864 2548 omnem
906 2509 1093 2550 terram
1133 2503 1339 2551 Canaau
1375 2504 1425 2551 in
1450 2502 1815 2568 possessionem

439 2584 691 2625 oeternam.
763 2576 1065 2625 Abrahamus
1089 2578 1138 2625 in
1163 2579 1255 2626 hoc
1279 2587 1422 2642 pacto
1440 2578 1699 2642 promittit,
1723 2593 1814 2642 pro

439 2667 490 2699 se
525 2659 575 2699 et
607 2650 895 2714 posteritate
936 2667 1037 2709 sua,
1076 2653 1178 2701 Deo
1214 2655 1411 2702 obedire
1440 2654 1524 2711 illi,
1549 2654 1632 2717 qui
1656 2654 1814 2718 ipsum

440 2726 718 2790 alloquutus
756 2734 843 2774 est.
913 2727 986 2774 Ex
1018 2727 1170 2775 altera
1205 2738 1360 2792 parte,
1397 2730 1661 2794 paciscitur
1684 2730 1816 2778 Deus

440 2802 556 2850 dare
598 2802 873 2850 Abrahamo
914 2810 1092 2850 terram
1134 2804 1330 2852 Canaan
1371 2806 1422 2854 in
1462 2804 1816 2869 possessionem

439 2885 686 2926 aeternam.
778 2878 870 2926 Pro
924 2887 1238 2927 monumento
1289 2888 1452 2929 autem
1496 2881 1627 2944 pacti
1672 2881 1816 2944 hujus
