1910 3236
122 371 225 402 CAP.
246 371 348 403 Xlll.

137 426 325 446 u-Y-a

102 471 146 499 De
160 472 325 500 conditione

99 516 213 552 generis
226 515 357 548 humani,

99 563 242 596 quantum
256 560 360 587 attinet

101 602 138 630 ad
156 602 321 630 felicitatem

102 646 252 682 proescntis
263 646 339 674 vitae.

382 226 446 268 98
906 239 976 271 DE
1005 239 1246 272 ΗοΜιΝΕ.

383 348 663 411 hujusmodi
702 348 899 396 dubiam
930 349 1086 396 videri
1126 350 1260 408 facit,
1286 350 1451 413 opinio
1476 357 1670 397 tantum
1698 356 1773 396 est

385 439 554 470 eorum
570 424 654 486 qui
673 423 781 486 plus
801 424 934 486 justo
958 439 1009 470 se
1028 424 1287 472 aestimant.
1359 425 1484 472 Nam
1503 425 1605 472 fere
1621 440 1773 471 unus-

389 500 592 563 quisque
616 499 961 562 sapientiorem
980 515 1030 547 se
1050 515 1154 547 esse
1174 500 1331 548 credit
1353 501 1508 548 multo
1534 516 1680 564 quam
1699 507 1774 547 est

389 576 593 639 quilibet
617 591 642 622 e
666 575 830 637 vulgo,
855 575 907 622 id
938 582 1026 633 est,
1047 591 1193 638 quam
1231 584 1305 623 est
1339 576 1461 623 alius
1494 576 1774 639 quicunque

386 659 564 715 praeter
583 667 764 714 paucos
783 667 905 714 quos
921 659 1124 714 propter
1145 651 1326 699 famam
1344 651 1418 698 vel
1438 659 1642 714 propter
1660 666 1776 698 con-

386 744 581 775 sensum
605 743 717 774 eum
742 727 850 790 ipso
871 727 994 774 solet
1028 727 1275 774 admirari.
1344 728 1415 774 Ea
1437 727 1567 774 enim
1590 734 1664 774 est
1687 741 1775 772 na-

385 811 496 851 tura
530 802 756 860 hominis,
782 810 836 850 ut
872 819 1153 866 quanquam
1184 803 1333 850 alium
1371 803 1582 865 aliquem
1616 802 1775 864 seipso

387 878 772 942 eloquentiorem
788 879 867 926 vel
885 879 1200 926 eruditiorem
1218 894 1323 926 esse
1338 879 1645 935 confiteatur,
1659 893 1776 940 pru-

389 955 661 1003 dentiorem
698 962 864 1002 tamen
901 971 1006 1002 esse
1049 970 1343 1017 quemquam
1382 970 1482 1001 non
1521 952 1775 1001 concedet.

388 1031 647 1094 Ingenium
684 1031 814 1078 enim
850 1031 1105 1094 proprium
1129 1047 1159 1078 a
1180 1030 1473 1093 propinquo,
1498 1028 1711 1076 alienum
1748 1044 1778 1075 a

388 1107 655 1170 longinquo
703 1107 907 1169 quisque
952 1114 1157 1170 spectat.
1250 1105 1566 1168 Ingeniorum
1612 1110 1778 1151 autem

390 1182 685 1246 aequalitatis
720 1190 1081 1245 argumentum,
1101 1189 1338 1244 quantum
1370 1180 1432 1227 ad
1462 1195 1679 1243 praesens
1702 1179 1778 1226 in-

390 1260 615 1307 stitutum
647 1259 839 1317 attinet,
864 1258 1131 1305 maximum
1167 1265 1256 1315 est,
1283 1256 1416 1319 quod
1446 1255 1779 1318 unusquisque

390 1351 478 1382 suo
503 1341 762 1382 contentus
788 1342 876 1381 est.

457 1411 534 1457 Ab
558 1409 838 1473 aequalitate
872 1415 1077 1466 naturae,
1103 1410 1260 1456 oritur
1286 1408 1549 1470 unicuique
1572 1423 1645 1466 ea,
1670 1423 1780 1471 quae

392 1486 543 1549 cupit,
581 1484 869 1547 acquirendi
906 1500 1030 1547 spes.
1108 1483 1314 1532 Quoties
1353 1499 1469 1546 ergo
1511 1483 1608 1530 duo
1648 1482 1780 1530 idem

392 1562 614 1625 cupiunt,
640 1577 738 1624 quo
768 1561 865 1608 frui
896 1562 1039 1609 ambo
1063 1577 1163 1608 non
1186 1566 1407 1623 possunt,
1433 1558 1557 1606 alter
1579 1558 1780 1606 alterius

390 1637 546 1685 hostis
569 1638 642 1696 fit,
662 1644 713 1684 et
736 1636 800 1684 ad
816 1637 965 1684 finem
990 1637 1082 1684 sibi
1100 1635 1425 1700 propositum,
1445 1651 1554 1698 quae
1572 1642 1646 1682 est
1664 1651 1781 1682 con-

392 1713 604 1761 servatio
636 1712 850 1776 propria,
875 1712 1001 1760 alter
1031 1712 1240 1760 alterum
1281 1719 1489 1758 conatur
1519 1710 1781 1774 subjugare

390 1789 467 1836 vel
490 1789 782 1836 interficere.
853 1788 1025 1850 Itaque
1050 1788 1129 1835 cui
1153 1786 1343 1834 animus
1368 1795 1442 1834 est
1455 1785 1672 1833 vicinum
1694 1802 1781 1850 ag-

392 1863 665 1928 grediendi,
691 1864 731 1911 si
765 1863 886 1911 nihil
917 1863 980 1910 sit
1018 1879 1114 1926 quo
1144 1862 1449 1910 deterreatur
1478 1869 1660 1924 praeter
1681 1863 1782 1910 vim

392 1940 537 1988 unius
571 1939 799 1998 hominis,
833 1939 1024 2002 quoties
1059 1954 1186 1986 unus
1219 1937 1394 2000 aliquis
1430 1953 1604 2000 agrum
1632 1938 1780 2000 paulo

394 2016 775 2065 commodiorem
790 2014 1066 2078 possiderit,
1083 2012 1372 2071 conseverit,
1386 2012 1695 2076 plantaverit,
1703 2014 1782 2062 vel

393 2091 777 2149 inaedificaverit,
797 2090 1087 2154 expectandi
1112 2097 1225 2138 sunt
1243 2089 1325 2137 alii
1343 2089 1525 2137 viribus
1549 2091 1783 2153 conjunc-

394 2168 458 2216 tis
479 2167 654 2231 parati,
677 2183 778 2215 non
801 2166 949 2214 modo
981 2166 1163 2214 laboris
1194 2167 1298 2229 ejus
1333 2181 1529 2214 omnem
1551 2165 1782 2227 fructum,

397 2243 484 2292 sed
508 2243 656 2292 etiam
673 2243 826 2291 vitam
842 2242 920 2290 vel
943 2242 1221 2290 libertatem
1245 2241 1498 2299 sublaturi,
1523 2241 1652 2290 idem
1676 2258 1785 2291 rur-

397 2335 478 2368 sus
501 2319 691 2383 passuri
715 2318 807 2383 ipsi
831 2334 861 2366 a
884 2334 935 2366 se
959 2318 1260 2366 fortioribus.

464 2396 523 2444 In
559 2402 700 2443 tanto
737 2401 787 2442 et
823 2402 994 2442 mutuo
1031 2394 1285 2442 hominum
1323 2401 1474 2451 metu,
1510 2393 1786 2443 securitatis

397 2471 527 2520 viam
549 2470 802 2518 meliorem
832 2469 983 2517 habet
1009 2485 1153 2516 nemo
1191 2468 1573 2531 anticipatione;
1609 2484 1786 2533 nempe

398 2555 455 2596 ut
489 2546 823 2610 unusquisque
845 2545 894 2592 vi
931 2552 980 2592 et
1009 2544 1122 2592 dolo
1160 2551 1348 2591 ceteros
1386 2560 1554 2592 omnes
1593 2544 1786 2593 tamdiu

399 2623 640 2686 subjicere
664 2621 758 2670 sibi
781 2627 1002 2678 conetur,
1028 2619 1261 2684 quamdiu
1283 2620 1403 2667 alios
1422 2636 1543 2677 esse,
1558 2637 1588 2668 a
1611 2620 1786 2684 quibus

400 2700 492 2748 sibi
510 2697 784 2747 cavendum
802 2705 944 2755 esset,
959 2695 1154 2744 viderit.
1223 2695 1396 2758 Neque
1419 2696 1515 2744 hoc
1533 2696 1690 2759 majus
1712 2703 1788 2744 est

401 2791 547 2839 quam
582 2783 633 2823 et
666 2772 973 2822 conservatio
1010 2787 1099 2820 sua
1129 2771 1361 2836 postulat,
1387 2779 1438 2819 et
1469 2772 1531 2819 ab
1563 2771 1789 2820 omnibus

401 2850 606 2900 concedi
630 2850 770 2899 solet.
841 2848 1088 2898 Quoniam
1125 2848 1255 2896 enim
1293 2855 1410 2895 sunt
1441 2846 1526 2911 qui
1559 2846 1711 2896 animi
1738 2853 1790 2894 et
