1968 3236
768 219 837 253 on
865 219 1139 253 elvi'rA'rss.
1560 212 1649 255 165

266 328 395 371 ertas
431 321 610 370 civium
651 322 954 385 singulorum
979 323 1039 370 ab
1064 322 1157 371 illis
1180 322 1340 370 verbis
1363 323 1439 370 vel
1462 323 1523 371 ab
1565 323 1649 372 illa

265 397 536 446 intentione
561 398 952 446 demonstrandae
976 407 1104 446 sunt.
1174 398 1304 446 Finis
1323 406 1487 447 autem
1511 399 1647 447 insti-

264 473 468 522 tutionis
497 473 650 521 civilis
674 482 746 520 est
769 490 863 536 pax
905 474 1083 521 civium
1108 474 1236 522 inter
1259 490 1310 522 se
1344 482 1393 522 et
1429 474 1645 522 defensio

266 555 437 597 contra
459 548 647 596 hostem
668 549 930 611 publicum.

333 624 493 672 Primo
518 639 650 686 ergo,
676 624 790 686 quia
810 624 1050 672 institutio
1076 625 1286 673 civitatis
1319 626 1375 674 fit
1397 641 1486 690 per
1503 633 1649 689 pacta

263 699 643 762 uniuscnjusque
690 716 802 747 cum
848 716 1157 763 unoquoque,
1204 701 1516 749 manifestum
1570 710 1646 749 est

262 774 537 822 libertatem
553 774 646 821 civi
662 790 858 822 manere
874 775 1004 822 circa
1022 791 1098 822 res
1115 772 1221 823 illas
1241 792 1425 835 omnes,
1441 793 1647 840 quarum

259 850 340 914 jus
363 866 451 913 per
473 859 671 912 pactum
696 850 950 897 transferri
965 850 1040 897 vel
1056 851 1199 914 abjici
1223 867 1322 899 non
1337 861 1515 915 potest.
1553 852 1649 900 Sed

264 932 513 973 ostensum
546 933 618 972 est
654 926 781 987 (cap.
808 926 948 986 xw.)
987 932 1184 988 pactum
1209 926 1269 973 de
1296 927 1454 990 seipso
1478 935 1651 975 contra

265 999 362 1047 vim
382 1017 479 1048 uon
505 1000 812 1048 defendendo
828 1000 1090 1048 invalidum
1117 1017 1237 1049 esse.
1306 1003 1436 1066 Ergo
1454 1003 1494 1051 si
1518 1019 1648 1051 sum-

264 1092 394 1124 mam
434 1076 618 1124 habens
659 1084 967 1139 potestatem,
1006 1076 1176 1134 civem,
1223 1094 1500 1142 quanquam
1534 1080 1646 1142 jure

264 1152 410 1200 morti
447 1151 842 1210 condemnatum,
862 1153 1072 1216 seipsum
1098 1153 1387 1213 interficere,
1402 1155 1644 1213 mutilare,

263 1227 341 1275 vel
359 1227 612 1274 vulnerare
634 1249 646 1283 ;
683 1235 768 1275 aut
791 1227 838 1274 vi
863 1243 1118 1290 personam
1144 1228 1247 1291 ejus
1271 1229 1520 1278 invadenti
1544 1246 1646 1278 non

263 1303 489 1351 resistere
507 1323 519 1358 ;
555 1311 640 1350 aut
662 1303 724 1350 ab
748 1303 1005 1362 alimentiS,
1026 1304 1284 1364 medicina,
1305 1321 1432 1364 aere,
1451 1306 1528 1354 vel
1551 1306 1646 1354 alia

265 1394 319 1426 re
342 1379 445 1426 sine
470 1394 565 1441 qua
588 1378 750 1426 vivere
765 1394 864 1426 non
887 1386 1063 1441 potest,
1081 1394 1132 1426 se
1151 1379 1396 1428 abstinere
1413 1381 1613 1444 jusserit
1632 1403 1644 1438 ;

264 1454 412 1502 habet
427 1453 543 1501 civis
568 1453 647 1500 ille
665 1454 921 1501 recusandi
939 1454 1231 1502 libertatem.

332 1529 383 1577 Si
423 1529 531 1592 quis
572 1529 692 1577 civis
729 1529 1058 1593 interrogetur
1094 1546 1124 1577 a
1159 1546 1396 1579 summam
1435 1532 1647 1581 habente

261 1610 570 1668 potestatem,
595 1603 672 1650 vel
702 1620 790 1667 per
813 1604 1160 1666 authoritatem
1200 1607 1320 1668 ejus,
1346 1606 1407 1654 de
1444 1607 1645 1656 crimine

261 1679 392 1743 quod
419 1679 521 1743 ipse
552 1679 669 1727 civis
706 1679 965 1736 commisit,
995 1680 1137 1728 fateri
1173 1682 1374 1741 crimen,
1398 1683 1490 1730 nisi
1526 1683 1644 1732 facti

260 1755 403 1803 venia
426 1755 556 1812 data,
574 1771 675 1803 non
699 1756 944 1819 obligatur
963 1776 975 1810 ;
1011 1756 1126 1819 quia
1149 1773 1310 1816 nemo,
1328 1765 1383 1806 ut
1397 1766 1644 1807 ostensum

261 1839 336 1879 est
359 1847 519 1895 supra,
545 1831 750 1894 obligari
780 1839 925 1895 pacto
962 1839 1124 1894 potest
1147 1833 1360 1896 seipsum
1400 1849 1643 1882 accusare.

261 1905 517 1966 Praeterea,
555 1907 812 1955 submissio
859 1908 978 1956 civis
1020 1909 1301 1957 continetur
1346 1910 1422 1958 his
1467 1911 1643 1969 verbis,

262 1981 444 2030 author
485 1999 590 2030 sum
625 1982 830 2030 omnium
870 1983 1116 2030 actionum
1153 1985 1258 2047 eju-s·
1294 1986 1375 2032 cui
1414 2001 1644 2033 summam

263 2056 522 2106 tribuimus
531 2064 855 2123 potestatem.
927 2058 1024 2106 Sed
1047 2059 1098 2106 in
1121 2059 1197 2107 his
1223 2061 1381 2108 verbis
1404 2061 1644 2109 libertatis

261 2133 498 2181 naturalis
543 2134 785 2182 restrictio
826 2133 961 2181 nulla
997 2142 1086 2182 est.
1155 2135 1259 2183 Etsi
1296 2136 1426 2183 enim
1470 2145 1527 2183 ut
1565 2152 1643 2184 me

262 2207 453 2256 occidat
467 2208 748 2267 concedam,
767 2225 866 2257 non
881 2209 1071 2273 obligor
1085 2218 1140 2258 ut
1149 2211 1288 2274 jussu
1307 2213 1410 2275 ejus
1424 2211 1643 2259 occidam

261 2282 515 2347 meipsum.
585 2284 734 2332 Aliud
756 2285 884 2333 enim
927 2294 1001 2333 est
1041 2286 1218 2345 dicere,
1243 2287 1411 2335 occide
1451 2303 1530 2334 me
1566 2287 1643 2335 vel

261 2358 511 2406 concivem
525 2375 703 2419 meum,
722 2360 762 2407 si
776 2360 848 2408 vis
867 2381 879 2415 3
904 2360 1035 2409 aliud
1050 2369 1215 2410 autem
1231 2362 1407 2420 dicere,
1423 2362 1643 2410 occidam

262 2447 340 2480 me
353 2440 438 2481 aut
452 2434 703 2482 concivem
716 2452 894 2484 meum.
925 2436 1157 2500 Sequitur
1171 2453 1288 2500 ergo
1301 2438 1544 2485 neminem
1559 2445 1643 2486 aut

261 2506 326 2555 ad
338 2508 659 2557 occidendum
681 2511 892 2575 seipsum
911 2520 997 2560 aut
1014 2513 1262 2560 concivem
1277 2529 1334 2560 ex
1352 2513 1466 2576 ipsis
1483 2512 1642 2561 verbis

262 2582 482 2647 obligari.
551 2585 722 2648 Itaque
737 2586 987 2650 obligatio,
1007 2603 1154 2651 quam
1173 2588 1281 2651 quis
1296 2588 1473 2635 habere
1491 2588 1643 2636 inter-

263 2655 377 2706 dum
397 2659 565 2722 possit,
574 2660 714 2723 jussu
731 2677 933 2711 summae
947 2663 1202 2726 potestatis
1225 2662 1436 2711 faciendi
1458 2663 1643 2711 action-

263 2748 341 2780 em
364 2733 575 2797 aliquam
597 2736 922 2798 periculosam
939 2746 1026 2786 aut
1039 2738 1306 2802 indignam,
1322 2754 1421 2786 non
1435 2753 1466 2786 a
1478 2738 1638 2787 verbis

264 2806 505 2872 dependet
527 2812 764 2874 expressis
782 2812 959 2875 quibus
977 2829 1027 2861 se
1043 2813 1282 2872 submisit,
1298 2812 1384 2862 sed
1402 2814 1462 2863 ab
1481 2813 1641 2864 inten-

1689 358 1791 390 CAP.
1814 357 1896 390 xxi
1905 380 1916 390 .

1701 413 1888 435 *qr—a

1704 450 1748 479 De
1761 450 1893 479 libesmo

1701 494 1818 522 civium.
