1968 3236
396 197 486 247 174
908 210 978 242 DE
1003 210 1278 245 clvl'rA'rE.

119 339 223 372 cAP.
243 340 362 374 xxn.
389 323 460 371 illi
483 339 650 371 omnes
675 330 724 371 et
747 323 851 381 soli,
872 338 1080 385 quorum
1106 325 1350 387 suffragiis
1375 327 1584 389 pecunia
1606 335 1776 377 mutuo

144 395 331 416 κ--Υ--ι

125 435 170 463 De
184 439 322 474 systema-

389 407 583 461 sumpta
617 405 706 446 est.
798 398 1146 460 Unusquisque
1186 399 1315 446 enim
1353 416 1538 458 eorum,
1576 419 1634 451 eo
1670 404 1776 467 ipso

122 479 203 508 tibus
215 481 334 510 civium-
389 473 520 535 quod
535 480 759 520 mutuum
783 472 908 519 sumi
933 473 1176 536 suffragiis
1201 474 1298 522 suis
1316 476 1591 535 voluerunt,
1616 478 1679 526 ad
1699 495 1775 527 so-

386 548 622 596 lutionem
647 548 929 611 obligantur
952 547 1101 595 etiam
1124 549 1276 597 totius
1309 550 1476 610 debiti,
1502 553 1635 615 quod
1663 570 1774 602 cum

387 624 590 686 quilibet
611 639 738 671 unus
764 623 962 671 solverit
986 639 1154 671 omnes
1176 625 1460 674 liberantur.

455 698 600 752 Quod
624 699 664 746 si
687 698 896 761 pecunia
928 699 1013 745 uni
1047 698 1193 746 alicui
1228 716 1288 747 ex
1312 701 1417 763 ipso
1443 709 1574 750 coetu
1599 703 1775 752 debea-

386 782 482 832 tur,
508 774 571 822 ad
594 775 885 822 solutionem
910 782 1108 822 tenetur
1132 775 1262 823 solus
1286 785 1441 825 coetus
1465 778 1584 841 ipse,
1609 779 1660 826 id
1683 788 1772 838 est,

384 849 544 912 ipsum
574 857 800 914 systema.
873 851 920 898 Is
945 851 1091 909 enim,
1112 851 1191 899 cui
1216 851 1437 912 debetur,
1457 854 1498 901 si
1515 855 1773 917 pecuniam

383 925 516 973 illam
552 934 771 974 mutuam
807 926 913 974 dari
951 942 1168 988 praesens
1206 928 1437 991 suffragio
1477 945 1565 976 suo
1600 929 1772 989 voluit,

382 1001 531 1049 etiam
564 1002 686 1050 solvi
703 1001 886 1057 voluit3
923 1002 998 1050 sin
1021 1003 1253 1065 suffragio
1289 1019 1377 1051 suo
1410 1012 1631 1052 mutuam
1667 1005 1774 1054 dari

381 1077 555 1137 noluit,
590 1078 668 1126 vel
704 1078 744 1125 si
777 1078 950 1125 absens
987 1078 1151 1135 fuerit,
1187 1079 1302 1141 quia
1338 1087 1504 1128 tamen
1543 1089 1765 1130 mutuam

380 1152 543 1202 dando
566 1161 788 1202 mutuam
813 1153 920 1201 dari
943 1154 1115 1213 voluit,
1131 1155 1252 1202 solvi
1275 1155 1431 1203 voluit
1451 1177 1463 1211 ;
1499 1156 1630 1204 idem
1645 1173 1764 1221 ergo

380 1237 603 1277 mutuam
627 1229 775 1277 sumit
798 1237 848 1277 et
872 1229 985 1284 dat3
1022 1237 1071 1277 et
1105 1230 1312 1293 proinde
1336 1231 1557 1279 debitum
1581 1248 1722 1280 suum
1740 1250 1771 1281 a

379 1305 573 1352 nemine
600 1321 802 1368 poscere
836 1312 1165 1368 praeterquam
1189 1322 1219 1353 a
1242 1313 1508 1369 systemate
1531 1307 1638 1371 ipso
1657 1309 1770 1371 jure

378 1387 582 1443 protest.
653 1381 825 1443 Itaque
849 1379 890 1427 si
913 1387 1124 1443 systema
1158 1396 1216 1428 ex
1252 1381 1483 1429 thesauro
1519 1385 1768 1432 communi

378 1456 608 1504 solvendo
633 1473 731 1504 non
756 1464 845 1514 est,
878 1456 1147 1504 remedium
1179 1457 1329 1505 habet
1353 1457 1572 1514 nullum;
1608 1475 1768 1523 neque

379 1539 539 1595 potest
562 1532 655 1580 nisi
689 1532 749 1580 de
782 1532 940 1595 seipso
966 1533 1214 1595 conqueri,
1254 1534 1337 1596 qui
1361 1542 1534 1596 sponte
1557 1551 1646 1583 sua
1677 1536 1766 1583 im-

375 1608 644 1671 prudenter
667 1608 925 1671 pecuniam
944 1623 1080 1655 suam
1100 1617 1320 1656 mutuam
1345 1609 1495 1656 dedit.

442 1683 758 1731 Manifestum
782 1683 896 1731 hinc
921 1691 1009 1742 est,
1034 1684 1084 1731 in
1109 1685 1453 1747 systematibus
1478 1686 1764 1735 subordina-

375 1759 438 1807 tis
468 1760 769 1823 subditisque
792 1759 1025 1822 potestati
1049 1759 1275 1816 eivitatis‚
1300 1760 1549 1808 interdum
1568 1761 1761 1825 privato

373 1834 560 1882 homini
583 1835 860 1898 systematis
879 1835 1098 1882 membro
1130 1843 1304 1882 contra
1332 1834 1586 1883 decretum
1602 1845 1761 1885 coetus

373 1912 652 1974 protestari,
672 1911 936 1973 aliquando
953 1910 1226 1969 dissentire,
1246 1918 1296 1958 et
1320 1910 1637 1960 dissentionis
1660 1927 1760 1961 suae

373 1987 651 2035 conservari
674 1987 960 2035 memoriam
980 1987 1243 2050 postulare,
1268 2002 1367 2035 non
1391 1987 1538 2036 modo
1570 1988 1759 2038 licitum

372 2078 491 2122 esse,
512 2063 598 2111 sed
622 2062 771 2111 etiam
795 2062 1039 2125 expedire,
1064 2078 1127 2109 ne
1151 2062 1332 2124 alioqui
1356 2062 1522 2111 debita
1555 2064 1617 2112 ab
1652 2065 1759 2114 aliis

371 2146 627 2186 eontracta
666 2138 770 2201 ipse
806 2137 993 2185 solvere
1042 2137 1300 2200 obligetur.
1389 2138 1486 2186 Sed
1526 2139 1578 2187 in
1625 2150 1759 2190 coetu

370 2233 609 2266 summam
632 2217 845 2265 habente
865 2215 1075 2263 civitatis
1093 2216 1366 2279 potentiam
1380 2217 1759 2279 protestationes

368 2292 646 2357 hujusmodi
670 2292 817 2340 licitae
841 2307 940 2339 non
965 2300 1095 2350 sunt,
1114 2298 1374 2354 propterea
1392 2292 1525 2354 quod
1542 2300 1759 2356 potesta-

368 2370 432 2418 tis
466 2385 669 2418 summae
703 2367 911 2416 totidem
945 2375 1059 2415 sunt
1093 2367 1412 2430 negationes;
1449 2368 1599 2416 etiam
1640 2369 1756 2433 quia

368 2445 600 2509 quiequid
623 2445 680 2493 fit
702 2461 733 2492 a
766 2459 956 2491 summa
983 2449 1243 2506 potestate,
1278 2443 1566 2492 authoribus
1600 2445 1660 2493 fit
1690 2445 1756 2494 ci-

367 2521 507 2569 vibus
531 2520 756 2570 omnibus
775 2530 826 2567 et
849 2519 1067 2582 singulis.

434 2598 765 2661 Systematum
782 2594 1209 2642 subordinatorum
1233 2593 1426 2642 infinita
1448 2594 1551 2642 fere
1574 2603 1651 2644 est
1673 2612 1755 2645 va-

365 2673 529 2721 rietas.
598 2670 983 2734 Distinguuntur
997 2668 1127 2716 enim
1143 2684 1244 2716 non
1267 2669 1425 2717 solum
1448 2671 1509 2718 ab
1533 2671 1751 2734 agendis,

364 2757 568 2813 propter
582 2763 691 2811 quae
714 2745 1082 2794 constituuntur
1109 2753 1160 2792 et
1185 2761 1293 2807 quae
1315 2745 1583 2794 multorum
1604 2762 1752 2810 gene-

364 2840 472 2872 rum
489 2830 618 2883 sunt,
638 2822 725 2871 sed
743 2821 891 2870 etiam
911 2837 942 2870 a
954 2820 1272 2885 temporibus,
1293 2821 1430 2879 locis,
1450 2828 1500 2870 et
1518 2821 1748 2882 numeris,
