1910 3236
53 359 157 393 CAP.
174 362 294 396 XVIII
300 387 310 397 .

89 414 281 439 *w

69 453 115 482 De
127 455 195 492 jure
207 457 255 485 ha-

69 500 201 528 bentium
215 505 308 538 potes-

71 547 159 572 tatem
174 554 318 572 summam

69 588 102 616 in
116 589 232 618 civitate
245 597 296 626 per

70 632 291 661 iustitutionem.

344 219 432 261 134
840 231 910 263 DE
938 230 1214 264 elvl'rATE.

336 340 549 398 civitate,
574 340 635 387 ab
655 340 762 402 ipso
788 339 1156 399 determinatur,
1177 341 1260 404 qui
1278 357 1536 404 personam
1561 342 1732 390 civita-

337 416 399 464 tis
422 416 566 479 gerit,
592 416 641 463 id
668 423 758 473 est,
777 432 806 462 a
823 423 1119 478 potestatem
1135 433 1373 465 summam
1383 420 1486 481 jam
1501 418 1730 466 habente.

340 492 500 541 Quem
525 491 607 554 qui
631 491 787 554 pactis
821 491 1029 555 obligari
1070 491 1366 551 existimant,
1405 509 1463 541 eo
1503 493 1734 540 videntur

339 568 531 630 decepti
570 583 690 625 esse,
734 567 867 630 quod
903 584 1002 615 non
1038 567 1345 632 distinguant
1385 569 1513 616 inter
1536 569 1734 634 obliga-

339 644 512 702 tiones,
551 659 661 706 quae
702 643 828 691 fiunt
866 659 955 706 per
995 644 1159 702 verba,
1201 651 1252 692 et
1298 644 1586 709 ligatione-5,
1625 661 1736 707 quae

337 720 462 766 fiunt
493 734 581 782 per
606 718 848 782 capistra3
884 735 975 766 nec
1000 719 1222 782 cogitant
1245 721 1394 768 verba
1414 736 1503 784 per
1526 736 1577 768 se
1603 720 1738 768 infir-

338 812 418 843 ma
442 811 560 842 esse.
632 795 898 858 Postquam
922 803 1087 843 autem
1107 811 1297 844 summa
1315 804 1532 859 potestas
1556 795 1736 844 consti-

338 879 446 918 tuta
468 878 517 918 et
540 877 730 918 armata
759 878 849 929 est,
876 878 982 918 tum
1007 871 1202 918 demum
1229 872 1276 919 vi
1299 879 1452 919 tantae
1475 871 1737 935 potestatis

339 948 487 995 etiam
511 947 660 994 verba
684 947 898 1010 capistra
910 948 1050 995 fiunt.
1100 947 1283 995 Partim
1299 948 1447 996 etiam
1463 964 1520 995 eo
1544 946 1738 1010 decepti

340 1030 469 1082 sunt,
491 1023 625 1086 quod
648 1023 1014 1070 multitudinem
1032 1023 1289 1071 hominum
1312 1024 1363 1070 in
1387 1039 1542 1071 unum
1573 1022 1738 1070 locum

341 1098 752 1156 convenientium,
779 1098 927 1146 etiam
963 1106 1230 1161 antequam
1271 1098 1332 1146 de
1364 1113 1555 1145 summa
1574 1105 1738 1160 potes-

339 1183 443 1223 tate
462 1174 815 1233 consenserint,
840 1190 941 1222 non
955 1173 1101 1221 modo
1119 1189 1354 1236 personas
1369 1173 1455 1221 sed
1478 1187 1739 1236 personam

342 1267 463 1309 esse,
488 1258 538 1298 et
574 1250 778 1298 seorsim
801 1267 831 1298 a
854 1250 1181 1313 singularibus
1204 1250 1339 1313 loqui
1375 1258 1425 1297 et
1448 1264 1596 1312 agere
1618 1248 1740 1295 ima-

341 1327 497 1390 ginati
529 1326 641 1374 sint.
714 1325 926 1375 Quando
963 1341 1079 1373 vero
1103 1326 1155 1373 in
1180 1333 1312 1373 coetu
1329 1324 1555 1389 populari
1576 1330 1740 1387 potes-

344 1411 420 1451 tas
458 1419 648 1450 summa
682 1403 922 1450 collocata
945 1410 1034 1461 est,
1059 1409 1259 1465 pactum
1301 1401 1399 1449 tale
1423 1399 1742 1449 intervenisse

343 1494 488 1525 nemo
508 1477 642 1525 dicit.
715 1477 839 1526 Quis
855 1477 987 1524 enim
1001 1476 1124 1524 adeo
1149 1477 1298 1524 hebes
1318 1483 1472 1535 est,ut
1488 1475 1741 1539 populum,

345 1553 554 1616 exempli
572 1569 732 1611 causa,
742 1553 1037 1611 Romanum,
1054 1552 1137 1615 qui
1153 1552 1412 1616 imperium
1430 1552 1600 1599 Romae
1614 1565 1742 1598 sum-

345 1645 479 1676 mum
515 1628 687 1675 habuit
720 1627 983 1691 quondam,
1005 1643 1245 1676 summam
1279 1627 1413 1674 illam
1447 1633 1742 1690 potestatem

345 1703 559 1752 tenuisse
582 1719 670 1767 per
693 1711 893 1767 pactum
918 1719 1030 1751 cum
1066 1703 1317 1760 Romanis,
1337 1710 1387 1750 et
1411 1701 1619 1765 proinde
1650 1717 1741 1764 po·

345 1780 514 1843 pulum
531 1780 808 1827 Romanum
823 1796 853 1826 a
868 1779 1116 1837 Romanis,
1126 1779 1220 1826 nisi
1235 1779 1360 1826 bene
1378 1785 1649 1841 regnasset,
1659 1777 1743 1824 de-

346 1856 464 1919 poni
488 1855 705 1919 potuisse
721 1854 853 1903 dieat
872 1854 888 1902 ?
961 1855 1109 1904 Quod
1131 1863 1298 1903 autem
1321 1854 1371 1902 in
1391 1853 1678 1902 monarchia
1694 1861 1744 1902 et

347 1938 479 1979 statu
501 1931 726 1995 populari
751 1930 1070 1994 quaestionem
1104 1930 1232 1978 hane
1257 1929 1463 1977 eandem
1504 1945 1608 1977 esse
1642 1945 1744 1978 non

348 2023 517 2055 omnes
562 2007 776 2065 videant,
803 2023 951 2054 causa
992 2015 1066 2054 est
1100 2006 1316 2069 ipsorum
1351 2005 1569 2063 ambitio,
1594 2004 1744 2053 coetui

347 2084 511 2146 potius
536 2099 681 2146 quam
706 2082 792 2129 uni
815 2082 1003 2130 homini
1027 2082 1297 2129 faventium
1318 2102 1329 2136 ;
1366 2082 1480 2144 quia
1521 2081 1611 2129 sub
1643 2097 1743 2129 uno

347 2159 544 2207 homine
576 2159 751 2221 vulgus
775 2165 905 2217 sunt,
931 2158 1018 2206 sed
1058 2158 1146 2205 sub
1171 2165 1303 2205 coetu
1340 2157 1596 2220 regnantis
1629 2172 1745 2220 pars

349 2242 477 2283 sunt.

415 2310 600 2368 Tertio,
626 2310 666 2357 si
704 2324 945 2358 consensu
968 2307 1121 2371 partis
1145 2308 1344 2370 majoris
1370 2323 1560 2356 summa
1578 2316 1744 2371 potes-

350 2396 425 2435 tas
450 2385 599 2434 semel
624 2385 893 2433 constituta
915 2383 993 2442 sit,
1012 2383 1198 2431 nemini
1236 2399 1422 2442 eorum,
1448 2383 1527 2431 cui
1558 2383 1744 2432 factum

351 2463 591 2526 displicet,
615 2460 832 2523 suffragii
856 2460 930 2508 sui
949 2460 1000 2507 in
1025 2459 1326 2507 eontrarium
1352 2467 1501 2507 testes
1524 2475 1744 2523 poscere,

348 2538 427 2586 vel
467 2537 754 2585 memoriam
789 2536 859 2583 rei
905 2544 1073 2583 extare
1118 2534 1369 2597 postulare
1416 2535 1607 2583 licitum
1652 2543 1743 2584 est.

351 2613 619 2662 Postulatio
643 2612 774 2660 enim
797 2611 908 2660 talis
926 2611 1112 2659 factum
1137 2618 1327 2658 mutare
1351 2611 1560 2659 volentis
1583 2618 1673 2670 est,
1694 2618 1746 2660 et

350 2706 438 2753 per
462 2703 780 2752 consequens,
803 2686 913 2751 paci
953 2686 1098 2734 faotae
1122 2686 1463 2745 renuntiantis,
1489 2694 1540 2734 et
1561 2686 1744 2735 bellum

351 2773 525 2813 eontra
548 2773 753 2813 eaeteros
773 2762 1122 2820 denuntiantis,
1143 2770 1194 2809 et
1230 2761 1281 2809 in
1302 2762 1634 2810 conditionem
1657 2778 1745 2810 na-

352 2848 475 2888 turae
532 2856 679 2903 quam
718 2839 953 2902 fugiebat,
994 2845 1165 2885 contra
1206 2837 1359 2898 finem*
1388 2854 1533 2900 quem
1571 2837 1744 2887 habuit

354 2916 548 2978 quando
569 2932 679 2964 eum
705 2914 959 2964 caeterisin
985 2920 1279 2962 conventum
1305 2914 1454 2972 venit,
1476 2913 1742 2962 redeuntis.
