1968 3236
181 400 283 433 CAl’.
303 401 349 432 11.

176 500 220 528 De
235 500 348 530 hoeresi.

418 260 511 302 556
733 270 1018 304 APPENDIX
1046 271 1118 302 AD
1148 270 1488 305 LEVIATHAN.

414 396 492 427 ras
517 379 622 427 illas
640 381 799 443 regias
819 397 918 428 non
939 381 1081 428 citius
1098 382 1470 443 publicaverint,
1487 384 1802 446 reprehendit

417 456 709 503 clarissimus
745 456 824 502 ille
861 457 1237 519 jurisconsultus
1274 457 1530 506 Eduardus
1561 459 1718 508 Cocus
1749 460 1800 507 in

416 532 561 579 tertio
586 532 709 578 libro
736 532 1096 580 Institutorum.

483 607 547 653 A.
585 607 761 653 Nonne
798 607 958 670 ipsum
996 608 1268 671 symbolum
1309 610 1359 657 in
1396 610 1594 673 liturgia
1629 610 1800 674 Angli-

418 699 538 730 cana
555 682 872 745 publicatum,
891 683 1012 746 legis
1034 684 1094 731 de
1117 685 1292 732 haeresi
1311 686 1557 733 sufficiens
1572 695 1676 734 erat
1690 703 1801 750 pro-

418 758 685 820 mulgatio?

482 833 543 880 B.
587 833 676 891 Ita,
703 833 743 880 si
766 834 817 880 in
839 833 947 896 lege
971 834 1022 882 id
1046 835 1278 898 scriptum
1306 835 1487 884 fuisset.
1549 836 1645 884 Sed
1668 838 1802 885 nulla

417 909 483 955 ibi
506 908 635 955 facta
659 915 731 956 est
756 910 940 957 mentio
957 912 1162 973 symboli
1186 912 1361 959 Niceni
1383 934 1394 967 ;
1420 928 1577 975 neque
1597 913 1799 972 indocti,

418 999 573 1045 neque
598 984 746 1046 aliqui
773 984 980 1032 fortasse
1016 986 1194 1045 clerici,
1232 987 1351 1049 quid
1386 988 1658 1051 symbolum
1682 988 1803 1036 illud

419 1075 529 1106 cum
554 1060 782 1108 Conciliis
807 1078 1065 1109 commune
1088 1062 1306 1121 haberet,
1327 1070 1413 1110 aut
1446 1063 1692 1127 quomodo
1717 1063 1801 1112 de-

419 1143 605 1183 cretum
630 1136 936 1184 Constantini
973 1138 1051 1186 lex
1087 1139 1360 1202 Anglicana
1392 1139 1526 1187 facta
1560 1147 1702 1199 esset,
1727 1140 1801 1189 in-

419 1212 724 1260 tellexerunt.

483 1287 545 1334 A.
585 1288 749 1336 Quum
773 1296 1018 1337 rectorum
1042 1290 1252 1349 illorum,
1277 1307 1426 1354 penes
1457 1307 1577 1354 quos
1601 1299 1707 1340 erat
1741 1291 1801 1340 de

418 1363 590 1410 haeresi
610 1364 847 1426 judicare,
873 1366 1145 1414 authoritas
1169 1367 1277 1430 lege
1301 1367 1492 1415 sublata
1514 1375 1634 1426 erat,
1654 1384 1800 1427 anno,

418 1447 474 1485 ut
511 1439 647 1497 dicis,
675 1440 836 1488 Caroli
872 1441 1022 1489 Primi
1057 1441 1247 1490 decimo
1284 1443 1519 1506 septimo;
1557 1443 1801 1506 quomodo

418 1515 523 1561 fieri
561 1515 736 1577 potuit,
774 1523 831 1563 ut
854 1517 1124 1565 authoritas
1147 1518 1335 1580 legibus
1371 1518 1431 1566 de
1466 1519 1655 1578 haeresi,
1691 1535 1802 1583 quae

421 1591 684 1638 extiterunt
709 1600 927 1655 tempore
953 1592 1155 1656 Reginae
1180 1594 1368 1652 Mariae,
1392 1610 1492 1642 non
1517 1594 1734 1642 rediret?

485 1667 548 1713 B.
588 1667 718 1715 Quia
740 1668 817 1715 lex
843 1668 902 1715 de
928 1669 1060 1716 omni
1085 1669 1179 1716 alia
1209 1677 1453 1733 potestate
1478 1670 1803 1719 ecclesiastica

417 1748 596 1803 praeter
619 1742 803 1805 regiam
827 1744 1081 1803 abolenda,
1106 1752 1219 1792 ante
1256 1745 1357 1792 lata
1391 1753 1511 1804 erat,
1537 1762 1682 1809 quam
1715 1762 1802 1809 po-

420 1824 569 1863 testas
616 1817 698 1863 illa
734 1826 982 1866 rectorum
1023 1820 1459 1868 ecclesiasticorum
1497 1821 1800 1884 erigeretur3

419 1891 584 1954 itaque
603 1893 792 1941 sublata
814 1894 897 1942 illa
919 1895 1041 1959 lege,
1078 1904 1294 1944 rectores
1331 1897 1401 1944 illi
1436 1898 1801 1954 authoritatem,

419 1974 597 2028 praeter
633 1969 927 2018 ordinariam
963 1971 1095 2019 illam
1131 1973 1600 2033 excommunicandi,
1625 1974 1676 2022 in
1711 1990 1803 2038 pu-

420 2042 608 2090 niendis
644 2044 885 2094 haereticis
925 2047 1113 2095 nullum
1153 2048 1382 2108 habuere,
1424 2064 1582 2112 neque
1621 2049 1803 2098 habent

419 2116 581 2166 hodie.

486 2193 550 2240 A.
590 2195 863 2243 Haereticus
897 2212 1014 2260 ergo
1050 2197 1195 2246 hodie
1230 2198 1325 2246 alia
1346 2215 1492 2262 poena
1515 2207 1696 2262 praeter
1718 2214 1802 2247 ex-

420 2270 909 2319 communicationem
933 2274 1095 2336 puniri
1119 2290 1218 2321 non
1242 2274 1435 2337 potest?

486 2344 550 2391 B.
587 2345 747 2393 Etiam
787 2348 944 2410 poenis
979 2349 1053 2407 iis,
1088 2365 1195 2412 quae
1232 2351 1801 2410 excommunicationem,

419 2419 599 2467 virtute
646 2421 809 2484 legum
846 2424 1074 2483 civilium,
1111 2435 1488 2489 consequuntur.
1560 2426 1802 2475 Citabitur

420 2495 548 2541 enim
572 2496 635 2543 ad
670 2499 855 2546 curiam
891 2500 1286 2560 ecclesiasticam,
1319 2501 1421 2561 ubi,
1458 2501 1551 2549 nisi
1587 2518 1800 2550 errorem

421 2584 559 2616 suum
597 2571 700 2633 ipse
736 2573 947 2634 damnet,
977 2577 1198 2624 tradetur
1236 2578 1470 2641 potestati
1503 2578 1710 2626 seculari
1749 2566 1800 2626 i'n

421 2660 664 2693 carcerem
699 2649 1062 2711 conjiciendus;
1100 2653 1166 2699 ibi
1202 2669 1472 2713 mansurus,
1514 2654 1670 2702 donec
1701 2653 1802 2702 hae-

421 2720 515 2767 resi
550 2737 649 2769 suae
684 2725 947 2784 renuntiet,
972 2727 1388 2793 penitentiamque
1423 2729 1580 2793 egerit
1613 2729 1801 2793 legibus

422 2796 751 2845 constitutam.

488 2870 551 2918 A.
590 2871 687 2920 Qui
702 2873 814 2921 sciri
837 2883 997 2937 potest
1020 2892 1083 2924 an
1103 2893 1214 2925 vere
1234 2879 1587 2927 renuntiaverit
1610 2894 1763 2927 necne
1783 2878 1799 2926 ἓ
