1968 3236
414 256 508 297 538
728 265 1014 297 APPENDIX
1042 265 1113 296 AD
1143 264 1482 298 LEVIATHAN.

409 387 569 444 debet,
603 385 734 448 quod
757 401 857 432 non
882 401 908 432 e
943 384 1208 447 Scripturis
1240 383 1401 431 Sacris
1426 384 1601 432 deduci
1624 386 1794 448 possit.

410 462 506 510 Sed
529 461 718 508 utinam
743 460 1008 507 deductum
1027 460 1211 507 fuisset.
1282 459 1517 507 Nondum
1541 460 1669 508 enim
1694 462 1795 509 scio

408 554 504 601 quo
525 552 668 584 sensu
683 535 868 597 aliquid
883 536 1149 583 maximum
1169 535 1246 582 vel
1262 551 1493 598 magnum
1515 535 1611 583 dici
1625 536 1794 599 possit,

408 612 541 677 quod
564 628 662 658 non
702 611 763 658 sit
802 627 992 674 corpus.
1066 611 1163 658 Sed
1196 611 1274 658 dic
1312 611 1447 668 mihi,
1473 627 1697 674 quaenam
1721 620 1795 661 est

410 689 686 738 differentia
704 689 834 736 inter
853 688 1007 754 gigni
1031 697 1080 736 et
1096 689 1381 753 procedere
1401 692 1429 737 ,9

474 764 536 812 Β.
573 764 697 811 Vide
739 765 1031 812 Matthaeum
1073 765 1124 825 (i.
1151 766 1256 826 20),
1279 764 1364 811 ubi
1405 766 1607 828 angelus
1646 766 1787 814 Jose-

406 841 556 903 phum
582 840 860 903 alloquitur,
887 840 1080 888 dicens:
1107 840 1187 887 Ne
1211 846 1402 887 metuas
1426 841 1663 906 accipere
1675 841 1796 888 Ma-

406 917 535 962 rium
571 930 773 962 umorem
812 922 976 962 tuam:
1013 915 1150 978 quod
1182 915 1309 962 enim
1339 915 1390 962 iu
1414 915 1508 963 illa
1534 931 1792 966 GENITUM

406 998 496 1049 est,
522 1008 583 1037 ex
609 990 810 1054 Spiritu
835 991 1022 1038 Sancto
1048 997 1140 1038 est.

470 1066 533 1113 A.
572 1067 638 1113 At
681 1066 816 1125 illud,
851 1084 912 1113 ex
952 1066 1150 1130 Spiritu
1189 1067 1375 1114 Sancto
1408 1074 1500 1126 est,
1532 1068 1698 1115 nescio
1730 1084 1794 1116 an

406 1142 649 1205 significat
684 1159 746 1189 ex
785 1141 984 1205 Spiritu
1023 1143 1210 1190 Sancto
1242 1143 1467 1207 genitum
1503 1150 1595 1203 est,
1630 1159 1694 1191 an
1730 1161 1793 1192 ex

407 1217 605 1281 Spiritu
633 1219 819 1265 Sancto
835 1218 1089 1281 procedit.

470 1293 534 1340 B.
575 1294 732 1341 Locus
777 1294 857 1341 hic
902 1294 1112 1341 Matthei
1158 1310 1271 1357 pars
1312 1302 1387 1342 est
1426 1295 1679 1358 Evangelii
1728 1295 1792 1343 ad

402 1368 580 1416 festum
616 1369 1014 1428 circumcisionis,
1039 1370 1125 1417 ubi
1158 1370 1340 1432 legitur
1374 1370 1425 1417 in
1460 1370 1676 1434 liturgia,
1701 1371 1791 1418 sub

404 1444 632 1492 Eduardo
660 1444 807 1492 Sexto
831 1445 981 1492 latine
1006 1445 1152 1503 edita,
1182 1445 1330 1501 Quod
1361 1445 1412 1492 iu
1444 1444 1539 1492 illa
1566 1445 1790 1510 genitum

402 1526 494 1578 est,
515 1537 547 1567 a
563 1520 762 1584 Spiritu
778 1520 965 1568 Sancto
982 1521 1268 1585 profectum
1287 1528 1364 1568 est
1379 1540 1399 1576 ;
1434 1528 1484 1568 et
1507 1522 1568 1569 ab
1587 1521 1792 1569 ecclesia

402 1602 570 1643 nostra
603 1596 673 1643 ita
697 1596 905 1643 vertitur
941 1612 998 1643 ac
1034 1597 1074 1644 si
1099 1597 1335 1660 scriptum
1359 1604 1502 1655 esset,
1534 1613 1567 1644 a
1591 1596 1792 1662 Spiritu

403 1670 587 1717 Sancto
612 1671 759 1718 venit.
829 1670 977 1718 Vides
1015 1687 1132 1734 ergo
1170 1672 1415 1735 quomodo
1455 1672 1619 1720 locum
1653 1671 1790 1719 illum

402 1745 724 1808 interpretata
741 1754 815 1794 est
835 1747 1042 1795 ecclesia
1061 1747 1348 1810 Anglicana,
1364 1756 1414 1795 et
1429 1747 1619 1811 opinor,
1638 1755 1788 1796 recte.

466 1822 530 1868 A.
571 1822 705 1870 Quid
739 1822 924 1885 igitur?
964 1865 967 1868 ⁴
995 1823 1119 1870 Cum
1144 1823 1354 1886 Spiritus
1381 1823 1591 1871 Sanctus
1613 1838 1644 1870 a
1667 1823 1789 1871 Filio

399 1897 649 1958 procedat,
659 1906 715 1944 ut
730 1905 806 1944 est
823 1898 873 1945 in
889 1898 1123 1961 symbolo,
1141 1904 1190 1945 et
1208 1898 1372 1957 Filius,
1380 1905 1436 1946 ut
1453 1898 1504 1945 in
1522 1898 1618 1946 hoc
1633 1904 1788 1958 textu,

398 1972 634 2033 procedat
651 1988 680 2020 a
707 1973 894 2036 Spiritu
919 1973 1117 2032 Sancto,
1138 1981 1187 2021 et
1205 1981 1413 2037 uterque
1425 1973 1632 2037 genitu-5
1656 1974 1789 2022 dica-

397 2055 492 2107 tur,
515 2049 668 2113 gigni
693 2058 742 2096 et
760 2050 1047 2114 procedere
1067 2050 1266 2097 omnino
1285 2049 1479 2097 differre
1503 2065 1606 2097 non
1621 2050 1791 2098 viden·

400 2131 495 2171 tur.
535 2124 781 2173 Quorsum
802 2126 952 2173 verba
967 2126 1050 2173 illa
1065 2126 1289 2174 distinxit
1304 2125 1512 2174 ecclesia
1530 2124 1786 2174 Romana?

465 2200 529 2246 B.
568 2200 763 2248 Nescio.
842 2201 947 2250 Scis
1000 2210 1166 2250 autem
1220 2202 1488 2265 Sphingem
1526 2201 1788 2265 aenigmate

400 2275 646 2336 quondam
670 2275 818 2323 fuisse
840 2277 1023 2340 populo
1047 2277 1420 2325 formidabilem.

463 2350 526 2398 A.
566 2351 727 2399 Quam
770 2352 1134 2401 distinctionem
1175 2354 1348 2401 harum
1382 2368 1559 2401 vocum
1598 2351 1788 2400 faciunt

399 2426 565 2474 Patres
586 2427 602 2473 ?
1263 2472 1268 2478 .

463 2503 527 2549 B.
566 2502 763 2550 Nullam
805 2519 953 2566 quam
991 2520 1082 2566 ego
1108 2504 1223 2551 vidi.
1294 2504 1503 2568 Cyrillus
1540 2502 1674 2560 dicit,
1710 2502 1786 2551 ita

397 2594 451 2623 se
474 2578 658 2625 habere
682 2578 863 2626 Filium
894 2580 966 2627 ad
999 2580 1247 2644 Spiritum
1271 2580 1522 2637 Sanctum,
1548 2585 1603 2626 ut
1627 2578 1785 2626 Pater

396 2653 468 2700 ad
493 2652 687 2701 Filium.

462 2728 526 2774 A.
563 2728 771 2775 Videtur
786 2744 904 2792 ergo
921 2729 1102 2793 Cyrillo
1119 2729 1291 2776 Filium
1306 2729 1532 2793 genuisse
1548 2728 1784 2792 Spiritum

398 2802 648 2861 Sanctum,
665 2804 796 2851 etsie
812 2820 980 2851 rursus
995 2803 1125 2850 idem
1142 2820 1245 2851 esse
1261 2805 1412 2869 gigni
1427 2812 1476 2851 et
1483 2803 1781 2868 procedere.

398 2876 520 2924 Mihi
544 2894 660 2925 vero
685 2880 801 2926 satis
824 2880 1133 2942 perspicuum
1152 2888 1227 2927 est
1251 2879 1424 2926 Filium
1445 2879 1535 2926 Dei
1558 2878 1782 2941 genitum

401 2966 503 2998 esse
542 2969 571 2999 a
611 2953 730 3011 Deo,
757 2955 838 3016 qui
879 2962 1032 3002 totam
1073 2953 1442 3016 comprehendit
1475 2953 1781 3000 Trinitatem.
