1968 3236
149 353 252 385 CAP.
269 353 379 386 XL11.

173 409 362 429 κ-Ὓῄφ

170 455 213 482 De
227 458 366 491 potestate

167 497 371 527 ecclesiastica.

415 213 512 256 416
736 224 806 256 DE
835 222 1089 257 clvrTA'rE
1118 221 1475 255 CHRISTIANA.

415 334 557 397 pibus
576 335 755 382 nostris
771 350 889 392 esse,
917 334 1002 381 sed
1020 333 1167 381 etiam
1193 333 1351 396 Papae,
1369 334 1453 396 qui
1478 340 1552 382 est
1571 335 1800 398 princeps

418 418 662 469 externus,
687 411 995 473 imposuisset
1020 409 1159 457 nobis
1184 425 1306 456 onus
1330 426 1429 457 non
1454 410 1609 457 solum
1632 425 1798 474 grave,

418 485 504 533 sed
528 486 672 533 etiam
697 485 828 548 quod
854 485 1076 532 Christus
1112 484 1216 547 ipse
1256 485 1457 545 (Matth.
1481 485 1544 532 vi.
1570 487 1655 547 24)
1683 501 1798 549 pro-

418 560 660 608 nuntiavit
683 576 787 607 esse
811 559 1124 622 impossibile,
1161 576 1336 622 nempe
1373 559 1560 608 duobus
1585 561 1799 608 dominis

417 635 564 682 simul
575 635 779 682 servire.
807 635 1101 698 Quanquam
1117 643 1281 682 autem
1299 635 1507 683 Sanctus
1522 636 1698 684 Paulus
1711 636 1798 684 ali-

418 710 528 757 cubi
548 711 597 769 (2
616 710 725 757 Cor.
742 710 843 757 xiii.
870 712 948 771 10)
973 711 1132 758 dicat:
1159 711 1375 758 “Scribo
1395 711 1500 758 hoec
1525 711 1718 771 absem’,
1738 729 1799 760 ne

408 802 635 850 praesen-s·
654 792 822 833 uterer
846 786 1135 844 acrimonia,
1148 787 1304 849 juata
1319 793 1629 851 potestatem
1652 804 1798 852 qaam

418 861 536 908 mihi
555 860 784 908 Christus
804 861 943 909 dedit
960 862 1008 916 ,·''
1034 878 1132 910 non
1148 869 1313 909 tamen
1331 861 1570 909 intellexit
1591 863 1798 910 Sanctus

420 937 591 984 Paulus
615 945 908 999 potestatem
933 938 1023 985 sibi
1059 937 1223 985 datam
1243 953 1346 984 esse
1370 937 1626 985 occidendi
1645 953 1798 1001 quen-

418 1029 576 1075 quam,
596 1021 681 1060 aut
699 1013 1048 1072 incarcerandi,
1069 1021 1155 1061 aut
1169 1013 1397 1061 mittendi
1417 1014 1467 1060 in
1489 1013 1799 1071 exilium‚aut

416 1088 707 1151 flagellandi,
731 1098 816 1136 aut
838 1090 1046 1152 pecunia
1069 1089 1338 1137 mulctandi
1359 1111 1371 1144 ;
1397 1089 1484 1137 sed
1502 1097 1695 1137 tantum
1714 1105 1798 1137 ex-

418 1163 823 1222 communicandi,
851 1164 899 1212 id
937 1172 1024 1223 est,
1052 1165 1156 1212 sine
1179 1172 1424 1228 potestate
1449 1165 1578 1213 civili
1602 1181 1797 1214 excom·

417 1239 715 1286 municatum
740 1240 958 1303 fugiendi
985 1261 996 1295 ;
1023 1240 1073 1287 id
1098 1240 1230 1303 quod
1252 1256 1586 1304 saepenumero
1605 1257 1799 1289 excom-

417 1314 682 1362 municanti
705 1332 849 1378 quam
874 1318 1292 1365 excommunicato
1311 1316 1508 1380 gravius
1531 1324 1622 1366 est.

484 1389 727 1453 Septimus
764 1391 899 1439 locus
948 1398 964 1439 l
1010 1392 1121 1440 Cor.
1160 1392 1222 1439 iv.
1249 1398 1304 1441 21
1330 1410 1342 1439 :
1416 1391 1554 1448 Quid
1590 1391 1742 1440 vulti-s·
1765 1395 1795 1441 9

421 1465 540 1512 Cum
563 1466 712 1530 virga
747 1467 936 1515 veniam
971 1467 1044 1515 ad
1072 1484 1171 1525 vos,
1209 1484 1274 1515 an
1311 1483 1418 1515 cum
1453 1467 1707 1515 charitate
1743 1474 1795 1515 et

415 1540 598 1603 spiritu
639 1541 897 1590 lenitatis?
992 1543 1088 1590 Hic
1129 1558 1295 1590 rursus
1333 1542 1551 1606 loquitur
1589 1543 1797 1592 Sanctus

418 1616 591 1663 Paulus
614 1632 712 1664 non
739 1617 798 1664 de
821 1618 1091 1680 punitione,
1113 1618 1199 1666 sed
1223 1618 1282 1666 de
1318 1633 1523 1666 censura
1546 1618 1799 1667 ecclesias-

415 1690 527 1749 tica,
566 1708 674 1754 quae
707 1708 793 1740 sua
832 1701 1008 1740 natura
1042 1710 1188 1757 poena
1214 1710 1314 1741 non
1338 1702 1428 1752 est,
1454 1692 1541 1740 sed
1564 1709 1722 1757 poenae
1746 1694 1798 1743 in

416 1766 578 1813 seculo
602 1775 808 1815 venturo
834 1767 1155 1817 denuntiatio.
1226 1769 1459 1816 Nondum
1484 1784 1602 1832 ergo
1635 1777 1800 1833 potes-

416 1849 566 1889 tatem
591 1843 802 1906 episcopi
829 1845 1036 1892 Romani
1059 1845 1287 1908 probavit
1311 1861 1414 1892 esse
1438 1844 1773 1908 legislativam.

484 1919 639 1967 Locus
680 1927 879 1968 octavus
918 1929 990 1968 est
1017 1928 1034 1969 l
1064 1922 1187 1968 Tim.
1212 1921 1280 1968 iii.
1307 1927 1336 1969 2
1364 1940 1375 1967 :
1412 1926 1611 1986 oportet
1634 1926 1798 1968 autem

417 1993 697 2057 episcopum
732 1996 871 2042 anias
907 1996 1078 2044 amoris
1115 1997 1272 2044 viram
1310 2012 1419 2043 esse
1437 2013 1455 2043 .·
1490 2011 1635 2058 quam
1679 1994 1799 2043 dicit

416 2085 520 2116 esse
555 2070 726 2133 legem.
796 2071 1112 2119 Credideram
1145 2071 1358 2134 quidem,
1393 2070 1712 2134 legislativam
1745 2070 1798 2119 in

416 2145 620 2192 ecclesia
643 2153 932 2208 potestatem
957 2147 1047 2194 soli
1071 2147 1287 2195 ecclesiae
1302 2146 1596 2205 monarchae,
1617 2146 1797 2195 Sancto

418 2219 576 2279 Petro,
594 2238 874 2270 concessam
890 2238 1006 2270 esse.
1079 2223 1392 2270 Contrarium
1408 2229 1572 2270 autem
1594 2229 1797 2285 apparet

416 2311 474 2342 ex
500 2295 591 2343 hoc
615 2305 769 2354 textu,
793 2313 905 2344 cum
922 2298 1099 2345 Paulus
1118 2298 1266 2346 etiam
1280 2304 1576 2362 potestatem
1590 2297 1797 2346 eandem

415 2370 653 2419 habuerit.
724 2373 902 2420 Dicent
925 2373 1068 2431 forte,
1090 2373 1238 2421 Paulo
1263 2390 1293 2421 a
1316 2374 1460 2422 Petro
1494 2381 1797 2437 praeceptum

415 2445 506 2493 hoc
531 2447 698 2494 datum
722 2464 839 2495 esse.
911 2448 1083 2511 Neque
1120 2457 1284 2496 tamen
1319 2449 1388 2497 sic
1422 2449 1501 2497 lex
1524 2449 1647 2505 erit3
1683 2465 1798 2497 cum

413 2521 694 2570 Timotheus
713 2539 871 2586 neque
896 2523 1026 2571 Petri
1049 2540 1207 2587 neque
1233 2525 1367 2572 Pauli
1392 2524 1616 2573 subditus
1651 2532 1795 2583 esset,

414 2596 498 2642 sed
523 2597 802 2661 discipulus.

478 2671 660 2720 Textus
680 2689 836 2721 nonus
861 2681 935 2721 est
966 2674 1175 2722 lTim.v.
1192 2680 1278 2722 19:
1304 2676 1562 2724 Adversas
1578 2673 1796 2739 presby-

413 2751 569 2793 terum
604 2748 967 2796 accusationem
1003 2766 1063 2797 nc
1096 2750 1326 2814 recipit0‚
1351 2750 1450 2798 nisi
1481 2750 1572 2798 sab
1609 2749 1797 2798 duobus

412 2826 499 2867 aut
540 2822 698 2869 tribus
739 2823 964 2872 testibus.
1052 2825 1357 2888 Respondeo,
1400 2834 1454 2874 ut
1493 2841 1623 2890 saepe
1663 2832 1793 2884 ante,
