<?xml version="1.0" encoding="UTF-8"?>
<!DOCTYPE html PUBLIC "-//W3C//DTD XHTML 1.0 Transitional//EN"
    "http://www.w3.org/TR/xhtml1/DTD/xhtml1-transitional.dtd">
<html xmlns="http://www.w3.org/1999/xhtml" xml:lang="en" lang="en">
 <head>
  <title>
</title>
<meta http-equiv="Content-Type" content="text/html;charset=utf-8" />
  <meta name='ocr-system' content='tesseract 3.04.00' />
  <meta name='ocr-capabilities' content='ocr_page ocr_carea ocr_par ocr_line ocrx_word'/>
</head>
<body>
  <div class='ocr_page' id='page_1' title='image "./operaphilosophic03hobbuoft_0074.png"; bbox 0 0 1910 3236; ppageno 0'>
   <div class='ocr_carea' id='block_1_1' title="bbox 50 362 309 625">
    <p class='ocr_par' dir='ltr' id='par_1_1' title="bbox 50 362 309 625">
     <span class='ocr_line' id='line_1_1' title="bbox 72 362 298 396; baseline 0.009 -2"><span class='ocrx_word' id='word_1_1' title='bbox 72 362 130 394; x_wconf 88' lang='lat' dir='ltr'>CA</span> <span class='ocrx_word' id='word_1_2' title='bbox 138 363 161 394; x_wconf 87' lang='lat' dir='ltr'><strong>P</strong></span> <span class='ocrx_word' id='word_1_3' title='bbox 167 386 176 395; x_wconf 89' lang='lat'><strong>.</strong></span> <span class='ocrx_word' id='word_1_4' title='bbox 195 363 244 394; x_wconf 80' lang='lat' dir='ltr'>VI</span> <span class='ocrx_word' id='word_1_5' title='bbox 251 363 283 395; x_wconf 82' lang='grc' dir='ltr'>ΙΙ</span> <span class='ocrx_word' id='word_1_6' title='bbox 289 386 298 396; x_wconf 88' lang='grc'><strong>.</strong></span> 
     </span>
     <span class='ocr_line' id='line_1_2' title="bbox 91 418 282 440; baseline 0 -8"><span class='ocrx_word' id='word_1_7' title='bbox 91 418 282 440; x_wconf 34' lang='grc' dir='ltr'>ψ-Ὑ-α</span> 
     </span>
     <span class='ocr_line' id='line_1_3' title="bbox 51 457 266 487; baseline 0.009 -3"><span class='ocrx_word' id='word_1_8' title='bbox 51 457 96 484; x_wconf 85' lang='lat' dir='ltr'>De</span> <span class='ocrx_word' id='word_1_9' title='bbox 108 458 266 487; x_wconf 84' lang='lat' dir='ltr'>virtutibus</span> 
     </span>
     <span class='ocr_line' id='line_1_4' title="bbox 50 501 309 535; baseline 0.008 -7"><span class='ocrx_word' id='word_1_10' title='bbox 50 501 296 530; x_wconf 81' lang='lat' dir='ltr'>intellectualibus</span> <span class='ocrx_word' id='word_1_11' title='bbox 304 513 309 535; x_wconf 90' lang='lat'><em>;</em></span> 
     </span>
     <span class='ocr_line' id='line_1_5' title="bbox 50 545 270 584; baseline 0.009 -12"><span class='ocrx_word' id='word_1_12' title='bbox 50 545 270 584; x_wconf 80' lang='lat' dir='ltr'><strong>defectibusque</strong></span> 
     </span>
     <span class='ocr_line' id='line_1_6' title="bbox 50 589 196 625; baseline 0.007 -10"><span class='ocrx_word' id='word_1_13' title='bbox 50 589 196 625; x_wconf 68' lang='lat' dir='ltr'>oppositis,</span> 
     </span>
    </p>
   </div>
   <div class='ocr_carea' id='block_1_2' title="bbox 334 216 1200 258">
    <p class='ocr_par' dir='ltr' id='par_1_2' title="bbox 334 216 1200 258">
     <span class='ocr_line' id='line_1_7' title="bbox 334 216 1200 258; baseline -0.002 0"><span class='ocrx_word' id='word_1_14' title='bbox 334 216 398 258; x_wconf 86' lang='lat'>62</span> <span class='ocrx_word' id='word_1_15' title='bbox 858 224 928 256; x_wconf 86' lang='lat' dir='ltr'>DE</span> <span class='ocrx_word' id='word_1_16' title='bbox 958 223 1200 257; x_wconf 82' lang='lat' dir='ltr'><strong>HOMINE.</strong></span> 
     </span>
    </p>
   </div>
   <div class='ocr_carea' id='block_1_3' title="bbox 334 335 1739 2917">
    <p class='ocr_par' dir='ltr' id='par_1_3' title="bbox 334 335 1739 2917">
     <span class='ocr_line' id='line_1_8' title="bbox 336 335 1736 398; baseline -0.001 -14"><span class='ocrx_word' id='word_1_17' title='bbox 336 337 472 384; x_wconf 88' lang='lat' dir='ltr'>rimis</span> <span class='ocrx_word' id='word_1_18' title='bbox 492 352 521 383; x_wconf 89' lang='lat' dir='ltr'>a</span> <span class='ocrx_word' id='word_1_19' title='bbox 537 336 744 384; x_wconf 91' lang='lat' dir='ltr'>Diabolo</span> <span class='ocrx_word' id='word_1_20' title='bbox 764 335 1040 398; x_wconf 85' lang='lat' dir='ltr'>profectum</span> <span class='ocrx_word' id='word_1_21' title='bbox 1062 351 1166 382; x_wconf 89' lang='lat' dir='ltr'>esse</span> <span class='ocrx_word' id='word_1_22' title='bbox 1186 335 1556 383; x_wconf 85' lang='lat' dir='ltr'>existimabatur</span> <span class='ocrx_word' id='word_1_23' title='bbox 1574 355 1584 389; x_wconf 79' lang='lat'><em>3</em></span> <span class='ocrx_word' id='word_1_24' title='bbox 1611 351 1736 383; x_wconf 86' lang='lat' dir='ltr'>unus</span> 
     </span>
     <span class='ocr_line' id='line_1_9' title="bbox 337 412 1736 475; baseline -0.001 -15"><span class='ocrx_word' id='word_1_25' title='bbox 337 421 503 461; x_wconf 89' lang='lat' dir='ltr'>autem</span> <span class='ocrx_word' id='word_1_26' title='bbox 534 421 656 471; x_wconf 88' lang='lat' dir='ltr'>erat,</span> <span class='ocrx_word' id='word_1_27' title='bbox 694 412 777 475; x_wconf 89' lang='lat' dir='ltr'>qui</span> <span class='ocrx_word' id='word_1_28' title='bbox 813 412 1032 475; x_wconf 88' lang='lat' dir='ltr'>ipsarum</span> <span class='ocrx_word' id='word_1_29' title='bbox 1074 419 1411 475; x_wconf 85' lang='lat' dir='ltr'>contemptum</span> <span class='ocrx_word' id='word_1_30' title='bbox 1451 412 1583 459; x_wconf 88' lang='lat' dir='ltr'>hunc</span> <span class='ocrx_word' id='word_1_31' title='bbox 1621 413 1736 459; x_wconf 89' lang='lat' dir='ltr'>vitae</span> 
     </span>
     <span class='ocr_line' id='line_1_10' title="bbox 338 488 1736 552; baseline -0.001 -15"><span class='ocrx_word' id='word_1_32' title='bbox 338 490 455 537; x_wconf 88' lang='lat' dir='ltr'>oriri</span> <span class='ocrx_word' id='word_1_33' title='bbox 479 489 540 536; x_wconf 90' lang='lat' dir='ltr'>ab</span> <span class='ocrx_word' id='word_1_34' title='bbox 565 489 716 536; x_wconf 89' lang='lat' dir='ltr'>animi</span> <span class='ocrx_word' id='word_1_35' title='bbox 740 488 906 551; x_wconf 90' lang='lat' dir='ltr'>aliqua</span> <span class='ocrx_word' id='word_1_36' title='bbox 935 488 1160 551; x_wconf 82' lang='lat' dir='ltr'>passione</span> <span class='ocrx_word' id='word_1_37' title='bbox 1197 488 1471 551; x_wconf 88' lang='lat' dir='ltr'>suspicatus</span> <span class='ocrx_word' id='word_1_38' title='bbox 1495 497 1598 543; x_wconf 87' lang='lat' dir='ltr'>est;</span> <span class='ocrx_word' id='word_1_39' title='bbox 1646 505 1736 552; x_wconf 88' lang='lat' dir='ltr'>pu-</span> 
     </span>
     <span class='ocr_line' id='line_1_11' title="bbox 337 565 1737 628; baseline 0 -16"><span class='ocrx_word' id='word_1_40' title='bbox 337 574 546 628; x_wconf 88' lang='lat' dir='ltr'>tansque</span> <span class='ocrx_word' id='word_1_41' title='bbox 570 565 677 613; x_wconf 87' lang='lat' dir='ltr'>illas</span> <span class='ocrx_word' id='word_1_42' title='bbox 701 581 802 612; x_wconf 91' lang='lat' dir='ltr'>non</span> <span class='ocrx_word' id='word_1_43' title='bbox 825 573 882 612; x_wconf 93' lang='lat' dir='ltr'>ut</span> <span class='ocrx_word' id='word_1_44' title='bbox 899 565 1067 624; x_wconf 89' lang='lat' dir='ltr'>vitam,</span> <span class='ocrx_word' id='word_1_45' title='bbox 1088 565 1158 612; x_wconf 88' lang='lat' dir='ltr'>sic</span> <span class='ocrx_word' id='word_1_46' title='bbox 1181 565 1419 612; x_wconf 83' lang='lat' dir='ltr'>honorem</span> <span class='ocrx_word' id='word_1_47' title='bbox 1444 565 1593 612; x_wconf 88' lang='lat' dir='ltr'>etiam</span> <span class='ocrx_word' id='word_1_48' title='bbox 1619 580 1737 612; x_wconf 87' lang='lat' dir='ltr'>oon—</span> 
     </span>
     <span class='ocr_line' id='line_1_12' title="bbox 337 640 1736 705; baseline -0.001 -16"><span class='ocrx_word' id='word_1_49' title='bbox 337 642 609 705; x_wconf 82' lang='lat' dir='ltr'>tempsisse,</span> <span class='ocrx_word' id='word_1_50' title='bbox 629 641 996 704; x_wconf 84' lang='lat' dir='ltr'>magistratibus</span> <span class='ocrx_word' id='word_1_51' title='bbox 1021 641 1279 689; x_wconf 87' lang='lat' dir='ltr'>consilium</span> <span class='ocrx_word' id='word_1_52' title='bbox 1303 640 1455 699; x_wconf 82' lang='lat' dir='ltr'>dedit,</span> <span class='ocrx_word' id='word_1_53' title='bbox 1475 648 1531 688; x_wconf 92' lang='lat' dir='ltr'>ut</span> <span class='ocrx_word' id='word_1_54' title='bbox 1555 657 1666 704; x_wconf 88' lang='lat' dir='ltr'>quae</span> <span class='ocrx_word' id='word_1_55' title='bbox 1686 657 1736 688; x_wconf 92' lang='lat' dir='ltr'>se</span> 
     </span>
     <span class='ocr_line' id='line_1_13' title="bbox 337 717 1736 781; baseline -0.001 -16"><span class='ocrx_word' id='word_1_56' title='bbox 337 718 685 781; x_wconf 82' lang='lat' dir='ltr'>suspenderint</span> <span class='ocrx_word' id='word_1_57' title='bbox 707 717 855 765; x_wconf 86' lang='lat' dir='ltr'>nudae</span> <span class='ocrx_word' id='word_1_58' title='bbox 877 717 1167 781; x_wconf 86' lang='lat' dir='ltr'>penderent.</span> <span class='ocrx_word' id='word_1_59' title='bbox 1239 717 1389 766; x_wconf 77' lang='lat' dir='ltr'>Quod</span> <span class='ocrx_word' id='word_1_60' title='bbox 1412 734 1525 765; x_wconf 89' lang='lat' dir='ltr'>cum</span> <span class='ocrx_word' id='word_1_61' title='bbox 1547 717 1736 765; x_wconf 85' lang='lat' dir='ltr'>factum</span> 
     </span>
     <span class='ocr_line' id='line_1_14' title="bbox 337 793 1735 849; baseline -0.001 -8"><span class='ocrx_word' id='word_1_62' title='bbox 337 802 478 849; x_wconf 91' lang='lat' dir='ltr'>esset,</span> <span class='ocrx_word' id='word_1_63' title='bbox 504 794 694 841; x_wconf 90' lang='lat' dir='ltr'>insania</span> <span class='ocrx_word' id='word_1_64' title='bbox 719 794 804 841; x_wconf 89' lang='lat' dir='ltr'>illa</span> <span class='ocrx_word' id='word_1_65' title='bbox 828 793 988 841; x_wconf 90' lang='lat' dir='ltr'>desiit.</span> <span class='ocrx_word' id='word_1_66' title='bbox 1053 793 1209 841; x_wconf 90' lang='lat' dir='ltr'>Iidem</span> <span class='ocrx_word' id='word_1_67' title='bbox 1233 800 1397 840; x_wconf 88' lang='lat' dir='ltr'>autem</span> <span class='ocrx_word' id='word_1_68' title='bbox 1422 793 1581 841; x_wconf 77' lang='lat' dir='ltr'>Graeci</span> <span class='ocrx_word' id='word_1_69' title='bbox 1605 793 1735 841; x_wconf 89' lang='lat' dir='ltr'>insa-</span> 
     </span>
     <span class='ocr_line' id='line_1_15' title="bbox 334 869 1735 934; baseline -0.001 -16"><span class='ocrx_word' id='word_1_70' title='bbox 334 871 467 918; x_wconf 87' lang='lat' dir='ltr'>niam</span> <span class='ocrx_word' id='word_1_71' title='bbox 491 870 780 934; x_wconf 91' lang='lat' dir='ltr'>plerumque</span> <span class='ocrx_word' id='word_1_72' title='bbox 803 870 1133 918; x_wconf 88' lang='lat' dir='ltr'>Eumenidum</span> <span class='ocrx_word' id='word_1_73' title='bbox 1157 869 1258 917; x_wconf 87' lang='lat' dir='ltr'>sive</span> <span class='ocrx_word' id='word_1_74' title='bbox 1282 870 1540 917; x_wconf 82' lang='lat' dir='ltr'>Furiarum</span> <span class='ocrx_word' id='word_1_75' title='bbox 1563 885 1735 932; x_wconf 90' lang='lat' dir='ltr'>opera-</span> 
     </span>
     <span class='ocr_line' id='line_1_16' title="bbox 335 945 1736 1009; baseline -0.001 -15"><span class='ocrx_word' id='word_1_76' title='bbox 335 947 569 1005; x_wconf 81' lang='lat' dir='ltr'>tionibus,</span> <span class='ocrx_word' id='word_1_77' title='bbox 584 947 662 994; x_wconf 89' lang='lat' dir='ltr'>vel</span> <span class='ocrx_word' id='word_1_78' title='bbox 678 946 977 1005; x_wconf 89' lang='lat' dir='ltr'>Cereris,vel</span> <span class='ocrx_word' id='word_1_79' title='bbox 996 945 1184 1003; x_wconf 86' lang='lat' dir='ltr'>Phoebi,</span> <span class='ocrx_word' id='word_1_80' title='bbox 1199 946 1502 1009; x_wconf 90' lang='lat' dir='ltr'>aliorumque</span> <span class='ocrx_word' id='word_1_81' title='bbox 1518 947 1736 993; x_wconf 89' lang='lat' dir='ltr'>Deorum</span> 
     </span>
     <span class='ocr_line' id='line_1_17' title="bbox 335 1022 1736 1085; baseline -0.001 -15"><span class='ocrx_word' id='word_1_82' title='bbox 335 1023 682 1070; x_wconf 83' lang='lat' dir='ltr'>attribuerunt.</span> <span class='ocrx_word' id='word_1_83' title='bbox 753 1023 970 1070; x_wconf 89' lang='lat' dir='ltr'>Tantum</span> <span class='ocrx_word' id='word_1_84' title='bbox 989 1022 1121 1070; x_wconf 92' lang='lat' dir='ltr'>enim</span> <span class='ocrx_word' id='word_1_85' title='bbox 1143 1022 1571 1085; x_wconf 84' lang='lat' dir='ltr'>phantasmatibus</span> <span class='ocrx_word' id='word_1_86' title='bbox 1596 1022 1736 1069; x_wconf 87' lang='lat' dir='ltr'>attri-</span> 
     </span>
     <span class='ocr_line' id='line_1_18' title="bbox 334 1097 1737 1161; baseline -0.001 -14"><span class='ocrx_word' id='word_1_87' title='bbox 334 1100 578 1147; x_wconf 88' lang='lat' dir='ltr'>buebatur</span> <span class='ocrx_word' id='word_1_88' title='bbox 612 1099 866 1158; x_wconf 89' lang='lat' dir='ltr'>realitatis,</span> <span class='ocrx_word' id='word_1_89' title='bbox 899 1106 956 1146; x_wconf 91' lang='lat' dir='ltr'>ut</span> <span class='ocrx_word' id='word_1_90' title='bbox 993 1097 1223 1146; x_wconf 89' lang='lat' dir='ltr'>animalia</span> <span class='ocrx_word' id='word_1_91' title='bbox 1260 1113 1403 1145; x_wconf 89' lang='lat' dir='ltr'>aerea</span> <span class='ocrx_word' id='word_1_92' title='bbox 1441 1106 1737 1161; x_wconf 87' lang='lat' dir='ltr'>putarentur</span> 
     </span>
     <span class='ocr_line' id='line_1_19' title="bbox 334 1174 1735 1240; baseline -0.001 -17"><span class='ocrx_word' id='word_1_93' title='bbox 334 1183 743 1240; x_wconf 88' lang='lat' dir='ltr'>vocarenturque.</span> <span class='ocrx_word' id='word_1_94' title='bbox 787 1175 999 1223; x_wconf 86' lang='lat' dir='ltr'>Romani</span> <span class='ocrx_word' id='word_1_95' title='bbox 1018 1175 1182 1234; x_wconf 89' lang='lat' dir='ltr'>etiam,</span> <span class='ocrx_word' id='word_1_96' title='bbox 1204 1182 1252 1222; x_wconf 88' lang='lat' dir='ltr'>et</span> <span class='ocrx_word' id='word_1_97' title='bbox 1270 1175 1298 1222; x_wconf 89' lang='lat' dir='ltr'><strong>J</strong></span> <span class='ocrx_word' id='word_1_98' title='bbox 1303 1174 1558 1223; x_wconf 87' lang='lat' dir='ltr'>udaeorum</span> <span class='ocrx_word' id='word_1_99' title='bbox 1577 1175 1735 1233; x_wconf 89' lang='lat' dir='ltr'>multi,</span> 
     </span>
     <span class='ocr_line' id='line_1_20' title="bbox 336 1250 1736 1300; baseline -0.002 0"><span class='ocrx_word' id='word_1_100' title='bbox 336 1252 396 1300; x_wconf 93' lang='lat' dir='ltr'>de</span> <span class='ocrx_word' id='word_1_101' title='bbox 420 1252 513 1300; x_wconf 86' lang='lat' dir='ltr'>hae</span> <span class='ocrx_word' id='word_1_102' title='bbox 546 1268 600 1299; x_wconf 91' lang='lat' dir='ltr'>re</span> <span class='ocrx_word' id='word_1_103' title='bbox 632 1269 745 1299; x_wconf 85' lang='lat' dir='ltr'>oum</span> <span class='ocrx_word' id='word_1_104' title='bbox 780 1251 964 1299; x_wconf 81' lang='lat' dir='ltr'>Graecis</span> <span class='ocrx_word' id='word_1_105' title='bbox 997 1258 1377 1298; x_wconf 85' lang='lat' dir='ltr'>consenserunt:</span> <span class='ocrx_word' id='word_1_106' title='bbox 1419 1250 1580 1298; x_wconf 84' lang='lat' dir='ltr'>Judaei</span> <span class='ocrx_word' id='word_1_107' title='bbox 1605 1251 1736 1298; x_wconf 91' lang='lat' dir='ltr'>enim</span> 
     </span>
     <span class='ocr_line' id='line_1_21' title="bbox 334 1326 1735 1391; baseline -0.002 -15"><span class='ocrx_word' id='word_1_108' title='bbox 334 1329 533 1377; x_wconf 88' lang='lat' dir='ltr'>insanos</span> <span class='ocrx_word' id='word_1_109' title='bbox 557 1335 644 1376; x_wconf 91' lang='lat' dir='ltr'>aut</span> <span class='ocrx_word' id='word_1_110' title='bbox 666 1327 931 1391; x_wconf 92' lang='lat' dir='ltr'>prophetas</span> <span class='ocrx_word' id='word_1_111' title='bbox 957 1342 1077 1384; x_wconf 87' lang='lat' dir='ltr'>esse,</span> <span class='ocrx_word' id='word_1_112' title='bbox 1104 1334 1204 1384; x_wconf 90' lang='lat' dir='ltr'>aut,</span> <span class='ocrx_word' id='word_1_113' title='bbox 1229 1333 1376 1389; x_wconf 90' lang='lat' dir='ltr'>prout</span> <span class='ocrx_word' id='word_1_114' title='bbox 1404 1326 1603 1389; x_wconf 89' lang='lat' dir='ltr'>spiritus</span> <span class='ocrx_word' id='word_1_115' title='bbox 1626 1326 1735 1374; x_wconf 88' lang='lat' dir='ltr'>illos</span> 
     </span>
     <span class='ocr_line' id='line_1_22' title="bbox 334 1403 1732 1466; baseline -0.003 -12"><span class='ocrx_word' id='word_1_116' title='bbox 334 1406 413 1454; x_wconf 85' lang='lat' dir='ltr'>vel</span> <span class='ocrx_word' id='word_1_117' title='bbox 435 1407 591 1454; x_wconf 90' lang='lat' dir='ltr'>bonos</span> <span class='ocrx_word' id='word_1_118' title='bbox 615 1405 693 1453; x_wconf 89' lang='lat' dir='ltr'>vel</span> <span class='ocrx_word' id='word_1_119' title='bbox 716 1404 870 1452; x_wconf 89' lang='lat' dir='ltr'>malos</span> <span class='ocrx_word' id='word_1_120' title='bbox 903 1420 1008 1452; x_wconf 88' lang='lat' dir='ltr'>esse</span> <span class='ocrx_word' id='word_1_121' title='bbox 1039 1411 1353 1466; x_wconf 88' lang='lat' dir='ltr'>putaverunt,</span> <span class='ocrx_word' id='word_1_122' title='bbox 1376 1403 1732 1452; x_wconf 76' lang='lat' dir='ltr'>daemoniacos:</span> 
     </span>
     <span class='ocr_line' id='line_1_23' title="bbox 334 1479 1736 1545; baseline -0.001 -15"><span class='ocrx_word' id='word_1_123' title='bbox 334 1483 487 1545; x_wconf 86' lang='lat' dir='ltr'>aliqui</span> <span class='ocrx_word' id='word_1_124' title='bbox 511 1482 659 1530; x_wconf 87' lang='lat' dir='ltr'>etiam</span> <span class='ocrx_word' id='word_1_125' title='bbox 683 1497 854 1529; x_wconf 90' lang='lat' dir='ltr'>eorum</span> <span class='ocrx_word' id='word_1_126' title='bbox 887 1479 1097 1528; x_wconf 91' lang='lat' dir='ltr'>eundem</span> <span class='ocrx_word' id='word_1_127' title='bbox 1121 1479 1370 1527; x_wconf 90' lang='lat' dir='ltr'>hominem</span> <span class='ocrx_word' id='word_1_128' title='bbox 1395 1487 1445 1527; x_wconf 87' lang='lat' dir='ltr'>et</span> <span class='ocrx_word' id='word_1_129' title='bbox 1469 1479 1736 1528; x_wconf 78' lang='lat' dir='ltr'>daemonia-</span> 
     </span>
     <span class='ocr_line' id='line_1_24' title="bbox 336 1556 1735 1622; baseline -0.001 -16"><span class='ocrx_word' id='word_1_130' title='bbox 336 1575 450 1606; x_wconf 83' lang='lat' dir='ltr'>cum</span> <span class='ocrx_word' id='word_1_131' title='bbox 469 1566 518 1606; x_wconf 92' lang='lat' dir='ltr'>et</span> <span class='ocrx_word' id='word_1_132' title='bbox 535 1558 844 1622; x_wconf 89' lang='lat' dir='ltr'>prophetam.</span> <span class='ocrx_word' id='word_1_133' title='bbox 916 1556 1027 1603; x_wconf 88' lang='lat' dir='ltr'>Hoc</span> <span class='ocrx_word' id='word_1_134' title='bbox 1047 1564 1214 1603; x_wconf 88' lang='lat' dir='ltr'>tamen</span> <span class='ocrx_word' id='word_1_135' title='bbox 1232 1556 1285 1603; x_wconf 92' lang='lat' dir='ltr'>in</span> <span class='ocrx_word' id='word_1_136' title='bbox 1303 1556 1533 1619; x_wconf 83' lang='lat' dir='ltr'>gentibus</span> <span class='ocrx_word' id='word_1_137' title='bbox 1552 1556 1735 1604; x_wconf 90' lang='lat' dir='ltr'>miran-</span> 
     </span>
     <span class='ocr_line' id='line_1_25' title="bbox 336 1632 1735 1696; baseline -0.003 -13"><span class='ocrx_word' id='word_1_138' title='bbox 336 1636 455 1683; x_wconf 93' lang='lat' dir='ltr'>dum</span> <span class='ocrx_word' id='word_1_139' title='bbox 469 1651 570 1682; x_wconf 91' lang='lat' dir='ltr'>non</span> <span class='ocrx_word' id='word_1_140' title='bbox 590 1641 685 1688; x_wconf 79' lang='lat' dir='ltr'>est:</span> <span class='ocrx_word' id='word_1_141' title='bbox 711 1633 829 1696; x_wconf 89' lang='lat' dir='ltr'>quia</span> <span class='ocrx_word' id='word_1_142' title='bbox 845 1632 1005 1680; x_wconf 89' lang='lat' dir='ltr'>morbi</span> <span class='ocrx_word' id='word_1_143' title='bbox 1020 1639 1072 1679; x_wconf 88' lang='lat' dir='ltr'>et</span> <span class='ocrx_word' id='word_1_144' title='bbox 1090 1632 1288 1691; x_wconf 83' lang='lat' dir='ltr'>sanitas,</span> <span class='ocrx_word' id='word_1_145' title='bbox 1307 1633 1428 1680; x_wconf 88' lang='lat' dir='ltr'>vitia</span> <span class='ocrx_word' id='word_1_146' title='bbox 1446 1639 1495 1680; x_wconf 86' lang='lat' dir='ltr'>et</span> <span class='ocrx_word' id='word_1_147' title='bbox 1511 1633 1735 1690; x_wconf 85' lang='lat' dir='ltr'>virtutes,</span> 
     </span>
     <span class='ocr_line' id='line_1_26' title="bbox 335 1708 1737 1775; baseline -0.003 -15"><span class='ocrx_word' id='word_1_148' title='bbox 335 1719 483 1775; x_wconf 89' lang='lat' dir='ltr'>atque</span> <span class='ocrx_word' id='word_1_149' title='bbox 508 1710 781 1758; x_wconf 86' lang='lat' dir='ltr'>accidentia</span> <span class='ocrx_word' id='word_1_150' title='bbox 803 1708 1060 1767; x_wconf 89' lang='lat' dir='ltr'>naturalia,</span> <span class='ocrx_word' id='word_1_151' title='bbox 1080 1709 1142 1755; x_wconf 88' lang='lat' dir='ltr'>ab</span> <span class='ocrx_word' id='word_1_152' title='bbox 1166 1708 1261 1756; x_wconf 87' lang='lat' dir='ltr'>illis</span> <span class='ocrx_word' id='word_1_153' title='bbox 1286 1717 1336 1756; x_wconf 89' lang='lat' dir='ltr'>et</span> <span class='ocrx_word' id='word_1_154' title='bbox 1360 1709 1664 1757; x_wconf 88' lang='lat' dir='ltr'>vocabantur</span> <span class='ocrx_word' id='word_1_155' title='bbox 1687 1716 1737 1756; x_wconf 89' lang='lat' dir='ltr'>et</span> 
     </span>
     <span class='ocr_line' id='line_1_27' title="bbox 337 1784 1738 1848; baseline -0.003 -12"><span class='ocrx_word' id='word_1_156' title='bbox 337 1789 626 1836; x_wconf 84' lang='lat' dir='ltr'>colebantur</span> <span class='ocrx_word' id='word_1_157' title='bbox 661 1794 719 1834; x_wconf 91' lang='lat' dir='ltr'>ut</span> <span class='ocrx_word' id='word_1_158' title='bbox 760 1786 1036 1834; x_wconf 76' lang='lat' dir='ltr'>daemones:</span> <span class='ocrx_word' id='word_1_159' title='bbox 1085 1784 1209 1832; x_wconf 85' lang='lat' dir='ltr'>adeo</span> <span class='ocrx_word' id='word_1_160' title='bbox 1249 1791 1307 1832; x_wconf 89' lang='lat' dir='ltr'>ut</span> <span class='ocrx_word' id='word_1_161' title='bbox 1345 1801 1435 1848; x_wconf 92' lang='lat' dir='ltr'>per</span> <span class='ocrx_word' id='word_1_162' title='bbox 1477 1785 1738 1833; x_wconf 81' lang='lat' dir='ltr'>doemonem</span> 
     </span>
     <span class='ocr_line' id='line_1_28' title="bbox 337 1861 1738 1927; baseline -0.002 -15"><span class='ocrx_word' id='word_1_163' title='bbox 337 1862 658 1927; x_wconf 83' lang='lat' dir='ltr'>intelligenda</span> <span class='ocrx_word' id='word_1_164' title='bbox 700 1869 806 1909; x_wconf 89' lang='lat' dir='ltr'>erat</span> <span class='ocrx_word' id='word_1_165' title='bbox 845 1877 1016 1909; x_wconf 90' lang='lat' dir='ltr'>eorum</span> <span class='ocrx_word' id='word_1_166' title='bbox 1054 1877 1279 1908; x_wconf 87' lang='lat' dir='ltr'>sermone</span> <span class='ocrx_word' id='word_1_167' title='bbox 1316 1877 1417 1908; x_wconf 91' lang='lat' dir='ltr'>non</span> <span class='ocrx_word' id='word_1_168' title='bbox 1455 1861 1615 1909; x_wconf 91' lang='lat' dir='ltr'>minus</span> <span class='ocrx_word' id='word_1_169' title='bbox 1653 1861 1738 1909; x_wconf 84' lang='lat' dir='ltr'>ali-</span> 
     </span>
     <span class='ocr_line' id='line_1_29' title="bbox 338 1937 1737 2005; baseline -0.003 -17"><span class='ocrx_word' id='word_1_170' title='bbox 338 1940 535 2005; x_wconf 89' lang='lat' dir='ltr'>quando</span> <span class='ocrx_word' id='word_1_171' title='bbox 558 1939 727 1997; x_wconf 89' lang='lat' dir='ltr'>febris,</span> <span class='ocrx_word' id='word_1_172' title='bbox 754 1954 901 2001; x_wconf 92' lang='lat' dir='ltr'>quam</span> <span class='ocrx_word' id='word_1_173' title='bbox 935 1937 1172 1985; x_wconf 67' lang='lat' dir='ltr'>diabolus</span> <span class='ocrx_word' id='word_1_174' title='bbox 1245 1937 1315 1985; x_wconf 94' lang='lat' dir='ltr'>Ut</span> <span class='ocrx_word' id='word_1_175' title='bbox 1345 1945 1510 1985; x_wconf 88' lang='lat' dir='ltr'>autem</span> <span class='ocrx_word' id='word_1_176' title='bbox 1534 1938 1604 1986; x_wconf 90' lang='lat' dir='ltr'>ita</span> <span class='ocrx_word' id='word_1_177' title='bbox 1627 1953 1737 1985; x_wconf 90' lang='lat' dir='ltr'>sen-</span> 
     </span>
     <span class='ocr_line' id='line_1_30' title="bbox 336 2013 1737 2077; baseline -0.003 -12"><span class='ocrx_word' id='word_1_178' title='bbox 336 2017 489 2065; x_wconf 88' lang='lat' dir='ltr'>tirent</span> <span class='ocrx_word' id='word_1_179' title='bbox 523 2014 700 2072; x_wconf 86' lang='lat' dir='ltr'>Judaei,</span> <span class='ocrx_word' id='word_1_180' title='bbox 738 2013 895 2077; x_wconf 85' lang='lat' dir='ltr'>magis</span> <span class='ocrx_word' id='word_1_181' title='bbox 927 2013 1206 2061; x_wconf 90' lang='lat' dir='ltr'>mirandum</span> <span class='ocrx_word' id='word_1_182' title='bbox 1240 2021 1328 2061; x_wconf 92' lang='lat' dir='ltr'>est.</span> <span class='ocrx_word' id='word_1_183' title='bbox 1400 2014 1574 2077; x_wconf 89' lang='lat' dir='ltr'>Neque</span> <span class='ocrx_word' id='word_1_184' title='bbox 1606 2014 1737 2061; x_wconf 91' lang='lat' dir='ltr'>enim</span> 
     </span>
     <span class='ocr_line' id='line_1_31' title="bbox 338 2089 1737 2153; baseline -0.003 -12"><span class='ocrx_word' id='word_1_185' title='bbox 338 2094 506 2141; x_wconf 89' lang='lat' dir='ltr'>Moses</span> <span class='ocrx_word' id='word_1_186' title='bbox 543 2105 702 2153; x_wconf 90' lang='lat' dir='ltr'>neque</span> <span class='ocrx_word' id='word_1_187' title='bbox 738 2090 1047 2137; x_wconf 88' lang='lat' dir='ltr'>Abrahamus</span> <span class='ocrx_word' id='word_1_188' title='bbox 1084 2089 1357 2153; x_wconf 90' lang='lat' dir='ltr'>prophetiis</span> <span class='ocrx_word' id='word_1_189' title='bbox 1391 2090 1490 2137; x_wconf 88' lang='lat' dir='ltr'>suis</span> <span class='ocrx_word' id='word_1_190' title='bbox 1524 2097 1737 2153; x_wconf 89' lang='lat' dir='ltr'>praeten-</span> 
     </span>
     <span class='ocr_line' id='line_1_32' title="bbox 337 2165 1738 2231; baseline -0.004 -13"><span class='ocrx_word' id='word_1_191' title='bbox 337 2170 486 2218; x_wconf 91' lang='lat' dir='ltr'>debat</span> <span class='ocrx_word' id='word_1_192' title='bbox 522 2167 763 2231; x_wconf 86' lang='lat' dir='ltr'>spiritum,</span> <span class='ocrx_word' id='word_1_193' title='bbox 802 2166 888 2213; x_wconf 91' lang='lat' dir='ltr'>sed</span> <span class='ocrx_word' id='word_1_194' title='bbox 918 2182 1090 2213; x_wconf 82' lang='lat' dir='ltr'>vocem</span> <span class='ocrx_word' id='word_1_195' title='bbox 1123 2165 1231 2222; x_wconf 90' lang='lat' dir='ltr'>Dei,</span> <span class='ocrx_word' id='word_1_196' title='bbox 1266 2166 1344 2213; x_wconf 89' lang='lat' dir='ltr'>vel</span> <span class='ocrx_word' id='word_1_197' title='bbox 1375 2166 1627 2225; x_wconf 86' lang='lat' dir='ltr'>visionem,</span> <span class='ocrx_word' id='word_1_198' title='bbox 1659 2166 1738 2213; x_wconf 87' lang='lat' dir='ltr'>vel</span> 
     </span>
     <span class='ocr_line' id='line_1_33' title="bbox 337 2241 1738 2305; baseline -0.004 -11"><span class='ocrx_word' id='word_1_199' title='bbox 337 2245 597 2294; x_wconf 87' lang='lat' dir='ltr'>somnium.</span> <span class='ocrx_word' id='word_1_200' title='bbox 691 2242 864 2305; x_wconf 91' lang='lat' dir='ltr'>Neque</span> <span class='ocrx_word' id='word_1_201' title='bbox 917 2242 969 2290; x_wconf 87' lang='lat' dir='ltr'>in</span> <span class='ocrx_word' id='word_1_202' title='bbox 1021 2242 1130 2305; x_wconf 83' lang='lat' dir='ltr'>lege</span> <span class='ocrx_word' id='word_1_203' title='bbox 1176 2241 1397 2290; x_wconf 87' lang='lat' dir='ltr'>Mosaica</span> <span class='ocrx_word' id='word_1_204' title='bbox 1443 2242 1616 2289; x_wconf 86' lang='lat' dir='ltr'>morali</span> <span class='ocrx_word' id='word_1_205' title='bbox 1662 2242 1738 2290; x_wconf 91' lang='lat' dir='ltr'>vel</span> 
     </span>
     <span class='ocr_line' id='line_1_34' title="bbox 338 2318 1738 2383; baseline -0.003 -12"><span class='ocrx_word' id='word_1_206' title='bbox 338 2320 653 2371; x_wconf 87' lang='lat' dir='ltr'>ceremoniali</span> <span class='ocrx_word' id='word_1_207' title='bbox 685 2319 948 2383; x_wconf 85' lang='lat' dir='ltr'>quicquam</span> <span class='ocrx_word' id='word_1_208' title='bbox 977 2326 1111 2366; x_wconf 86' lang='lat' dir='ltr'>extat</span> <span class='ocrx_word' id='word_1_209' title='bbox 1144 2318 1329 2366; x_wconf 87' lang='lat' dir='ltr'>faciens</span> <span class='ocrx_word' id='word_1_210' title='bbox 1362 2319 1426 2366; x_wconf 88' lang='lat' dir='ltr'>ad</span> <span class='ocrx_word' id='word_1_211' title='bbox 1462 2319 1738 2367; x_wconf 86' lang='lat' dir='ltr'>enthusias-</span> 
     </span>
     <span class='ocr_line' id='line_1_35' title="bbox 339 2395 1738 2459; baseline -0.001 -13"><span class='ocrx_word' id='word_1_212' title='bbox 339 2415 490 2446; x_wconf 90' lang='lat' dir='ltr'>mum.</span> <span class='ocrx_word' id='word_1_213' title='bbox 565 2396 777 2447; x_wconf 78' lang='lat' dir='ltr'>Quando</span> <span class='ocrx_word' id='word_1_214' title='bbox 829 2396 999 2457; x_wconf 90' lang='lat' dir='ltr'>(Num.</span> <span class='ocrx_word' id='word_1_215' title='bbox 1026 2395 1091 2443; x_wconf 77' lang='lat' dir='ltr'>xi,</span> <span class='ocrx_word' id='word_1_216' title='bbox 1118 2395 1205 2457; x_wconf 84' lang='lat'>25)</span> <span class='ocrx_word' id='word_1_217' title='bbox 1256 2411 1286 2443; x_wconf 85' lang='lat' dir='ltr'>a</span> <span class='ocrx_word' id='word_1_218' title='bbox 1331 2396 1520 2459; x_wconf 88' lang='lat' dir='ltr'>spiritu,</span> <span class='ocrx_word' id='word_1_219' title='bbox 1563 2396 1646 2459; x_wconf 89' lang='lat' dir='ltr'>qui</span> <span class='ocrx_word' id='word_1_220' title='bbox 1687 2397 1738 2444; x_wconf 93' lang='lat' dir='ltr'>in</span> 
     </span>
     <span class='ocr_line' id='line_1_36' title="bbox 341 2471 1738 2536; baseline -0.003 -13"><span class='ocrx_word' id='word_1_221' title='bbox 341 2476 483 2523; x_wconf 91' lang='lat' dir='ltr'>Mose</span> <span class='ocrx_word' id='word_1_222' title='bbox 515 2480 636 2532; x_wconf 89' lang='lat' dir='ltr'>erat,</span> <span class='ocrx_word' id='word_1_223' title='bbox 662 2472 914 2521; x_wconf 86' lang='lat' dir='ltr'>sustulisse</span> <span class='ocrx_word' id='word_1_224' title='bbox 944 2471 1126 2519; x_wconf 81' lang='lat' dir='ltr'>dicitur</span> <span class='ocrx_word' id='word_1_225' title='bbox 1154 2471 1303 2530; x_wconf 90' lang='lat' dir='ltr'>Deus,</span> <span class='ocrx_word' id='word_1_226' title='bbox 1329 2478 1377 2518; x_wconf 90' lang='lat' dir='ltr'>et</span> <span class='ocrx_word' id='word_1_227' title='bbox 1413 2471 1603 2519; x_wconf 91' lang='lat' dir='ltr'>dedisse</span> <span class='ocrx_word' id='word_1_228' title='bbox 1629 2488 1738 2536; x_wconf 91' lang='lat' dir='ltr'>sep-</span> 
     </span>
     <span class='ocr_line' id='line_1_37' title="bbox 340 2547 1739 2614; baseline -0.002 -15"><span class='ocrx_word' id='word_1_229' title='bbox 340 2551 567 2614; x_wconf 83' lang='lat' dir='ltr'>tuaginta</span> <span class='ocrx_word' id='word_1_230' title='bbox 599 2549 889 2602; x_wconf 85' lang='lat' dir='ltr'>senioribus,</span> <span class='ocrx_word' id='word_1_231' title='bbox 914 2563 1002 2612; x_wconf 92' lang='lat' dir='ltr'>per</span> <span class='ocrx_word' id='word_1_232' title='bbox 1038 2547 1276 2611; x_wconf 87' lang='lat' dir='ltr'>Spiritum</span> <span class='ocrx_word' id='word_1_233' title='bbox 1308 2547 1400 2595; x_wconf 89' lang='lat' dir='ltr'>Dei</span> <span class='ocrx_word' id='word_1_234' title='bbox 1433 2564 1532 2596; x_wconf 91' lang='lat' dir='ltr'>non</span> <span class='ocrx_word' id='word_1_235' title='bbox 1561 2548 1739 2596; x_wconf 89' lang='lat' dir='ltr'>intelli-</span> 
     </span>
     <span class='ocr_line' id='line_1_38' title="bbox 341 2623 1738 2691; baseline -0.002 -16"><span class='ocrx_word' id='word_1_236' title='bbox 341 2628 475 2691; x_wconf 82' lang='lat' dir='ltr'>gitur</span> <span class='ocrx_word' id='word_1_237' title='bbox 506 2642 564 2674; x_wconf 89' lang='lat' dir='ltr'>eo</span> <span class='ocrx_word' id='word_1_238' title='bbox 594 2626 704 2674; x_wconf 89' lang='lat' dir='ltr'>loco</span> <span class='ocrx_word' id='word_1_239' title='bbox 739 2624 1015 2673; x_wconf 87' lang='lat' dir='ltr'>substantia</span> <span class='ocrx_word' id='word_1_240' title='bbox 1047 2623 1168 2679; x_wconf 90' lang='lat' dir='ltr'>Dei;</span> <span class='ocrx_word' id='word_1_241' title='bbox 1209 2640 1324 2671; x_wconf 88' lang='lat' dir='ltr'>nam</span> <span class='ocrx_word' id='word_1_242' title='bbox 1349 2639 1407 2672; x_wconf 89' lang='lat' dir='ltr'>ea</span> <span class='ocrx_word' id='word_1_243' title='bbox 1430 2624 1738 2672; x_wconf 88' lang='lat' dir='ltr'>indivisibilis</span> 
     </span>
     <span class='ocr_line' id='line_1_39' title="bbox 342 2699 1736 2765; baseline -0.002 -14"><span class='ocrx_word' id='word_1_244' title='bbox 342 2712 432 2751; x_wconf 89' lang='lat' dir='ltr'>est.</span> <span class='ocrx_word' id='word_1_245' title='bbox 504 2703 595 2751; x_wconf 91' lang='lat' dir='ltr'>Per</span> <span class='ocrx_word' id='word_1_246' title='bbox 642 2701 879 2765; x_wconf 85' lang='lat' dir='ltr'>Spiritum</span> <span class='ocrx_word' id='word_1_247' title='bbox 927 2700 1035 2759; x_wconf 93' lang='lat' dir='ltr'>Dei,</span> <span class='ocrx_word' id='word_1_248' title='bbox 1085 2699 1353 2763; x_wconf 86' lang='lat' dir='ltr'>Scripturae</span> <span class='ocrx_word' id='word_1_249' title='bbox 1400 2716 1736 2764; x_wconf 80' lang='lat' dir='ltr'>saepenumero</span> 
     </span>
     <span class='ocr_line' id='line_1_40' title="bbox 342 2776 1739 2843; baseline -0.003 -16"><span class='ocrx_word' id='word_1_250' title='bbox 342 2780 623 2843; x_wconf 85' lang='lat' dir='ltr'>significant</span> <span class='ocrx_word' id='word_1_251' title='bbox 655 2777 879 2842; x_wconf 91' lang='lat' dir='ltr'>spiritum</span> <span class='ocrx_word' id='word_1_252' title='bbox 911 2776 1124 2825; x_wconf 88' lang='lat' dir='ltr'>hominis</span> <span class='ocrx_word' id='word_1_253' title='bbox 1155 2776 1261 2824; x_wconf 91' lang='lat' dir='ltr'>Deo</span> <span class='ocrx_word' id='word_1_254' title='bbox 1295 2776 1567 2824; x_wconf 87' lang='lat' dir='ltr'>servientis.</span> <span class='ocrx_word' id='word_1_255' title='bbox 1640 2776 1739 2824; x_wconf 93' lang='lat' dir='ltr'>Ubi</span> 
     </span>
     <span class='ocr_line' id='line_1_41' title="bbox 342 2851 1739 2917; baseline -0.001 -15"><span class='ocrx_word' id='word_1_256' title='bbox 342 2855 474 2903; x_wconf 88' lang='lat' dir='ltr'>enim</span> <span class='ocrx_word' id='word_1_257' title='bbox 509 2855 689 2902; x_wconf 79' lang='lat' dir='ltr'>dicitur</span> <span class='ocrx_word' id='word_1_258' title='bbox 729 2853 905 2917; x_wconf 85' lang='lat' dir='ltr'>(Exod.</span> <span class='ocrx_word' id='word_1_259' title='bbox 932 2852 1094 2900; x_wconf 86' lang='lat' dir='ltr'>xxviii.</span> <span class='ocrx_word' id='word_1_260' title='bbox 1123 2852 1194 2914; x_wconf 92' lang='lat'>3),</span> <span class='ocrx_word' id='word_1_261' title='bbox 1230 2868 1371 2916; x_wconf 81' lang='lat' dir='ltr'>quem</span> <span class='ocrx_word' id='word_1_262' title='bbox 1403 2851 1603 2916; x_wconf 80' lang='lat' dir='ltr'>implevi</span> <span class='ocrx_word' id='word_1_263' title='bbox 1636 2852 1739 2916; x_wconf 74' lang='lat' dir='ltr'>spi-</span> 
     </span>
    </p>
   </div>
  </div>
 </body>
</html>
