1968 3236
476 234 762 269 APPRme
790 235 862 268 An
891 234 1229 269 ιΕνιΑΤΗΑΝ.
1450 227 1539 270 561

229 353 297 403 A.
334 354 539 413 Deinde,
575 356 734 418 capite
781 363 957 417 quarto
1004 355 1092 402 sub
1140 355 1349 413 initium,
1398 364 1545 419 negat

162 428 473 478 ubstantiae
506 431 629 479 ullas
669 447 773 479 esse
812 431 1150 495 incorporea-⁹.
1231 431 1374 480 Quid
1413 432 1546 480 aliud

163 513 239 553 est
273 505 382 564 hoe,
425 523 570 570 quam
610 523 789 570 negare
830 506 986 553 Deum
1027 522 1146 564 esse,
1187 506 1264 555 vel
1302 507 1544 556 affirmare

163 579 321 629 Deum
346 597 450 629 esse
475 582 684 645 corpus?

230 655 296 703 B.
332 657 554 704 Affirmat
587 656 783 720 quidem
824 656 981 703 Deum
1016 671 1121 703 esse
1166 672 1358 720 corpus.
1449 656 1547 705 Sed

161 739 278 780 ante
301 748 412 780 eum
435 733 563 780 idem
589 732 843 780 affirmavit
865 732 1208 779 Tertullianus.
1280 732 1545 796 Disputans

161 806 293 855 enim
316 817 491 855 contra
514 807 734 871 Apellem
758 807 978 870 aliosque
1002 807 1076 854 sui
1099 807 1334 870 temporis
1352 807 1545 856 haereti-

161 897 261 941 cosa,
286 883 369 946 qui
395 884 695 931 Salvatorem
720 892 940 930 nostrum
971 883 1140 930 Jesum
1164 883 1412 931 Christum
1445 899 1546 932 non

162 973 340 1021 eorpus
373 959 460 1007 sed
486 959 777 1022 phantasma
800 973 906 1005 esse
930 957 1218 1016 docuerunt,
1244 958 1429 1006 dictum
1452 959 1547 1007 hoc

161 1033 433 1082 universale
456 1033 820 1098 pronuntiavit:
857 1032 1100 1096 quIcquid
1131 1049 1312 1098 corpus
1336 1050 1429 1081 non
1453 1040 1545 1093 est,

161 1124 256 1156 non
279 1116 357 1157 est
369 1126 471 1158 ens.
527 1110 652 1157 Item
671 1116 842 1157 contra
856 1108 1109 1156 Praxeai'fs
1135 1107 1302 1156 Omnis
1318 1108 1547 1157 substan-

161 1184 239 1232 tia
261 1191 340 1232 est
361 1200 545 1249 corpus
566 1185 648 1232 sui
666 1183 889 1249 generis.
959 1183 1132 1246 Neque
1155 1184 1206 1231 in
1225 1184 1323 1232 ullo
1343 1200 1404 1232 ex
1428 1200 1547 1247 qua-

159 1266 275 1307 tuor
291 1259 521 1308 Conciliis
543 1260 712 1324 primis
735 1258 1043 1323 generalibus
1063 1259 1288 1307 doctrina
1309 1260 1415 1308 haec
1433 1276 1548 1308 con·

161 1333 394 1383 demnata
426 1343 515 1383 est.
583 1334 815 1393 Ostende,
850 1334 890 1381 si
924 1342 1081 1397 poteS,
1115 1350 1286 1382 vocem
1322 1335 1548 1400 incorpo-

160 1425 298 1458 reum
334 1411 413 1459 vel
454 1410 783 1459 immateriale
827 1410 879 1457 in
925 1410 1203 1473 Scripturis.
1289 1411 1394 1474 Ego
1430 1427 1547 1460 vero

161 1485 418 1535 ostendam
442 1486 533 1534 tibi
547 1485 914 1550 plenitudinem
938 1484 1221 1532 divinitatis
1238 1485 1473 1533 habitare
1496 1486 1548 1534 in

164 1559 369 1608 Christo
402 1560 757 1626 corporaliter,
794 1559 845 1607 id
877 1567 967 1615 est,
1002 1568 1057 1607 ut
1091 1560 1292 1623 exponit
1326 1561 1545 1609 Athana-

160 1635 277 1692 sius,
299 1634 554 1683 Dealiter.
613 1634 790 1683 Omnes
821 1650 986 1682 sumus
1010 1641 1060 1682 et
1082 1651 1322 1683 movemur
1346 1636 1396 1684 in
1418 1636 1544 1696 Deo,

159 1718 275 1759 sunt
300 1711 435 1772 (Act.
458 1711 573 1758 xvii.
599 1711 685 1772 28)
711 1710 862 1757 verba
879 1709 1016 1757 Pauli
1042 1710 1267 1773 apostoli.
1337 1711 1546 1765 Quanti-

159 1793 314 1835 tatem
348 1794 515 1834 autem
553 1785 788 1834 habemus
826 1800 1012 1833 omnes.
1101 1786 1182 1833 An
1215 1793 1450 1849 quantum
1473 1788 1547 1835 in-

161 1877 266 1911 esse
280 1870 447 1926 potoet
468 1862 520 1909 in
542 1878 637 1910 non
660 1866 846 1926 quanto
862 1863 891 1908 ἓ
959 1860 1171 1924 Magnus
1195 1869 1270 1909 est
1293 1861 1439 1921 DeuS,
1462 1863 1547 1911 sed

160 1937 551 2002 magnitudinem
587 1937 861 2000 intelligere
885 1936 988 1984 sine
1011 1952 1216 1999 corpore
1250 1937 1547 2000 impossibile

162 2019 253 2061 est.
321 2012 399 2061 Ne
433 2028 465 2061 a
498 2012 718 2061 Concilio
744 2013 934 2060 Niceno
958 2012 1156 2075 quidem
1188 2012 1439 2060 definitum
1472 2022 1547 2061 est

162 2087 320 2136 Deum
338 2103 443 2136 oese
460 2088 821 2152 incorporeum.
858 2088 1024 2154 Patres
1043 2095 1207 2135 autem
1222 2088 1308 2150 qui
1325 2088 1545 2145 aderant,

161 2163 328 2211 nescio
351 2179 415 2211 an
439 2178 627 2222 omnes,
650 2163 721 2211 ita
744 2171 1029 2218 senserunt3
1066 2172 1117 2211 et
1139 2164 1242 2227 ipse
1267 2163 1547 2211 Constanti-

161 2253 255 2286 nus
285 2254 457 2287 vocem
494 2238 645 2297 illam,
683 2236 899 2298 ὁμόυσιον,
942 2239 993 2287 id
1034 2247 1123 2298 est,
1163 2239 1545 2298 coessentialem,

161 2313 274 2361 ideo
298 2314 654 2377 comprobavit,
674 2313 802 2376 quod
819 2330 879 2362 ex
899 2330 958 2363 ea
973 2330 1092 2361 voce
1109 2314 1357 2361 videretur
1378 2314 1448 2362 illi
1471 2330 1547 2362 se-

163 2389 248 2452 qui
269 2388 429 2437 Deum
454 2405 564 2436 esse
588 2389 946 2454 incorporeum.
1006 2389 1352 2447 Nihilominus,
1375 2404 1546 2436 vocem

162 2462 311 2521 illam,
335 2462 695 2528 incorporeum,
711 2480 820 2527 quae
835 2481 934 2513 non
953 2473 1028 2512 est
1046 2465 1096 2511 in
1113 2464 1365 2527 Scriptura
1381 2464 1545 2523 Sacra,

162 2538 213 2585 in
248 2536 522 2600 symbolum
561 2537 741 2586 inferre
773 2538 1052 2587 noluerunt.
1125 2539 1297 2602 Neque
1334 2554 1449 2586 vero
1485 2555 1546 2587 ex

162 2629 285 2662 voce
308 2612 670 2671 coessentialis,
702 2628 982 2678 quanquam
1017 2614 1226 2664 essentia
1248 2630 1424 2677 corpus
1447 2629 1547 2662 non

163 2687 242 2746 sit,
257 2686 426 2735 inferri
443 2694 604 2751 potest
619 2688 711 2737 Dei
728 2689 1092 2753 incorporeitas.
1162 2689 1306 2737 Pater
1330 2689 1546 2748 Davidis,

162 2771 214 2811 et
240 2762 367 2811 filius
390 2762 564 2822 obedi,
599 2779 711 2811 cum
741 2763 890 2813 fuerit
919 2781 1045 2812 unus
1078 2772 1130 2812 et
1168 2764 1298 2812 idem
1337 2764 1549 2821 Jesseus,

163 2846 305 2886 erant
335 2838 689 2886 coessentiales
707 2856 726 2893 ;
761 2840 1044 2902 sequiturne
1082 2838 1196 2887 inde
1234 2839 1425 2887 Patrem
1450 2840 1547 2889 Da-

296 2927 420 2961 vot..
442 2928 525 2961 111.
1324 2930 1357 2964 o
1379 2930 1413 2964 o

1601 370 1704 404 CAP.
1722 370 1792 403 m.

1598 424 1788 447 s--f—-ae

1594 473 1639 501 Do
1652 473 1770 511 quibu·-

1593 559 1796 588 tionibuneoo-

1594 607 1639 631 tn
1658 602 1827 631 leviatha-
