<?xml version="1.0" encoding="UTF-8"?>
<!DOCTYPE html PUBLIC "-//W3C//DTD XHTML 1.0 Transitional//EN"
    "http://www.w3.org/TR/xhtml1/DTD/xhtml1-transitional.dtd">
<html xmlns="http://www.w3.org/1999/xhtml" xml:lang="en" lang="en">
 <head>
  <title>
</title>
<meta http-equiv="Content-Type" content="text/html;charset=utf-8" />
  <meta name='ocr-system' content='tesseract 3.04.00' />
  <meta name='ocr-capabilities' content='ocr_page ocr_carea ocr_par ocr_line ocrx_word'/>
</head>
<body>
  <div class='ocr_page' id='page_1' title='image "./operaphilosophic03hobbuoft_0204.png"; bbox 0 0 1968 3236; ppageno 0'>
   <div class='ocr_carea' id='block_1_1' title="bbox 383 231 1245 275">
    <p class='ocr_par' dir='ltr' id='par_1_1' title="bbox 383 231 1245 275">
     <span class='ocr_line' id='line_1_1' title="bbox 383 231 1245 275; baseline 0.001 -1"><span class='ocrx_word' id='word_1_1' title='bbox 383 231 473 275; x_wconf 88' lang='lat'>192</span> <span class='ocrx_word' id='word_1_2' title='bbox 877 242 947 274; x_wconf 85' lang='lat' dir='ltr'>DE</span> <span class='ocrx_word' id='word_1_3' title='bbox 971 241 1245 275; x_wconf 80' lang='lat' dir='ltr'><strong>CIVITATE.</strong></span> 
     </span>
    </p>
   </div>
   <div class='ocr_carea' id='block_1_2' title="bbox 106 351 1765 415">
    <p class='ocr_par' dir='ltr' id='par_1_2' title="bbox 106 351 1765 415">
     <span class='ocr_line' id='line_1_2' title="bbox 106 351 1765 415; baseline 0 -13"><span class='ocrx_word' id='word_1_4' title='bbox 106 370 209 402; x_wconf 82' lang='lat' dir='ltr'><strong>CAP.</strong></span> <span class='ocrx_word' id='word_1_5' title='bbox 228 371 339 405; x_wconf 84' lang='lat' dir='ltr'><strong>xxv.</strong></span> <span class='ocrx_word' id='word_1_6' title='bbox 377 352 625 415; x_wconf 85' lang='lat' dir='ltr'>exemplis,</span> <span class='ocrx_word' id='word_1_7' title='bbox 651 352 963 414; x_wconf 84' lang='lat' dir='ltr'>metaphoris,</span> <span class='ocrx_word' id='word_1_8' title='bbox 993 351 1198 414; x_wconf 91' lang='lat' dir='ltr'>aliisque</span> <span class='ocrx_word' id='word_1_9' title='bbox 1221 352 1339 400; x_wconf 88' lang='lat' dir='ltr'>artis</span> <span class='ocrx_word' id='word_1_10' title='bbox 1374 354 1602 402; x_wconf 89' lang='lat' dir='ltr'>oratoriae</span> <span class='ocrx_word' id='word_1_11' title='bbox 1625 363 1765 402; x_wconf 88' lang='lat' dir='ltr'>uten-</span> 
     </span>
    </p>
   </div>
   <div class='ocr_carea' id='block_1_3' title="bbox 131 425 321 502">
    <p class='ocr_par' dir='ltr' id='par_1_3' title="bbox 131 425 321 502">
     <span class='ocr_line' id='line_1_3' title="bbox 131 425 321 447; baseline 0.011 -8"><span class='ocrx_word' id='word_1_12' title='bbox 131 425 321 447; x_wconf 43' lang='lat' dir='ltr'>s——q-d</span> 
     </span>
     <span class='ocr_line' id='line_1_4' title="bbox 132 472 318 502; baseline 0.011 -2"><span class='ocrx_word' id='word_1_13' title='bbox 132 472 177 501; x_wconf 82' lang='lat' dir='ltr'>De</span> <span class='ocrx_word' id='word_1_14' title='bbox 191 473 318 502; x_wconf 81' lang='lat' dir='ltr'>consilio.</span> 
     </span>
    </p>
   </div>
   <div class='ocr_carea' id='block_1_4' title="bbox 378 427 1768 2911">
    <p class='ocr_par' dir='ltr' id='par_1_4' title="bbox 378 427 561 475">
     <span class='ocr_line' id='line_1_5' title="bbox 378 427 561 475; baseline -0.005 0"><span class='ocrx_word' id='word_1_15' title='bbox 378 427 561 475; x_wconf 90' lang='lat' dir='ltr'>silibus.</span> 
     </span>
    </p>

    <p class='ocr_par' dir='ltr' id='par_1_5' title="bbox 378 502 1765 792">
     <span class='ocr_line' id='line_1_6' title="bbox 446 502 1765 566; baseline 0.003 -17"><span class='ocrx_word' id='word_1_16' title='bbox 446 503 653 550; x_wconf 84' lang='lat' dir='ltr'>Constat</span> <span class='ocrx_word' id='word_1_17' title='bbox 669 518 786 566; x_wconf 83' lang='lat' dir='ltr'>ergo</span> <span class='ocrx_word' id='word_1_18' title='bbox 801 502 1105 550; x_wconf 85' lang='lat' dir='ltr'>hortationes</span> <span class='ocrx_word' id='word_1_19' title='bbox 1121 510 1171 550; x_wconf 89' lang='lat' dir='ltr'>et</span> <span class='ocrx_word' id='word_1_20' title='bbox 1187 503 1550 552; x_wconf 84' lang='lat' dir='ltr'>dehortationes</span> <span class='ocrx_word' id='word_1_21' title='bbox 1569 505 1631 552; x_wconf 90' lang='lat' dir='ltr'>ad</span> <span class='ocrx_word' id='word_1_22' title='bbox 1650 506 1765 553; x_wconf 89' lang='lat' dir='ltr'>hor-</span> 
     </span>
     <span class='ocr_line' id='line_1_7' title="bbox 378 578 1764 643; baseline 0.002 -18"><span class='ocrx_word' id='word_1_23' title='bbox 378 579 527 626; x_wconf 90' lang='lat' dir='ltr'>tantis</span> <span class='ocrx_word' id='word_1_24' title='bbox 553 586 602 626; x_wconf 87' lang='lat' dir='ltr'>et</span> <span class='ocrx_word' id='word_1_25' title='bbox 623 578 926 626; x_wconf 89' lang='lat' dir='ltr'>dehortantis</span> <span class='ocrx_word' id='word_1_26' title='bbox 945 579 1127 626; x_wconf 91' lang='lat' dir='ltr'>bonum</span> <span class='ocrx_word' id='word_1_27' title='bbox 1142 580 1365 627; x_wconf 90' lang='lat' dir='ltr'>nonnihil</span> <span class='ocrx_word' id='word_1_28' title='bbox 1382 581 1636 643; x_wconf 82' lang='lat' dir='ltr'>respicere,</span> <span class='ocrx_word' id='word_1_29' title='bbox 1653 597 1764 628; x_wconf 91' lang='lat' dir='ltr'>cum</span> 
     </span>
     <span class='ocr_line' id='line_1_8' title="bbox 378 653 1765 717; baseline 0.003 -17"><span class='ocrx_word' id='word_1_30' title='bbox 378 654 601 701; x_wconf 92' lang='lat' dir='ltr'>homines</span> <span class='ocrx_word' id='word_1_31' title='bbox 643 654 691 701; x_wconf 92' lang='lat' dir='ltr'>in</span> <span class='ocrx_word' id='word_1_32' title='bbox 729 654 828 700; x_wconf 90' lang='lat' dir='ltr'>suis</span> <span class='ocrx_word' id='word_1_33' title='bbox 863 653 1150 717; x_wconf 91' lang='lat' dir='ltr'>plerumque</span> <span class='ocrx_word' id='word_1_34' title='bbox 1186 655 1331 702; x_wconf 91' lang='lat' dir='ltr'>rebus</span> <span class='ocrx_word' id='word_1_35' title='bbox 1376 656 1765 704; x_wconf 86' lang='lat' dir='ltr'>vehementiores</span> 
     </span>
     <span class='ocr_line' id='line_1_9' title="bbox 379 729 942 792; baseline 0 -16"><span class='ocrx_word' id='word_1_36' title='bbox 379 730 492 787; x_wconf 89' lang='lat' dir='ltr'>sint,</span> <span class='ocrx_word' id='word_1_37' title='bbox 514 745 657 792; x_wconf 90' lang='lat' dir='ltr'>quam</span> <span class='ocrx_word' id='word_1_38' title='bbox 682 729 733 776; x_wconf 92' lang='lat' dir='ltr'>in</span> <span class='ocrx_word' id='word_1_39' title='bbox 758 730 942 777; x_wconf 87' lang='lat' dir='ltr'>alienis.</span> 
     </span>
    </p>

    <p class='ocr_par' dir='ltr' id='par_1_6' title="bbox 378 805 1766 1172">
     <span class='ocr_line' id='line_1_10' title="bbox 446 805 1764 855; baseline 0.002 -3"><span class='ocrx_word' id='word_1_40' title='bbox 446 806 766 853; x_wconf 89' lang='lat' dir='ltr'>Hortationes</span> <span class='ocrx_word' id='word_1_41' title='bbox 792 813 841 853; x_wconf 89' lang='lat' dir='ltr'>et</span> <span class='ocrx_word' id='word_1_42' title='bbox 865 805 1231 853; x_wconf 85' lang='lat' dir='ltr'>dehortationes</span> <span class='ocrx_word' id='word_1_43' title='bbox 1255 806 1306 853; x_wconf 90' lang='lat' dir='ltr'>in</span> <span class='ocrx_word' id='word_1_44' title='bbox 1330 807 1640 854; x_wconf 87' lang='lat' dir='ltr'>multitudine</span> <span class='ocrx_word' id='word_1_45' title='bbox 1656 814 1764 855; x_wconf 89' lang='lat' dir='ltr'>tan-</span> 
     </span>
     <span class='ocr_line' id='line_1_11' title="bbox 380 880 1766 945; baseline 0.001 -18"><span class='ocrx_word' id='word_1_46' title='bbox 380 888 484 927; x_wconf 91' lang='lat' dir='ltr'>tum</span> <span class='ocrx_word' id='word_1_47' title='bbox 509 881 728 928; x_wconf 87' lang='lat' dir='ltr'>efficaces</span> <span class='ocrx_word' id='word_1_48' title='bbox 753 887 881 928; x_wconf 88' lang='lat' dir='ltr'>sunt.</span> <span class='ocrx_word' id='word_1_49' title='bbox 926 881 1023 928; x_wconf 94' lang='lat' dir='ltr'>Ubi</span> <span class='ocrx_word' id='word_1_50' title='bbox 1049 881 1178 927; x_wconf 91' lang='lat' dir='ltr'>enim</span> <span class='ocrx_word' id='word_1_51' title='bbox 1198 880 1446 928; x_wconf 88' lang='lat' dir='ltr'>hominem</span> <span class='ocrx_word' id='word_1_52' title='bbox 1470 882 1766 945; x_wconf 85' lang='lat' dir='ltr'>singularem</span> 
     </span>
     <span class='ocr_line' id='line_1_12' title="bbox 379 955 1766 1020; baseline 0.001 -17"><span class='ocrx_word' id='word_1_53' title='bbox 379 956 644 1019; x_wconf 85' lang='lat' dir='ltr'>alloquitur</span> <span class='ocrx_word' id='word_1_54' title='bbox 679 955 872 1018; x_wconf 90' lang='lat' dir='ltr'>aliquis,</span> <span class='ocrx_word' id='word_1_55' title='bbox 899 971 1233 1019; x_wconf 79' lang='lat' dir='ltr'>saepenumero</span> <span class='ocrx_word' id='word_1_56' title='bbox 1268 956 1670 1020; x_wconf 88' lang='lat' dir='ltr'>interrumpitur;</span> <span class='ocrx_word' id='word_1_57' title='bbox 1706 973 1766 1005; x_wconf 82' lang='lat' dir='ltr'>ex</span> 
     </span>
     <span class='ocr_line' id='line_1_13' title="bbox 379 1031 1766 1096; baseline 0.001 -16"><span class='ocrx_word' id='word_1_58' title='bbox 379 1033 600 1080; x_wconf 87' lang='lat' dir='ltr'>oratione</span> <span class='ocrx_word' id='word_1_59' title='bbox 640 1031 880 1095; x_wconf 80' lang='lat' dir='ltr'>perpetuo</span> <span class='ocrx_word' id='word_1_60' title='bbox 923 1032 980 1079; x_wconf 86' lang='lat' dir='ltr'>fit</span> <span class='ocrx_word' id='word_1_61' title='bbox 1020 1031 1240 1095; x_wconf 86' lang='lat' dir='ltr'>dialogus</span> <span class='ocrx_word' id='word_1_62' title='bbox 1260 1052 1272 1087; x_wconf 93' lang='lat'>;</span> <span class='ocrx_word' id='word_1_63' title='bbox 1314 1032 1528 1080; x_wconf 90' lang='lat' dir='ltr'>rationes</span> <span class='ocrx_word' id='word_1_64' title='bbox 1562 1032 1766 1096; x_wconf 85' lang='lat' dir='ltr'>rigidius</span> 
     </span>
     <span class='ocr_line' id='line_1_14' title="bbox 378 1108 1102 1172; baseline 0 -16"><span class='ocrx_word' id='word_1_65' title='bbox 378 1108 687 1172; x_wconf 86' lang='lat' dir='ltr'>pensitantur</span> <span class='ocrx_word' id='word_1_66' title='bbox 713 1123 860 1171; x_wconf 88' lang='lat' dir='ltr'>quam</span> <span class='ocrx_word' id='word_1_67' title='bbox 884 1108 935 1154; x_wconf 92' lang='lat' dir='ltr'>in</span> <span class='ocrx_word' id='word_1_68' title='bbox 955 1115 1102 1156; x_wconf 87' lang='lat' dir='ltr'>coetu.</span> 
     </span>
    </p>

    <p class='ocr_par' dir='ltr' id='par_1_7' title="bbox 378 1183 1768 2154">
     <span class='ocr_line' id='line_1_15' title="bbox 446 1183 1768 1246; baseline 0 -14"><span class='ocrx_word' id='word_1_69' title='bbox 446 1184 639 1232; x_wconf 88' lang='lat' dir='ltr'>Petenti</span> <span class='ocrx_word' id='word_1_70' title='bbox 664 1183 922 1231; x_wconf 90' lang='lat' dir='ltr'>consilium</span> <span class='ocrx_word' id='word_1_71' title='bbox 945 1183 986 1230; x_wconf 90' lang='lat' dir='ltr'>is</span> <span class='ocrx_word' id='word_1_72' title='bbox 1013 1183 1096 1246; x_wconf 90' lang='lat' dir='ltr'>qui</span> <span class='ocrx_word' id='word_1_73' title='bbox 1120 1183 1451 1231; x_wconf 85' lang='lat' dir='ltr'>hortationem</span> <span class='ocrx_word' id='word_1_74' title='bbox 1472 1185 1630 1243; x_wconf 86' lang='lat' dir='ltr'>offert,</span> <span class='ocrx_word' id='word_1_75' title='bbox 1650 1200 1768 1232; x_wconf 90' lang='lat' dir='ltr'>con-</span> 
     </span>
     <span class='ocr_line' id='line_1_16' title="bbox 380 1259 1767 1322; baseline 0.001 -15"><span class='ocrx_word' id='word_1_76' title='bbox 380 1260 588 1307; x_wconf 86' lang='lat' dir='ltr'>siliarius</span> <span class='ocrx_word' id='word_1_77' title='bbox 610 1260 766 1306; x_wconf 91' lang='lat' dir='ltr'>bonus</span> <span class='ocrx_word' id='word_1_78' title='bbox 789 1276 887 1307; x_wconf 89' lang='lat' dir='ltr'>non</span> <span class='ocrx_word' id='word_1_79' title='bbox 920 1267 1007 1307; x_wconf 90' lang='lat' dir='ltr'>est.</span> <span class='ocrx_word' id='word_1_80' title='bbox 1080 1259 1422 1322; x_wconf 90' lang='lat' dir='ltr'>Corrumpitur</span> <span class='ocrx_word' id='word_1_81' title='bbox 1456 1260 1585 1307; x_wconf 93' lang='lat' dir='ltr'>enim</span> <span class='ocrx_word' id='word_1_82' title='bbox 1619 1276 1650 1307; x_wconf 89' lang='lat' dir='ltr'>a</span> <span class='ocrx_word' id='word_1_83' title='bbox 1683 1276 1767 1308; x_wconf 88' lang='lat' dir='ltr'>cu·-</span> 
     </span>
     <span class='ocr_line' id='line_1_17' title="bbox 378 1335 1768 1398; baseline 0.001 -16"><span class='ocrx_word' id='word_1_84' title='bbox 378 1335 586 1398; x_wconf 89' lang='lat' dir='ltr'>piditate</span> <span class='ocrx_word' id='word_1_85' title='bbox 610 1335 707 1390; x_wconf 87' lang='lat' dir='ltr'>illa,</span> <span class='ocrx_word' id='word_1_86' title='bbox 733 1351 1035 1398; x_wconf 82' lang='lat' dir='ltr'>quaecunque</span> <span class='ocrx_word' id='word_1_87' title='bbox 1061 1351 1118 1383; x_wconf 91' lang='lat' dir='ltr'>ea</span> <span class='ocrx_word' id='word_1_88' title='bbox 1140 1335 1250 1393; x_wconf 84' lang='lat' dir='ltr'>fuit,</span> <span class='ocrx_word' id='word_1_89' title='bbox 1276 1351 1385 1398; x_wconf 82' lang='lat' dir='ltr'>quae</span> <span class='ocrx_word' id='word_1_90' title='bbox 1408 1335 1768 1384; x_wconf 88' lang='lat' dir='ltr'>vehementiam</span> 
     </span>
     <span class='ocr_line' id='line_1_18' title="bbox 380 1410 1768 1474; baseline 0.001 -17"><span class='ocrx_word' id='word_1_91' title='bbox 380 1418 430 1457; x_wconf 90' lang='lat' dir='ltr'>et</span> <span class='ocrx_word' id='word_1_92' title='bbox 453 1410 713 1458; x_wconf 87' lang='lat' dir='ltr'>artificium</span> <span class='ocrx_word' id='word_1_93' title='bbox 744 1411 795 1457; x_wconf 91' lang='lat' dir='ltr'>in</span> <span class='ocrx_word' id='word_1_94' title='bbox 831 1411 1102 1458; x_wconf 90' lang='lat' dir='ltr'>orationem</span> <span class='ocrx_word' id='word_1_95' title='bbox 1137 1410 1333 1466; x_wconf 82' lang='lat' dir='ltr'>intulit3</span> <span class='ocrx_word' id='word_1_96' title='bbox 1371 1411 1546 1474; x_wconf 89' lang='lat' dir='ltr'>quibus</span> <span class='ocrx_word' id='word_1_97' title='bbox 1582 1411 1768 1459; x_wconf 87' lang='lat' dir='ltr'>factum</span> 
     </span>
     <span class='ocr_line' id='line_1_19' title="bbox 380 1486 1767 1550; baseline 0.002 -18"><span class='ocrx_word' id='word_1_98' title='bbox 380 1494 470 1544; x_wconf 88' lang='lat' dir='ltr'>est,</span> <span class='ocrx_word' id='word_1_99' title='bbox 516 1493 571 1533; x_wconf 88' lang='lat' dir='ltr'>ut</span> <span class='ocrx_word' id='word_1_100' title='bbox 609 1502 887 1549; x_wconf 87' lang='lat' dir='ltr'>quanquam</span> <span class='ocrx_word' id='word_1_101' title='bbox 932 1486 1188 1533; x_wconf 89' lang='lat' dir='ltr'>consilium</span> <span class='ocrx_word' id='word_1_102' title='bbox 1229 1486 1412 1534; x_wconf 91' lang='lat' dir='ltr'>bonum</span> <span class='ocrx_word' id='word_1_103' title='bbox 1458 1486 1622 1545; x_wconf 89' lang='lat' dir='ltr'>fuerit,</span> <span class='ocrx_word' id='word_1_104' title='bbox 1663 1487 1767 1550; x_wconf 89' lang='lat' dir='ltr'>ipse</span> 
     </span>
     <span class='ocr_line' id='line_1_20' title="bbox 380 1561 1767 1625; baseline 0.001 -17"><span class='ocrx_word' id='word_1_105' title='bbox 380 1569 545 1609; x_wconf 88' lang='lat' dir='ltr'>tamen</span> <span class='ocrx_word' id='word_1_106' title='bbox 569 1562 725 1609; x_wconf 90' lang='lat' dir='ltr'>bonus</span> <span class='ocrx_word' id='word_1_107' title='bbox 751 1562 1052 1609; x_wconf 78' lang='lat' dir='ltr'>consiliarius</span> <span class='ocrx_word' id='word_1_108' title='bbox 1075 1578 1176 1609; x_wconf 91' lang='lat' dir='ltr'>non</span> <span class='ocrx_word' id='word_1_109' title='bbox 1201 1561 1279 1619; x_wconf 85' lang='lat' dir='ltr'>sit,</span> <span class='ocrx_word' id='word_1_110' title='bbox 1300 1562 1392 1609; x_wconf 89' lang='lat' dir='ltr'>nisi</span> <span class='ocrx_word' id='word_1_111' title='bbox 1416 1562 1563 1610; x_wconf 89' lang='lat' dir='ltr'>etiam</span> <span class='ocrx_word' id='word_1_112' title='bbox 1578 1562 1662 1625; x_wconf 89' lang='lat' dir='ltr'>qui</span> <span class='ocrx_word' id='word_1_113' title='bbox 1685 1579 1767 1610; x_wconf 86' lang='lat' dir='ltr'>ac-</span> 
     </span>
     <span class='ocr_line' id='line_1_21' title="bbox 381 1637 1766 1700; baseline 0.001 -16"><span class='ocrx_word' id='word_1_114' title='bbox 381 1643 525 1700; x_wconf 91' lang='lat' dir='ltr'>cepto</span> <span class='ocrx_word' id='word_1_115' title='bbox 553 1637 681 1684; x_wconf 91' lang='lat' dir='ltr'>dono</span> <span class='ocrx_word' id='word_1_116' title='bbox 696 1638 827 1700; x_wconf 88' lang='lat' dir='ltr'>juste</span> <span class='ocrx_word' id='word_1_117' title='bbox 843 1637 1153 1700; x_wconf 87' lang='lat' dir='ltr'>judicaverit,</span> <span class='ocrx_word' id='word_1_118' title='bbox 1169 1638 1327 1684; x_wconf 91' lang='lat' dir='ltr'>bonus</span> <span class='ocrx_word' id='word_1_119' title='bbox 1347 1638 1408 1685; x_wconf 84' lang='lat' dir='ltr'>sit</span> <span class='ocrx_word' id='word_1_120' title='bbox 1427 1638 1594 1700; x_wconf 88' lang='lat' dir='ltr'>judex.</span> <span class='ocrx_word' id='word_1_121' title='bbox 1633 1638 1766 1686; x_wconf 90' lang='lat' dir='ltr'>Illius</span> 
     </span>
     <span class='ocr_line' id='line_1_22' title="bbox 379 1712 1765 1776; baseline 0.001 -16"><span class='ocrx_word' id='word_1_122' title='bbox 379 1720 558 1771; x_wconf 87' lang='lat' dir='ltr'>autem,</span> <span class='ocrx_word' id='word_1_123' title='bbox 579 1713 662 1775; x_wconf 92' lang='lat' dir='ltr'>qui</span> <span class='ocrx_word' id='word_1_124' title='bbox 677 1714 787 1776; x_wconf 91' lang='lat' dir='ltr'>jure</span> <span class='ocrx_word' id='word_1_125' title='bbox 811 1713 1033 1776; x_wconf 89' lang='lat' dir='ltr'>imperat,</span> <span class='ocrx_word' id='word_1_126' title='bbox 1052 1720 1108 1760; x_wconf 89' lang='lat' dir='ltr'>ut</span> <span class='ocrx_word' id='word_1_127' title='bbox 1127 1712 1177 1759; x_wconf 92' lang='lat' dir='ltr'>in</span> <span class='ocrx_word' id='word_1_128' title='bbox 1201 1712 1384 1760; x_wconf 86' lang='lat' dir='ltr'>familia</span> <span class='ocrx_word' id='word_1_129' title='bbox 1401 1713 1765 1776; x_wconf 83' lang='lat' dir='ltr'>paterfamilias,</span> 
     </span>
     <span class='ocr_line' id='line_1_23' title="bbox 379 1788 1766 1851; baseline 0.001 -15"><span class='ocrx_word' id='word_1_130' title='bbox 379 1788 431 1836; x_wconf 94' lang='lat' dir='ltr'>in</span> <span class='ocrx_word' id='word_1_131' title='bbox 456 1789 674 1836; x_wconf 87' lang='lat' dir='ltr'>exercitu</span> <span class='ocrx_word' id='word_1_132' title='bbox 707 1788 821 1848; x_wconf 86' lang='lat' dir='ltr'>dux,</span> <span class='ocrx_word' id='word_1_133' title='bbox 845 1788 1147 1836; x_wconf 89' lang='lat' dir='ltr'>hortationes</span> <span class='ocrx_word' id='word_1_134' title='bbox 1183 1788 1446 1851; x_wconf 90' lang='lat' dir='ltr'>aliquando</span> <span class='ocrx_word' id='word_1_135' title='bbox 1481 1804 1578 1836; x_wconf 91' lang='lat' dir='ltr'>non</span> <span class='ocrx_word' id='word_1_136' title='bbox 1622 1789 1766 1837; x_wconf 90' lang='lat' dir='ltr'>modo</span> 
     </span>
     <span class='ocr_line' id='line_1_24' title="bbox 381 1864 1766 1922; baseline 0.001 -11"><span class='ocrx_word' id='word_1_137' title='bbox 381 1864 664 1922; x_wconf 87' lang='lat' dir='ltr'>laudabiles,</span> <span class='ocrx_word' id='word_1_138' title='bbox 689 1864 774 1911; x_wconf 90' lang='lat' dir='ltr'>sed</span> <span class='ocrx_word' id='word_1_139' title='bbox 799 1864 945 1911; x_wconf 90' lang='lat' dir='ltr'>etiam</span> <span class='ocrx_word' id='word_1_140' title='bbox 965 1864 1251 1911; x_wconf 81' lang='lat' dir='ltr'>necessariae</span> <span class='ocrx_word' id='word_1_141' title='bbox 1276 1871 1388 1911; x_wconf 90' lang='lat' dir='ltr'>sunt</span> <span class='ocrx_word' id='word_1_142' title='bbox 1413 1886 1424 1919; x_wconf 94' lang='lat'>;</span> <span class='ocrx_word' id='word_1_143' title='bbox 1461 1865 1706 1922; x_wconf 88' lang='lat' dir='ltr'>nimirum,</span> <span class='ocrx_word' id='word_1_144' title='bbox 1725 1865 1766 1913; x_wconf 90' lang='lat' dir='ltr'>si</span> 
     </span>
     <span class='ocr_line' id='line_1_25' title="bbox 381 1939 1767 2003; baseline 0 -15"><span class='ocrx_word' id='word_1_145' title='bbox 381 1941 520 1988; x_wconf 91' lang='lat' dir='ltr'>labor</span> <span class='ocrx_word' id='word_1_146' title='bbox 543 1941 809 2003; x_wconf 90' lang='lat' dir='ltr'>imperetur</span> <span class='ocrx_word' id='word_1_147' title='bbox 833 1939 997 1997; x_wconf 90' lang='lat' dir='ltr'>durus,</span> <span class='ocrx_word' id='word_1_148' title='bbox 1022 1939 1269 1986; x_wconf 86' lang='lat' dir='ltr'>interdum</span> <span class='ocrx_word' id='word_1_149' title='bbox 1293 1940 1574 1998; x_wconf 88' lang='lat' dir='ltr'>necessitas,</span> <span class='ocrx_word' id='word_1_150' title='bbox 1599 1941 1767 1988; x_wconf 89' lang='lat' dir='ltr'>huma-</span> 
     </span>
     <span class='ocr_line' id='line_1_26' title="bbox 380 2015 1767 2079; baseline -0.001 -15"><span class='ocrx_word' id='word_1_151' title='bbox 380 2016 508 2064; x_wconf 85' lang='lat' dir='ltr'>nitas</span> <span class='ocrx_word' id='word_1_152' title='bbox 532 2031 722 2079; x_wconf 90' lang='lat' dir='ltr'>semper</span> <span class='ocrx_word' id='word_1_153' title='bbox 756 2015 975 2078; x_wconf 88' lang='lat' dir='ltr'>requirit,</span> <span class='ocrx_word' id='word_1_154' title='bbox 1000 2022 1055 2062; x_wconf 90' lang='lat' dir='ltr'>ut</span> <span class='ocrx_word' id='word_1_155' title='bbox 1079 2015 1436 2062; x_wconf 89' lang='lat' dir='ltr'>consulentium</span> <span class='ocrx_word' id='word_1_156' title='bbox 1461 2015 1592 2063; x_wconf 90' lang='lat' dir='ltr'>dulci</span> <span class='ocrx_word' id='word_1_157' title='bbox 1616 2016 1767 2064; x_wconf 91' lang='lat' dir='ltr'>emol-</span> 
     </span>
     <span class='ocr_line' id='line_1_27' title="bbox 381 2090 1752 2154; baseline 0 -15"><span class='ocrx_word' id='word_1_158' title='bbox 381 2092 544 2150; x_wconf 88' lang='lat' dir='ltr'>liatur,</span> <span class='ocrx_word' id='word_1_159' title='bbox 561 2091 724 2154; x_wconf 90' lang='lat' dir='ltr'>potius</span> <span class='ocrx_word' id='word_1_160' title='bbox 750 2107 895 2153; x_wconf 91' lang='lat' dir='ltr'>quam</span> <span class='ocrx_word' id='word_1_161' title='bbox 919 2106 1090 2153; x_wconf 89' lang='lat' dir='ltr'>aspero</span> <span class='ocrx_word' id='word_1_162' title='bbox 1111 2090 1302 2152; x_wconf 90' lang='lat' dir='ltr'>imperii</span> <span class='ocrx_word' id='word_1_163' title='bbox 1322 2091 1435 2138; x_wconf 86' lang='lat' dir='ltr'>stilo</span> <span class='ocrx_word' id='word_1_164' title='bbox 1459 2091 1546 2138; x_wconf 88' lang='lat' dir='ltr'>fiat</span> <span class='ocrx_word' id='word_1_165' title='bbox 1570 2091 1752 2139; x_wconf 88' lang='lat' dir='ltr'>durior.</span> 
     </span>
    </p>

    <p class='ocr_par' dir='ltr' id='par_1_8' title="bbox 380 2165 1768 2911">
     <span class='ocr_line' id='line_1_28' title="bbox 450 2165 1766 2230; baseline 0 -15"><span class='ocrx_word' id='word_1_166' title='bbox 450 2166 749 2215; x_wconf 70' lang='lat' dir='ltr'>Differentiae</span> <span class='ocrx_word' id='word_1_167' title='bbox 783 2166 912 2213; x_wconf 87' lang='lat' dir='ltr'>inter</span> <span class='ocrx_word' id='word_1_168' title='bbox 932 2165 1226 2230; x_wconf 79' lang='lat' dir='ltr'>imperatum</span> <span class='ocrx_word' id='word_1_169' title='bbox 1251 2172 1301 2212; x_wconf 90' lang='lat' dir='ltr'>et</span> <span class='ocrx_word' id='word_1_170' title='bbox 1324 2166 1580 2213; x_wconf 79' lang='lat' dir='ltr'>consilium</span> <span class='ocrx_word' id='word_1_171' title='bbox 1604 2182 1766 2215; x_wconf 88' lang='lat' dir='ltr'>exem-</span> 
     </span>
     <span class='ocr_line' id='line_1_29' title="bbox 380 2241 1767 2308; baseline -0.001 -16"><span class='ocrx_word' id='word_1_172' title='bbox 380 2244 463 2308; x_wconf 88' lang='lat' dir='ltr'>pla</span> <span class='ocrx_word' id='word_1_173' title='bbox 486 2259 512 2291; x_wconf 93' lang='lat' dir='ltr'>e</span> <span class='ocrx_word' id='word_1_174' title='bbox 538 2242 687 2291; x_wconf 88' lang='lat' dir='ltr'>sacris</span> <span class='ocrx_word' id='word_1_175' title='bbox 712 2242 975 2305; x_wconf 88' lang='lat' dir='ltr'>Scripturis</span> <span class='ocrx_word' id='word_1_176' title='bbox 1011 2241 1136 2289; x_wconf 91' lang='lat' dir='ltr'>sumi</span> <span class='ocrx_word' id='word_1_177' title='bbox 1171 2250 1390 2304; x_wconf 87' lang='lat' dir='ltr'>possunt.</span> <span class='ocrx_word' id='word_1_178' title='bbox 1460 2241 1542 2289; x_wconf 92' lang='lat' dir='ltr'>Ne</span> <span class='ocrx_word' id='word_1_179' title='bbox 1578 2241 1767 2290; x_wconf 68' lang='lat' dir='ltr'>habeas</span> 
     </span>
     <span class='ocr_line' id='line_1_30' title="bbox 382 2316 1764 2382; baseline -0.001 -14"><span class='ocrx_word' id='word_1_180' title='bbox 382 2319 512 2368; x_wconf 68' lang='lat' dir='ltr'>alio-s·</span> <span class='ocrx_word' id='word_1_181' title='bbox 530 2320 667 2367; x_wconf 79' lang='lat' dir='ltr'>Deos</span> <span class='ocrx_word' id='word_1_182' title='bbox 683 2333 851 2366; x_wconf 82' lang='lat' dir='ltr'>coram</span> <span class='ocrx_word' id='word_1_183' title='bbox 875 2334 947 2364; x_wconf 86' lang='lat' dir='ltr'>me</span> <span class='ocrx_word' id='word_1_184' title='bbox 962 2335 978 2364; x_wconf 91' lang='lat'>.·</span> <span class='ocrx_word' id='word_1_185' title='bbox 1003 2334 1075 2379; x_wconf 47' lang='lat' dir='ltr'>ne·</span> <span class='ocrx_word' id='word_1_186' title='bbox 1079 2316 1246 2379; x_wconf 82' lang='lat' dir='ltr'>facito</span> <span class='ocrx_word' id='word_1_187' title='bbox 1271 2317 1362 2364; x_wconf 81' lang='lat' dir='ltr'><em>tibi</em></span> <span class='ocrx_word' id='word_1_188' title='bbox 1385 2317 1639 2382; x_wconf 75' lang='lat' dir='ltr'>sculptile,</span> <span class='ocrx_word' id='word_1_189' title='bbox 1658 2326 1764 2367; x_wconf 87' lang='lat' dir='ltr'>etc:</span> 
     </span>
     <span class='ocr_line' id='line_1_31' title="bbox 381 2391 1768 2456; baseline -0.001 -14"><span class='ocrx_word' id='word_1_190' title='bbox 381 2412 441 2442; x_wconf 82' lang='lat' dir='ltr'>ne</span> <span class='ocrx_word' id='word_1_191' title='bbox 465 2393 703 2442; x_wconf 72' lang='lat' dir='ltr'>assumito</span> <span class='ocrx_word' id='word_1_192' title='bbox 727 2408 895 2440; x_wconf 79' lang='lat' dir='ltr'>nomen</span> <span class='ocrx_word' id='word_1_193' title='bbox 931 2391 1031 2439; x_wconf 82' lang='lat' dir='ltr'>Dei</span> <span class='ocrx_word' id='word_1_194' title='bbox 1067 2391 1140 2438; x_wconf 78' lang='lat' dir='ltr'>tui</span> <span class='ocrx_word' id='word_1_195' title='bbox 1175 2391 1224 2438; x_wconf 81' lang='lat' dir='ltr'>in</span> <span class='ocrx_word' id='word_1_196' title='bbox 1259 2408 1432 2439; x_wconf 80' lang='lat' dir='ltr'>vanum</span> <span class='ocrx_word' id='word_1_197' title='bbox 1451 2411 1469 2446; x_wconf 93' lang='lat'><em>;</em></span> <span class='ocrx_word' id='word_1_198' title='bbox 1504 2394 1768 2456; x_wconf 58' lang='lat' dir='ltr'>sanctifica</span> 
     </span>
     <span class='ocr_line' id='line_1_32' title="bbox 383 2468 1766 2532; baseline -0.002 -13"><span class='ocrx_word' id='word_1_199' title='bbox 383 2470 692 2519; x_wconf 80' lang='lat' dir='ltr'>Sabbatum:</span> <span class='ocrx_word' id='word_1_200' title='bbox 741 2468 931 2516; x_wconf 80' lang='lat' dir='ltr'>honora</span> <span class='ocrx_word' id='word_1_201' title='bbox 963 2474 1169 2532; x_wconf 80' lang='lat' dir='ltr'>patrem</span> <span class='ocrx_word' id='word_1_202' title='bbox 1205 2473 1335 2514; x_wconf 76' lang='lat' dir='ltr'>tecum</span> <span class='ocrx_word' id='word_1_203' title='bbox 1356 2486 1373 2515; x_wconf 91' lang='lat'>.·</span> <span class='ocrx_word' id='word_1_204' title='bbox 1415 2485 1475 2515; x_wconf 81' lang='lat' dir='ltr'>ne</span> <span class='ocrx_word' id='word_1_205' title='bbox 1513 2468 1766 2517; x_wconf 80' lang='lat' dir='ltr'>occidito:</span> 
     </span>
     <span class='ocr_line' id='line_1_33' title="bbox 381 2543 1766 2608; baseline -0.001 -14"><span class='ocrx_word' id='word_1_206' title='bbox 381 2564 443 2595; x_wconf 80' lang='lat' dir='ltr'>ne</span> <span class='ocrx_word' id='word_1_207' title='bbox 483 2551 736 2594; x_wconf 76' lang='lat' dir='ltr'>scortator</span> <span class='ocrx_word' id='word_1_208' title='bbox 752 2563 769 2592; x_wconf 91' lang='lat'>.·</span> <span class='ocrx_word' id='word_1_209' title='bbox 817 2561 877 2591; x_wconf 80' lang='lat' dir='ltr'>ne</span> <span class='ocrx_word' id='word_1_210' title='bbox 902 2543 1139 2608; x_wconf 80' lang='lat' dir='ltr'>furator,</span> <span class='ocrx_word' id='word_1_211' title='bbox 1178 2550 1256 2590; x_wconf 89' lang='lat' dir='ltr'>etc</span> <span class='ocrx_word' id='word_1_212' title='bbox 1277 2562 1287 2590; x_wconf 92' lang='lat'>:</span> <span class='ocrx_word' id='word_1_213' title='bbox 1334 2544 1574 2607; x_wconf 85' lang='lat' dir='ltr'>imperata</span> <span class='ocrx_word' id='word_1_214' title='bbox 1618 2550 1733 2592; x_wconf 83' lang='lat' dir='ltr'>sunt</span> <span class='ocrx_word' id='word_1_215' title='bbox 1753 2564 1766 2600; x_wconf 88' lang='lat'>;</span> 
     </span>
     <span class='ocr_line' id='line_1_34' title="bbox 383 2618 1767 2685; baseline -0.002 -15"><span class='ocrx_word' id='word_1_216' title='bbox 383 2622 497 2685; x_wconf 89' lang='lat' dir='ltr'>quia</span> <span class='ocrx_word' id='word_1_217' title='bbox 519 2620 644 2669; x_wconf 87' lang='lat' dir='ltr'>ratio</span> <span class='ocrx_word' id='word_1_218' title='bbox 679 2619 968 2668; x_wconf 81' lang='lat' dir='ltr'>obedientiae</span> <span class='ocrx_word' id='word_1_219' title='bbox 1003 2635 1034 2666; x_wconf 90' lang='lat' dir='ltr'>a</span> <span class='ocrx_word' id='word_1_220' title='bbox 1066 2618 1316 2666; x_wconf 88' lang='lat' dir='ltr'>voluntate</span> <span class='ocrx_word' id='word_1_221' title='bbox 1341 2618 1537 2667; x_wconf 88' lang='lat' dir='ltr'>ducitur</span> <span class='ocrx_word' id='word_1_222' title='bbox 1555 2619 1662 2677; x_wconf 87' lang='lat' dir='ltr'>Dei,</span> <span class='ocrx_word' id='word_1_223' title='bbox 1686 2619 1767 2667; x_wconf 83' lang='lat' dir='ltr'>cui</span> 
     </span>
     <span class='ocr_line' id='line_1_35' title="bbox 382 2694 1766 2759; baseline -0.003 -13"><span class='ocrx_word' id='word_1_224' title='bbox 382 2697 581 2746; x_wconf 88' lang='lat' dir='ltr'>obedire</span> <span class='ocrx_word' id='word_1_225' title='bbox 606 2696 895 2759; x_wconf 85' lang='lat' dir='ltr'>obligamur.</span> <span class='ocrx_word' id='word_1_226' title='bbox 966 2694 1063 2742; x_wconf 87' lang='lat' dir='ltr'>Sed</span> <span class='ocrx_word' id='word_1_227' title='bbox 1086 2694 1236 2741; x_wconf 88' lang='lat' dir='ltr'>verba</span> <span class='ocrx_word' id='word_1_228' title='bbox 1257 2694 1380 2753; x_wconf 88' lang='lat' dir='ltr'>haec,</span> <span class='ocrx_word' id='word_1_229' title='bbox 1416 2694 1581 2743; x_wconf 79' lang='lat' dir='ltr'>Vende</span> <span class='ocrx_word' id='word_1_230' title='bbox 1604 2694 1766 2742; x_wconf 74' lang='lat' dir='ltr'>omnia</span> 
     </span>
     <span class='ocr_line' id='line_1_36' title="bbox 382 2769 1768 2838; baseline -0.002 -17"><span class='ocrx_word' id='word_1_231' title='bbox 382 2790 490 2838; x_wconf 75' lang='lat' dir='ltr'>quce</span> <span class='ocrx_word' id='word_1_232' title='bbox 514 2772 683 2831; x_wconf 60' lang='lat' dir='ltr'>habea,</span> <span class='ocrx_word' id='word_1_233' title='bbox 710 2771 778 2819; x_wconf 87' lang='lat' dir='ltr'>da</span> <span class='ocrx_word' id='word_1_234' title='bbox 806 2769 1140 2836; x_wconf 69' lang='lat' dir='ltr'>pauperibm,</span> <span class='ocrx_word' id='word_1_235' title='bbox 1177 2776 1227 2816; x_wconf 84' lang='lat' dir='ltr'>et</span> <span class='ocrx_word' id='word_1_236' title='bbox 1251 2785 1460 2834; x_wconf 75' lang='lat' dir='ltr'>sequere</span> <span class='ocrx_word' id='word_1_237' title='bbox 1484 2786 1573 2829; x_wconf 88' lang='lat' dir='ltr'>me,</span> <span class='ocrx_word' id='word_1_238' title='bbox 1608 2770 1768 2818; x_wconf 80' lang='lat' dir='ltr'>consi-</span> 
     </span>
     <span class='ocr_line' id='line_1_37' title="bbox 381 2844 1768 2911; baseline -0.003 -14"><span class='ocrx_word' id='word_1_239' title='bbox 381 2849 501 2897; x_wconf 91' lang='lat' dir='ltr'>lium</span> <span class='ocrx_word' id='word_1_240' title='bbox 535 2855 641 2903; x_wconf 86' lang='lat' dir='ltr'>est;</span> <span class='ocrx_word' id='word_1_241' title='bbox 683 2854 944 2911; x_wconf 88' lang='lat' dir='ltr'>propterea</span> <span class='ocrx_word' id='word_1_242' title='bbox 976 2844 1110 2910; x_wconf 91' lang='lat' dir='ltr'>quod</span> <span class='ocrx_word' id='word_1_243' title='bbox 1132 2845 1273 2904; x_wconf 85' lang='lat' dir='ltr'>rati0,</span> <span class='ocrx_word' id='word_1_244' title='bbox 1298 2853 1502 2909; x_wconf 89' lang='lat' dir='ltr'>propter</span> <span class='ocrx_word' id='word_1_245' title='bbox 1530 2861 1675 2909; x_wconf 83' lang='lat' dir='ltr'>quam</span> <span class='ocrx_word' id='word_1_246' title='bbox 1698 2845 1768 2894; x_wconf 79' lang='lat' dir='ltr'>ita</span> 
     </span>
    </p>
   </div>
  </div>
 </body>
</html>
