1910 3236
0 847 9 940 ὲ

0 945 10 1043 ξ

688 230 758 263 na
786 229 1028 263 nouum.
1473 216 1562 259 125

187 341 373 390 sionem
426 341 648 390 civitatis.
731 342 1015 389 Authoritas
1061 339 1190 388 enim
1234 338 1476 387 tutoribus
1515 345 1565 385 et

189 416 495 467 curatoribus
519 416 624 464 dari
648 433 744 464 non
768 425 929 480 potest
953 416 1044 463 nisi
1065 416 1173 478 jure
1198 413 1343 462 civili.

258 492 397 549 Idoli,
421 492 471 540 id
495 500 568 540 est
590 493 710 540 meri
746 492 982 555 figmenti,
1008 491 1172 554 quales
1195 498 1336 538 erant
1358 489 1426 537 dii
1448 505 1563 552 gen-

189 568 330 626 tium,
354 582 573 631 personae
605 567 739 615 fuere
775 567 1069 624 constitutae,
1090 582 1198 629 quae
1222 565 1350 613 bona
1372 564 1571 612 mobilia

190 650 243 692 et
277 642 542 691 immobilia
577 650 626 690 et
654 644 766 705 jura
801 649 1064 690 tenuerunt
1097 640 1238 689 idolis
1270 648 1568 688 consecrata.

193 718 384 767 Idolum
407 726 586 776 autem,
602 735 713 766 cum
738 719 800 765 sit
822 718 958 775 nihil,
975 717 1155 776 nullius
1172 717 1242 765 rei
1265 716 1443 764 author
1465 731 1569 764 esse

189 794 365 859 potuit.
434 794 794 842 Authoritatem
819 793 1059 841 dederuut
1082 793 1316 841 civitates.

259 869 419 917 Etiam
460 869 550 916 Dei
590 870 692 917 veri
733 885 941 933 persona
984 868 1172 931 geritur
1211 877 1260 916 et
1300 876 1439 932 gesta
1480 875 1569 915 est.

194 943 436 992 Mundum
454 944 583 991 enim
607 944 657 991 iu
681 944 878 1008 propria
894 959 1101 1007 persona
1124 944 1334 992 creavit:
1371 943 1421 990 in
1444 942 1572 990 redi-

194 1018 373 1068 mendo
409 1035 587 1082 genere
625 1019 836 1067 humano
866 1034 1123 1082 personam
1147 1019 1236 1067 Dei
1260 1018 1410 1081 gessit
1430 1019 1572 1066 Jesus

194 1094 444 1143 Christus:
482 1095 531 1142 in
555 1095 720 1143 electis
733 1094 1092 1143 sanctificandis
1111 1094 1327 1158 ejusdem
1351 1094 1441 1141 Dei
1462 1110 1568 1157 per-

194 1185 364 1218 sonam
398 1170 546 1233 gessit
582 1170 788 1233 Spiritus
825 1170 1062 1218 Sanctus:
1099 1169 1150 1217 id
1178 1169 1308 1232 quod
1341 1168 1574 1217 docemur

197 1245 248 1293 in
285 1245 579 1293 catechismo
613 1245 823 1308 publico,
856 1261 1046 1308 nempe,
1081 1245 1290 1293 credere
1332 1245 1381 1292 in
1416 1244 1575 1291 Deum

198 1320 419 1378 Patrem,
443 1320 529 1384 qui
568 1321 758 1368 creavit
791 1337 864 1367 me
898 1326 947 1367 et
973 1326 1125 1367 totum
1160 1319 1416 1374 mundum;
1452 1319 1575 1367 etin

197 1395 358 1444 Deum
380 1395 577 1454 Filium,
601 1395 688 1459 qui
723 1395 933 1443 redemit
964 1411 1037 1442 me
1061 1401 1112 1442 et
1135 1401 1287 1442 totum
1306 1410 1467 1459 genus
1490 1395 1577 1442 Im-

198 1486 386 1518 manum
406 1488 426 1524 ,·
461 1470 579 1517 etin
599 1469 843 1533 Spiritum
863 1468 1113 1526 Sanctum,
1130 1470 1217 1534 qui
1242 1469 1577 1532 sanctificavit

197 1562 274 1594 me
295 1552 347 1593 et
370 1560 549 1593 omnem
581 1544 787 1593 electum
802 1544 1043 1610 populum
1066 1544 1182 1592 Dei.

264 1620 427 1669 Etiam
448 1620 660 1684 plurium
676 1620 929 1668 hominum
952 1620 1009 1668 fit
1025 1636 1124 1667 una
1145 1636 1368 1684 persona,
1384 1620 1579 1684 quando

1602 357 1704 390 CAP.
1720 356 1818 389 xvi.

1619 412 1809 433 κ-Ψ-α

1603 454 1647 482 De
1661 454 1790 491 personis

1602 501 1631 526 et
1644 497 1824 526 authoribus.

1540 1584 1598 1601 91*-

199 1704 583 1761 repraesentatur
606 1697 667 1744 ab
691 1712 790 1744 uno
814 1696 896 1758 qui
918 1695 1066 1744 habet
1087 1712 1118 1743 a
1139 1696 1339 1759 singulis
1362 1697 1580 1744 authori·
1659 1677 1665 1701 ³

201 1779 370 1821 tatem.
428 1772 541 1819 Non
563 1771 694 1819 enim
713 1771 1063 1835 repraesentati,
1079 1771 1166 1819 sed
1187 1772 1579 1836 repraesentantis

201 1848 363 1896 unitas
383 1854 476 1906 est,
500 1863 610 1911 quae
646 1862 906 1910 personam
935 1846 1054 1894 facit
1081 1863 1185 1895 esse
1208 1863 1388 1903 unam;
1423 1863 1580 1911 neque

202 1923 364 1972 unitas
387 1922 481 1971 alio
504 1922 650 1970 modo
674 1923 724 1970 in
747 1922 1059 1970 multitudine
1078 1923 1285 1986 intelligi
1306 1932 1484 1987 potest.

1674 1799 1678 1820 ’1

1676 1825 1681 1838 l

1693 1859 1696 1868 v

1650 1970 1668 1980 t
1675 1856 1697 1966 3

271 1997 516 2048 Quoniam
538 2005 702 2045 autem
724 1997 986 2046 multitudo
1000 1998 1289 2047 naturaliter
1312 2015 1411 2046 non
1431 1984 1644 2047 unum—“fl

203 2073 419 2137 aliquod,
438 2073 525 2121 sed
541 2073 682 2121 multi
696 2081 809 2121 sunt
825 2095 837 2129 ;
862 2089 962 2122 non
979 2090 1120 2133 unus,
1135 2074 1221 2122 sed
1238 2075 1394 2134 multi,
1411 2090 1582 2138 nempe

205 2149 399 2212 singuli,
435 2148 662 2197 authores
701 2156 815 2197 sunt
851 2165 1019 2197 eorum
1058 2165 1166 2213 quae
1206 2150 1325 2198 dicit
1352 2150 1428 2197 vel
1466 2150 1582 2198 facit

205 2232 360 2284 actor,
387 2225 470 2288 qui
493 2232 567 2272 est
588 2240 797 2288 persona
827 2226 957 2289 ipsos
980 2234 1351 2289 repraesentans
1421 2225 1583 2273 Unus·

207 2299 410 2363 quisque
433 2298 563 2347 enim
594 2315 762 2347 eorum
800 2300 1045 2348 communi
1081 2301 1235 2348 actori
1260 2315 1348 2347 suo
1372 2299 1584 2347 authori-

209 2382 364 2424 tatem
387 2374 560 2422 tribuit
582 2390 733 2422 suam.
803 2375 889 2423 Sin
923 2375 1194 2423 authoritas
1228 2375 1368 2423 finita
1390 2374 1452 2422 sit
1475 2390 1583 2437 quae

206 2450 455 2509 tribuitur,
490 2450 666 2498 author
701 2450 906 2514 quisque
946 2459 1019 2499 aet
1054 2451 1244 2498 illarum
1283 2450 1584 2498 solummodo

207 2525 457 2573 actionum
479 2541 589 2588 quae
611 2526 662 2573 in
684 2526 926 2574 mandatis
948 2526 1274 2575 eontinentur.

277 2599 331 2647 Si
347 2608 484 2648 actor
497 2616 582 2648 seu
594 2617 801 2664 persona
814 2617 913 2649 non
927 2602 992 2649 sit
1008 2617 1132 2649 unus
1146 2602 1308 2659 homo,
1327 2601 1413 2649 sed
1430 2608 1585 2648 eoetus

209 2674 478 2734 hominum,
502 2683 622 2724 tunc
643 2693 739 2725 vox
771 2677 924 2740 partis
961 2677 1158 2739 majoris
1198 2675 1479 2739 accipienda
1512 2684 1586 2723 est

210 2765 302 2814 pro
324 2765 443 2798 voce
464 2765 699 2813 personae.
770 2752 895 2799 Nam
915 2751 956 2799 si
974 2767 1085 2815 pars
1108 2751 1267 2799 minor
1287 2751 1587 2814 pronuntiet,

213 2824 423 2889 exempli
458 2840 620 2884 causa,
656 2826 957 2885 affirmative,
992 2826 1147 2888 major
1183 2826 1422 2889 negative,
1445 2841 1588 2875 voces

1655 2286 1661 2356 [ι

1606 2357 1661 2497 )
