1968 3236
147 421 403 455 CAP.XXXIV

183 476 370 498 s--Y—-ae

147 523 191 551 De
204 523 410 560 significatione

147 575 233 603 quam
255 566 362 594 habent
380 569 409 595 in

148 610 304 646 Scripturis
315 611 410 639 Sacris

148 653 288 681 vocabula
313 654 391 690 spiri-

147 699 204 728 tus,
223 695 348 732 angelus,
370 697 410 724 in-

148 738 271 775 spiratio.

426 283 520 326 282
744 292 813 324 DE
841 289 1094 324 CIVITATE
1123 289 1477 323 CHRISTIANA.

429 403 590 461 Sacra,
617 403 778 450 multae
812 410 938 449 sunt.
1009 401 1226 449 Sumitur
1259 402 1388 449 enim
1417 401 1679 465 aliquando
1703 417 1795 465 pro

428 477 750 540 disputatione
775 478 872 525 sive
896 477 1236 532 inclinatione3
1271 486 1327 525 ut
1362 477 1555 540 quando
1588 477 1794 524 dicimus

427 553 653 616 Spiritum
674 551 1097 609 contradictioni&
1112 551 1343 615 spiritum
1362 552 1794 617 immundum‚per-

427 643 629 685 versum,
665 627 895 690 spiritum
934 626 1049 682 Dei,
1086 642 1175 689 pro
1214 628 1534 686 contensioso,
1574 643 1664 690 pro
1704 628 1795 675 im-

425 702 620 760 mundo,
635 717 722 764 pro
739 717 965 764 perverso
986 701 1197 760 homine,
1212 718 1300 764 pro
1318 718 1374 750 eo
1390 703 1473 766 qui
1490 718 1540 750 se
1556 703 1795 766 disposuit

425 777 486 824 ad
526 776 828 824 serviendum
868 777 987 824 Deo.
1058 776 1331 839 Aliquando
1371 778 1518 825 etiam
1558 778 1795 841 accipitur

423 868 510 915 pro
528 852 768 898 eminente
785 851 996 914 qualibet
1010 851 1256 911 facultate,
1264 852 1341 899 vel
1356 852 1502 900 etiam
1517 868 1606 915 pro
1621 854 1795 901 morbo

422 927 569 974 animi
592 927 785 974 insolito
809 948 819 981 3
855 934 912 974 ut
936 927 1018 974 ubi
1043 927 1238 990 egregia
1264 928 1500 991 sapientia
1522 929 1794 992 appellatur

422 1002 632 1067 spiritus
655 1001 915 1065 sapientia?
934 1020 952 1056 ;
993 1010 1040 1049 et
1075 1002 1159 1049 ubi
1194 1003 1413 1050 homines
1453 1012 1618 1050 mente
1661 1004 1793 1068 capti

423 1078 595 1140 spiritu
618 1077 846 1125 dicuntur
859 1078 1133 1141 possideri.

486 1154 716 1201 Vocabuli
760 1154 972 1217 spiritus
1014 1153 1393 1217 significationes
1432 1153 1482 1200 in
1529 1153 1793 1217 Scripturis

422 1229 579 1276 Sacris
594 1229 710 1277 alias
729 1245 827 1276 non
845 1229 1054 1276 invenio.
1109 1228 1360 1292 Siquidem
1385 1245 1500 1291 ergo
1526 1229 1792 1292 Scripturae

420 1306 526 1353 loco
567 1305 711 1353 alicui
746 1305 878 1353 nulla
916 1306 1088 1352 harum
1124 1304 1534 1368 significationum
1574 1304 1793 1352 sufficere

418 1388 594 1444 potest,
617 1381 750 1428 locus
774 1381 854 1428 ille
877 1381 1177 1428 intellectum
1212 1387 1433 1427 nostrum
1456 1395 1683 1442 superare
1709 1395 1792 1427 ex-

418 1456 702 1504 istimandus
727 1464 814 1504 est.
901 1457 1006 1504 Nec
1030 1457 1236 1511 mirum;
1272 1471 1383 1503 cum
1411 1463 1586 1503 natura
1607 1455 1699 1503 Dei
1717 1455 1792 1502 in-

419 1532 863 1595 comprehensibilis
887 1531 965 1590 sit,
991 1540 1040 1579 et
1061 1531 1258 1579 nomina
1280 1531 1325 1578 ei
1348 1530 1662 1578 attribuenda
1695 1530 1791 1578 sint

419 1623 516 1654 non
539 1615 639 1654 tam
663 1607 725 1654 ad
747 1615 971 1655 naturam
995 1607 1112 1670 ejus,
1129 1622 1272 1669 quam
1295 1605 1358 1653 ad
1380 1605 1630 1664 honorem,
1648 1621 1791 1669 quem

418 1683 488 1730 illi
511 1683 736 1730 exhibere
760 1683 1002 1741 debemus,
1028 1681 1360 1744 congruentia.

483 1760 601 1807 Gen.
626 1760 657 1806 i.
683 1766 729 1818 2,
766 1759 839 1806 Et
873 1758 1086 1822 spiritus
1110 1757 1310 1805 Domini
1327 1755 1607 1819 ,ferebatur
1640 1771 1792 1820 super

419 1852 590 1898 aquas,
629 1835 719 1882 Per
741 1835 972 1900 spiritum
995 1834 1109 1889 Dei,
1135 1833 1176 1881 si
1198 1832 1501 1895 intelligatur
1519 1833 1650 1880 Deus
1670 1832 1789 1896 ipse,

418 1917 574 1957 motus
609 1911 728 1968 Deo,
764 1917 812 1958 et
845 1926 932 1973 per
966 1925 1264 1972 consequens
1298 1908 1432 1956 locus
1468 1908 1788 1962 attribuitur;

419 2001 525 2048 quae
541 1986 599 2033 de
615 1985 908 2049 incorporeis
922 1984 1126 2048 intelligi
1142 2000 1242 2032 non
1258 1990 1476 2047 possunt.
1512 1983 1737 2031 Gen.viii.
1750 1990 1789 2042 Ι,

420 2061 500 2107 ubi
524 2061 715 2123 quando
740 2069 870 2108 terra
906 2060 1059 2123 aquiS‚
1093 2067 1149 2108 ut
1183 2060 1233 2107 in
1268 2059 1524 2123 principio,
1562 2066 1790 2108 contecta

419 2143 537 2193 erat,
558 2135 704 2193 Deus,
725 2135 991 2182 diminuere
1007 2135 1112 2182 illas
1126 2134 1309 2192 volens,
1328 2134 1543 2182 adduxit
1555 2133 1789 2198 spiritum

419 2226 569 2274 super
610 2218 812 2269 terram,
847 2217 896 2257 et
932 2210 1192 2258 imminuta>
1230 2216 1343 2257 Sunt
1381 2226 1537 2273 aquoe.
1608 2209 1666 2257 In
1690 2226 1789 2273 quo

419 2285 540 2343 loco,
565 2286 776 2349 spiritus
799 2285 990 2333 videtur
1013 2285 1356 2348 intelligendus
1381 2301 1484 2333 esse
1517 2301 1607 2348 pro
1630 2291 1785 2333 vento,

422 2359 552 2407 Quid
576 2360 625 2407 ni
649 2376 764 2422 ergo
799 2375 887 2422 pro
922 2360 1092 2408 eodem
1128 2368 1337 2424 ponatur
1370 2360 1517 2408 etiam
1550 2360 1786 2423 praedicto

422 2435 579 2498 capite
602 2435 774 2499 primo,
798 2451 919 2482 vers.
941 2442 968 2483 2
991 2435 1006 2481 Ρ

486 2509 604 2558 Gen.
624 2510 703 2557 xli.
721 2515 798 2568 38,
819 2510 1102 2572 sapientiam
1119 2511 1147 2559 J
1152 2511 1317 2575 osephi
1336 2510 1547 2574 appellat
1565 2511 1785 2560 Pharaoh

420 2585 648 2649 spiritum
671 2585 783 2632 Dei.
855 2585 975 2632 Cum
995 2587 1124 2633 enim
1140 2587 1168 2634 J
1173 2587 1378 2651 osephus
1397 2587 1441 2634 ei
1460 2587 1784 2647 consuluerat,

419 2668 472 2707 ut
496 2660 650 2707 virum
669 2667 813 2707 terrae
838 2659 1035 2723 AEgypti
1058 2663 1328 2723 praeficeret
1351 2661 1617 2726 sapientem
1641 2670 1690 2711 et
1713 2662 1785 2711 in-

418 2735 671 2790 dustrium,
695 2735 946 2798 respondit
971 2736 1218 2784 Pharaoh:
1255 2737 1385 2785 Num
1408 2737 1625 2785 invenire
1637 2744 1781 2802 pote-

419 2811 569 2858 rimus
605 2810 752 2858 talem
786 2810 938 2858 virum
974 2811 1060 2874 qui
1098 2812 1282 2875 spiritu
1319 2812 1419 2860 Dei
1449 2811 1630 2877 plenus
1665 2812 1783 2862 ait?

417 2884 568 2933 Exod.
613 2885 773 2933 xxviii.
818 2890 847 2932 3
869 2903 879 2931 :
951 2885 1195 2949 Loqueris
1242 2887 1429 2935 cunctis
1473 2886 1783 2952 sapientibus

1962 2112 1968 2196 ἱ

1959 2198 1968 2293 i
