1968 3236
706 262 776 296 nt.
804 262 1079 296 cwrrxrn.
1496 250 1585 302 147

207 373 355 423 Quod
377 373 419 421 si
441 373 795 422 successionem
830 373 946 421 dare
980 380 1143 437 potest
1182 372 1303 421 alius
1338 387 1498 430 nemu,
1527 372 1585 431 is,
1621 397 1723 429 cu»,
1739 396 1839 429 XIX.

205 449 291 512 qui
303 456 596 512 potestatem
614 458 731 497 ante
750 450 936 507 habuit,
953 449 1164 497 retinere
1186 456 1237 496 et
1259 463 1584 496 successorem
1606 499 1631 526 D
1643 451 1829 526 '‘gun“

205 539 349 573 suum
372 524 550 588 eligere
572 533 750 588 potest,
776 525 924 572 immo
950 524 1111 582 debet,
1135 539 1214 582 ne,
1238 531 1411 572 contra
1428 524 1584 587 legem
1602 507 1818 591 532&ng

204 607 412 659 naturae,
436 601 566 649 cives
588 600 703 648 fidei
726 616 827 648 suae
842 600 1122 648 commissos
1140 599 1332 647 deserta
1345 607 1585 663 potestate
1602 589 1821 656 'fffifl‘fg'

205 691 395 724 summa
430 676 481 724 in
521 676 851 724 conditionem
886 684 1075 724 naturae
1116 675 1388 723 relabentes
1425 674 1584 739 perire
1601 680 1682 743 22¹:
1690 671 1868 752 Q

204 750 437 815 patiatur.

272 826 515 886 Secundo,
532 843 617 875 rex
641 827 822 875 electus
843 826 905 874 ad
922 835 1216 889 potestatem
1235 826 1585 890 praescriptam,

203 903 567 966 praescribente,
578 903 679 951 sive
703 903 744 950 is
760 902 907 950 homo
922 902 984 949 sit
1001 902 1102 950 sive
1118 910 1288 960 coetus,
1303 902 1464 950 minor
1482 909 1585 958 est;

205 984 255 1026 et
276 978 482 1042 proinde
500 994 601 1026 non
618 986 693 1026 est
707 994 939 1026 summus,
1009 978 1305 1026 Potestatem
1324 994 1442 1042 ergo
1461 993 1590 1026 sum-

204 1069 336 1101 mam
349 1053 551 1101 habenti
569 1054 650 1116 jus
667 1052 958 1101 successoris
977 1052 1188 1116 eligendi
1212 1069 1403 1117 semper
1418 1053 1586 1102 haeret.

206 1129 476 1193 Regiminis
490 1137 654 1177 autem
669 1129 773 1192 ejus
791 1128 950 1176 forma
963 1144 1063 1176 non
1077 1129 1273 1192 proprie
1289 1129 1587 1187 monarchia,

205 1204 293 1253 sed
314 1204 391 1253 vel
414 1203 714 1252 democratia
735 1204 813 1252 vel
835 1203 1139 1252 aristocratia
1162 1211 1251 1252 est.

273 1279 485 1343 Populus
509 1281 757 1328 Romanus
775 1280 956 1327 victam
976 1280 1204 1343 Pompeio
1219 1280 1342 1328 duce
1364 1279 1588 1328 Judaeam

206 1355 347 1403 uexit.
419 1355 685 1419 Regiminis
699 1371 815 1419 ergo
832 1356 862 1403 J
866 1355 1116 1404 udaeorum
1129 1356 1287 1404 forma
1300 1356 1390 1404 sub
1407 1355 1589 1419 populo

208 1430 448 1489 Romano,
473 1446 571 1494 quo
610 1430 809 1478 nomine
846 1429 1208 1494 appellabitur?
1277 1431 1588 1479 Democratia

204 1521 306 1554 non
339 1513 459 1564 erat,
483 1521 640 1568 neque
662 1505 984 1563 aristocratia,
1009 1505 1124 1568 quia
1154 1521 1255 1554 non
1277 1506 1537 1570 regebatur
1559 1522 1589 1554 a

206 1589 339 1630 coetu
361 1581 614 1629 hominum
631 1581 661 1628 J
664 1581 931 1629 udaeorum.
1001 1581 1135 1630 Quid
1158 1597 1292 1645 ergo,
1309 1598 1372 1630 an
1394 1598 1589 1630 monar-

205 1656 319 1712 chia
340 1665 463 1713 erat,
487 1673 599 1704 cum
622 1673 812 1705 summa
825 1664 1042 1720 potestas
1064 1658 1232 1706 nonin
1253 1657 1451 1706 homine
1471 1674 1588 1715 uno,

206 1731 296 1781 sed
316 1731 368 1780 in
392 1739 526 1779 coetu
550 1731 772 1780 Romano
796 1731 1069 1780 resideret?
1127 1732 1350 1782 Quidni?
1419 1734 1590 1797 Populi

207 1806 417 1855 Romani
440 1822 718 1870 quanquam
737 1822 927 1855 summa
948 1815 1166 1871 potestas
1189 1808 1243 1856 in
1265 1808 1395 1857 cives
1411 1810 1591 1858 Roma-

205 1898 299 1931 nos
337 1881 643 1930 aristocratia
687 1890 795 1930 erat
834 1882 912 1930 vel
946 1882 1261 1942 democratia,
1307 1884 1359 1932 in
1390 1885 1421 1933 J
1427 1885 1589 1934 udaeos

207 1966 375 2006 tamen
404 1957 688 2005 monarchia
722 1966 842 2006 erat.
910 1958 1032 2006 Tam
1055 1958 1183 2007 enim
1210 1959 1423 2008 civitatis
1444 1962 1590 2009 unius

208 2033 261 2082 in
277 2032 501 2081 civitates
534 2033 714 2096 plures,
750 2049 898 2097 quam
914 2034 1061 2082 unius
1092 2034 1302 2084 hominis
1335 2036 1387 2084 in
1425 2036 1589 2100 plures

208 2107 430 2156 homines
452 2107 711 2171 imperium
733 2108 1018 2156 monarchia
1040 2117 1132 2157 est.

276 2182 596 2246 Quaecunque
630 2183 841 2232 civitatis
868 2184 1027 2232 forma
1049 2192 1140 2244 est,
1164 2186 1385 2244 materia,
1410 2186 1462 2233 id
1495 2195 1586 2242 est,

208 2258 444 2318 homines,
468 2259 689 2307 mortalis
713 2267 803 2307 est.
871 2260 1001 2308 Nam
1030 2261 1267 2319 homines,
1285 2270 1391 2309 tum
1412 2261 1589 2324 singuli

208 2342 317 2383 tum
350 2342 506 2383 coetus
544 2334 740 2399 integri,
775 2335 923 2383 morti
955 2336 1164 2399 subjecti
1204 2344 1333 2384 sunt.
1402 2337 1589 2400 Itaque,

209 2409 620 2473 quemadmodum
650 2409 716 2458 ad
738 2410 950 2459 civitatis
985 2411 1385 2460 constitutionem
1421 2427 1590 2459 neces-

210 2484 364 2533 sarius
377 2492 483 2533 erat
498 2484 792 2548 artificialis
814 2485 969 2544 homo,
994 2486 1065 2534 ita
1078 2486 1225 2535 etiam
1247 2486 1311 2534 ad
1334 2502 1590 2535 conserva-

0 2526 37 2583 R*
209 2558 394 2608 tionem
407 2559 620 2608 civitatis
633 2561 907 2608 necessaria
921 2569 1027 2609 erat
1041 2561 1333 2623 artificialis
1349 2561 1468 2620 vita,
1486 2561 1590 2610 sine

0 2584 38 2704 ξ’
211 2649 310 2698 qua
329 2642 441 2699 post
471 2642 666 2683 aetatem
695 2650 845 2683 unam
868 2635 1107 2684 moriente
1130 2636 1396 2684 monarcha
1417 2636 1589 2685 civitas

209 2709 370 2758 omnis
391 2710 630 2758 interiret.
698 2709 813 2758 Vita
829 2718 995 2758 autem
1007 2710 1114 2759 haec
1131 2710 1396 2758 artificialis
1419 2726 1478 2759 ea
1499 2719 1589 2771 oet,

211 2798 357 2847 quam
379 2792 559 2832 vocant
574 2785 657 2847 jus
679 2786 1012 2835 successionis,

278 2859 501 2908 Perfecta
521 2860 732 2909 civitatis
754 2860 912 2909 forma
934 2877 1039 2909 esse
1057 2877 1155 2909 non
1179 2869 1355 2925 potest,
1375 2861 1458 2909 ubi
1481 2877 1591 2910 suc-

1364 2951 1393 2984 1,
1415 2954 1437 2984 2
