1968 3236
421 235 516 279 442
743 247 812 280 DE
840 245 1096 281 cwrrA'rE
1125 245 1480 280 CHmsTIANA.

140 379 242 412 cAP.
269 380 401 413 xmn.
421 370 496 410 ter
531 370 672 410 notas
709 371 757 410 et
793 364 931 426 signa
964 378 1051 426 per
1087 379 1210 426 quae,
1237 380 1348 411 cum
1372 364 1576 422 veniret,
1603 365 1803 427 agnosci

139 435 611 513 nfflrevffifflss
665 439 909 497 nimirum,
954 439 1086 501 quod
1124 446 1251 487 esset
1290 455 1347 487 ex
1391 440 1543 503 stirpe
1584 439 1802 497 Davidis,

139 520 298 556 ceptionem
309 521 404 557 inreg-
421 514 693 561 nasciturus
741 514 791 560 in
831 514 1134 572 Bethlehem,
1177 531 1237 562 ex
1277 515 1483 578 virgine,
1523 515 1805 578 faceretque

139 571 210 633 iffi
222 563 389 635 ἒξὲέζιξὲᾏ.
421 605 597 651 magna
630 589 879 636 miracula.
951 589 1160 637 Credere
1186 606 1303 653 ergo
1327 591 1355 638 J
1361 607 1496 638 esum
1520 607 1625 639 esse
1650 591 1802 650 illum,

420 664 535 711 satis
560 671 662 711 erat
686 664 749 711 ad
768 665 918 711 vitam
937 673 1197 719 aeternam3
1223 666 1479 729 plusquam
1501 676 1664 714 autem
1685 667 1803 715 satis

419 739 742 786 necessarium
765 756 865 786 non
890 747 978 787 est.
1029 741 1092 787 Et
1115 757 1203 803 per
1227 758 1544 804 consequens,
1570 742 1803 790 articulus

418 814 498 860 ille
523 814 650 861 solus
674 815 972 862 necessarius
990 823 1077 862 est.
1130 816 1253 863 Item
1272 817 1300 864 J
1304 818 1520 864 ohannes
1537 817 1655 865 dicit
1674 817 1800 881 (cap.

419 890 482 936 xi.
508 889 624 950 26):
667 890 900 954 Quisquis
925 891 1059 948 vivit,
1085 898 1135 938 et
1168 892 1332 939 credit
1367 893 1417 940 777
1452 909 1539 950 7776,
1577 909 1670 940 non
1704 909 1803 940 mo-

419 965 578 1011 rietur
602 965 652 1012 in
684 972 928 1013 oeternum.
1017 966 1114 1014 Sed
1155 967 1354 1014 credere
1389 970 1440 1014 in
1463 967 1646 1027 Jesum,
1670 968 1801 1016 idem

420 1049 494 1087 est
518 1041 647 1102 quod
671 1041 867 1088 credere
903 1041 1071 1089 Jesum
1107 1059 1216 1089 6336
1245 1042 1499 1090 Christum
1519 1062 1539 1098 ;
1573 1051 1629 1091 ut
1653 1060 1802 1108 appa-

418 1127 493 1162 ret
521 1119 599 1176 (ex
615 1131 739 1162 vers.
760 1118 856 1176 27),
875 1117 960 1163 ubi
979 1117 1189 1165 Marthae
1214 1117 1334 1165 dicit
1360 1118 1603 1177 Christus,
1630 1119 1800 1167 credis

418 1190 508 1237 1706
528 1195 554 1238 ,9
609 1191 674 1238 Et
698 1191 778 1238 illa
803 1193 1080 1255 respondet,
1101 1194 1251 1240 etiam
1278 1193 1504 1253 Domine,
1530 1211 1624 1258 ego
1650 1195 1802 1243 credo

418 1272 466 1312 te
491 1283 598 1313 6336
627 1267 876 1314 Christum
901 1268 1052 1327 illum,
1063 1269 1231 1332 filium
1256 1270 1373 1328 Dei,
1398 1270 1485 1333 qui
1509 1270 1559 1317 in
1577 1270 1802 1318 mundum

416 1348 647 1389 venturu-§²
683 1350 811 1390 erat.
884 1344 1024 1391 Solus
1060 1361 1176 1407 ergo
1202 1345 1264 1392 ad
1290 1345 1493 1392 salutem
1521 1346 1698 1394 sufficit
1722 1362 1799 1394 ar-

414 1417 589 1465 ticulus
613 1418 692 1465 ille
715 1435 856 1466 unus.
926 1420 1052 1467 Item
1075 1421 1186 1468 Joh.
1214 1438 1292 1468 xx.
1320 1427 1374 1468 31
1405 1443 1416 1476 ;
1452 1421 1582 1468 Hoec
1601 1421 1800 1486 scripta

414 1499 525 1539 sunt
556 1499 609 1540 ut
633 1494 858 1542 credatis
882 1495 1050 1542 Jesum
1074 1512 1182 1543 6336
1211 1496 1480 1552 Christum,
1488 1496 1658 1558 fllium
1681 1497 1799 1556 Dei,

413 1574 463 1614 et
483 1575 534 1615 ut
551 1569 809 1616 eredentes
828 1570 978 1618 vitam
996 1571 1226 1619 habeatis
1237 1587 1337 1635 per
1356 1588 1525 1619 nomen
1543 1573 1663 1634 ejus.
1702 1573 1799 1620 Ubi

412 1658 576 1691 rursus
597 1645 794 1693 credere
816 1646 982 1694 Jesum
1006 1663 1114 1694 6336
1142 1647 1409 1706 Christum,
1447 1649 1667 1695 sufficere
1700 1649 1798 1711 sig-

412 1718 637 1767 nificatur
659 1721 722 1768 ad
753 1722 900 1769 vitam
936 1731 1172 1771 aeternam
1207 1723 1538 1771 obtinendam.
1611 1724 1797 1771 Rursus

418 1799 437 1840 1
466 1795 577 1843 Joh.
604 1796 665 1843 iv.
692 1804 750 1844 2:
788 1798 941 1845 omnis
965 1799 1194 1863 spiritus,
1221 1799 1307 1862 qui
1338 1799 1602 1861 corfitetur
1625 1798 1796 1847 Jesum

416 1869 666 1918 Christum
689 1873 879 1920 venisse
903 1873 953 1920 in
978 1890 1146 1933 carne,
1182 1891 1244 1921 ex
1278 1875 1388 1921 Deo
1413 1881 1522 1921 est:
1558 1882 1607 1922 et
1636 1880 1653 1922 l
1682 1874 1796 1923 Joh.

410 1961 455 1991 v.
488 1950 505 1992 l
534 1964 543 1992 :
597 1946 872 2011 quicunque
911 1949 1129 1997 credidit
1171 1949 1341 1997 Jesum
1379 1966 1488 1997 6336
1529 1949 1795 2010 Christum,

409 2037 470 2067 ex
495 2020 604 2068 Deo
628 2029 775 2070 natus
799 2031 875 2071 est
894 2043 911 2071 .·
947 2033 996 2072 et
1018 2041 1142 2073 vers,
1171 2032 1198 2073 5
1219 2044 1236 2072 .·
1277 2025 1400 2081 Quis
1419 2033 1497 2073 637
1521 2026 1608 2090 qui
1631 2025 1795 2074 vincet

409 2097 647 2155 mundum,
663 2098 762 2146 nisi
780 2099 865 2163 qui
881 2101 1046 2149 credit
1064 2101 1234 2149 Jesum
1251 2118 1360 2149 6336
1366 2101 1537 2163 filium
1551 2102 1653 2150 Dei
1667 2105 1696 2150 ,9
1731 2102 1796 2149 Et

409 2171 519 2218 Act.
556 2172 651 2219 viii.
680 2179 758 2229 36,
795 2178 854 2229 37
878 2196 890 2230 ;
949 2176 1220 2224 Eunuchus
1260 2177 1392 2225 dixit
1433 2177 1692 2242 Philippo,
1735 2194 1796 2226 en

410 2262 588 2309 aquam
604 2267 622 2302 ;
648 2249 774 2312 quid
781 2249 1017 2313 prohibet
1037 2268 1111 2299 me
1129 2251 1421 2317 baptizari?
1457 2251 1610 2300 Dixit
1633 2259 1795 2301 aulem

408 2321 692 2386 Philippu-5⁵,
718 2324 765 2371 si
788 2325 956 2372 eredis
973 2342 1036 2373 ex
1061 2333 1163 2374 tolo
1182 2327 1349 2386 corde,
1370 2327 1504 2375 licet.
1572 2327 1796 2393 Respon-

409 2395 528 2443 (16773
552 2404 711 2445 autem
736 2399 824 2447 ille
848 2399 995 2458 dimit,
1022 2402 1172 2450 credo
1201 2403 1371 2451 Jesum
1410 2403 1663 2451 Christum
1684 2421 1796 2452 6336

393 2470 561 2532 file‘um
585 2473 700 2521 Dei.
737 2474 986 2522 Articulus
1011 2491 1127 2539 ergo
1151 2477 1247 2535 hic,
1268 2478 1419 2526 Jesus
1443 2485 1521 2526 est
1543 2478 1791 2538 Christus,

410 2546 584 2595 sufficit
620 2548 682 2595 ad
721 2549 1031 2612 baptismum,
1067 2551 1118 2598 id
1156 2561 1245 2611 est,
1284 2553 1348 2601 ad
1383 2554 1716 2618 receptionem
1738 2554 1791 2602 in

409 2636 611 2683 regnum
636 2623 755 2678 Dei;
792 2631 841 2671 et
863 2640 951 2687 per
986 2641 1302 2690 consequens,
1337 2628 1467 2676 solus
1491 2629 1794 2678 necessarius

409 2703 495 2742 est.
548 2697 708 2744 Etiam
731 2699 1083 2759 universaliter,
1103 2701 1153 2748 in
1176 2702 1295 2750 locis
1320 2704 1544 2752 omnibus
1568 2704 1653 2752 ubi
1673 2704 1793 2753 dicit

409 2771 633 2834 cuiquam
665 2773 905 2834 Christus,
913 2775 1055 2837 fides
1080 2782 1165 2823 tua
1191 2783 1240 2824 te
1263 2778 1452 2826 salvum
1456 2779 1623 2842 fite-it,
1643 2795 1790 2829 causa

409 2844 525 2892 dicti
549 2853 622 2894 est
657 2848 895 2896 confessio
918 2849 1096 2913 aliqua,
1134 2867 1222 2914 per
1246 2869 1391 2916 quam
1417 2854 1602 2902 directe
1624 2855 1704 2903 vel
1728 2871 1790 2904 ex

408 2922 752 2983 consequentia
776 2923 1080 2987 intelligitur,
1105 2925 1273 2975 «16377777
1299 2944 1408 2976 6336
1436 2928 1702 2980 Christum.
