1968 3236
181 389 348 421 CAP.11.

171 444 357 464 b——Y——d

175 491 218 519 De
230 490 342 519 hoercsi.

415 248 507 290 552
723 257 1006 289 APPENDIX
1034 256 1104 288 AD
1134 255 1470 290 LEVIATHAN.

414 369 793 415 combustionem
813 369 976 428 (etiam
995 375 1216 425 mortem,
1236 367 1321 414 sed
1342 383 1440 415 non
1462 367 1513 414 in
1533 367 1792 431 scriptores

413 444 667 491 haereticos
691 444 835 506 ipsos,
853 444 1005 490 sedin
1030 459 1111 490 eos
1137 443 1219 505 qui
1241 443 1390 490 libros
1413 443 1520 490 illos
1539 442 1792 491 damnatos

415 519 476 566 ad
513 520 674 581 ignem
712 535 810 566 non
841 518 1174 581 protulerint),
1211 526 1316 565 erat
1350 534 1411 565 ne
1447 517 1710 565 Christiani
1743 525 1794 565 et

415 594 656 657 praecipue
680 593 855 641 milites
879 593 1165 641 secederent
1197 593 1246 640 in
1269 601 1448 656 partes,
1474 602 1523 640 et
1545 600 1716 640 mutuo
1741 607 1793 640 se

416 669 707 716 occiderent.
791 669 990 716 Nullam
1030 676 1193 715 tamen
1230 669 1389 731 legem
1434 667 1794 731 imperatoriam

415 745 630 791 invenire
669 760 882 807 possum,
918 760 1015 807 qua
1052 743 1269 791 haeretici
1303 743 1512 791 necandi
1545 750 1673 802 sunt,
1710 758 1793 790 ex-

416 820 569 882 ceptis
595 819 894 878 Maniehaeis‚
919 835 1039 882 quos
1063 835 1154 882 ego
1179 835 1276 866 non
1300 827 1400 866 tam
1422 835 1511 882 pro
1534 818 1792 877 haereticis,

417 911 562 958 quam
608 911 696 957 pro
737 894 864 942 fictis
908 894 1199 942 Christianis
1240 902 1288 942 et
1331 895 1576 942 sceleratis
1620 895 1792 942 habeo.

417 971 597 1033 Legem
622 969 817 1031 quidem
836 969 1046 1028 invenio,
1073 986 1169 1033 qua
1190 970 1336 1018 homo
1361 970 1584 1018 ethnicus
1606 970 1683 1017 vel
1706 970 1794 1018 Ju-

418 1046 566 1103 daeus,
588 1045 627 1091 si
651 1045 883 1108 gentilem
907 1061 1048 1092 suum
1079 1046 1263 1093 factum
1289 1045 1618 1093 Christianum
1639 1052 1797 1093 tenta-

416 1122 540 1168 verit
558 1138 586 1168 a
605 1121 698 1168 fide
715 1121 992 1169 Christiana
1010 1137 1254 1180 revocare,
1275 1121 1633 1169 comburendus
1653 1129 1794 1169 esset.

419 1197 514 1244 Sed
537 1197 628 1244 hoc
657 1196 777 1243 nihil
807 1197 985 1244 attinet
1022 1196 1085 1244 ad
1118 1197 1407 1260 supplicium
1437 1197 1793 1244 haereticorum.

417 1272 595 1319 Audivi
629 1272 825 1335 quidem
857 1273 1203 1336 imperatorem
1232 1273 1536 1321 Fredericum
1560 1273 1798 1321 AEnobar-

417 1348 531 1394 bum
557 1348 615 1394 de
641 1348 970 1396 comburendo
1010 1348 1239 1396 haeretico
1278 1349 1436 1412 legem
1459 1348 1656 1404 tulisse3
1693 1348 1794 1407 sed,

418 1423 507 1470 etsi
554 1423 604 1470 in
650 1423 817 1470 codice
858 1424 1123 1471 Justiniani
1168 1423 1567 1472 constitutionem
1605 1425 1796 1487 reperio

418 1498 660 1545 Frederici
697 1498 840 1557 illius,
880 1499 1249 1546 confirmantem
1289 1499 1636 1562 imperatorum
1671 1515 1797 1562 prae-

419 1574 694 1621 cedentium
735 1575 1108 1622 constitutiones
1150 1574 1210 1621 de
1246 1575 1401 1637 poenis
1440 1574 1796 1633 haereticorum,

417 1649 549 1696 nulla
588 1656 750 1696 tamen
791 1657 925 1697 extat
967 1650 1026 1697 de
1061 1650 1393 1697 combustione
1438 1649 1795 1698 haereticorum.

419 1725 602 1787 Itaque,
624 1734 859 1788 quantum
883 1727 1164 1789 conjectura
1186 1726 1378 1788 assequi
1396 1741 1608 1789 possum,
1623 1725 1797 1774 modus

419 1800 497 1847 ille
533 1801 767 1863 puniendi
802 1802 1057 1850 haereticos
1094 1801 1239 1864 paulo
1273 1808 1382 1864 post
1409 1808 1631 1865 tempora
1654 1801 1797 1865 Papae

420 1876 682 1924 Alexandri
707 1877 780 1924 III
806 1877 968 1940 coepit,
994 1877 1077 1940 qui
1099 1877 1283 1940 primus
1317 1893 1416 1924 una
1448 1893 1559 1924 cum
1593 1877 1798 1941 impera·

420 1960 527 1999 tore
564 1952 646 1999 illo
686 1953 943 2015 imperium
983 1953 1141 2016 ipsum
1178 1960 1226 2000 et
1264 1952 1539 2016 principum
1581 1952 1799 2001 omnium

419 2027 548 2090 leges
573 2028 892 2077 conculcavit.
963 2028 1222 2091 Utcunque
1260 2027 1312 2075 id
1335 2027 1414 2087 sit,
1435 2037 1623 2075 certum
1647 2036 1722 2076 est
1745 2028 1797 2076 in

419 2106 594 2169 Anglia
616 2115 799 2164 nostra,
823 2108 883 2154 ab
907 2107 989 2155 illo
1013 2106 1114 2154 fere
1147 2115 1367 2169 tempore
1402 2121 1554 2169 usque
1587 2106 1650 2154 ad
1676 2114 1798 2154 tem-

418 2196 537 2242 pora
570 2182 769 2245 Reginae
797 2183 1108 2242 Elizabethae,
1134 2182 1482 2230 consuetudine
1513 2182 1722 2245 quadam
1745 2183 1796 2231 in

419 2256 575 2318 legem
598 2265 878 2307 transeunte
900 2259 1155 2307 haereticos
1178 2258 1397 2306 comburi
1420 2258 1587 2306 solitos
1611 2273 1729 2307 esse.

486 2333 549 2380 A.
586 2334 869 2382 Definitioni
910 2351 1026 2398 ergo
1063 2336 1303 2383 haereseos
1344 2334 1404 2381 ab
1439 2334 1532 2382 hoc
1577 2342 1796 2397 tempore

421 2409 602 2455 voculae
642 2410 829 2471 aliquot
860 2409 1146 2472 adjiciendae
1171 2417 1313 2457 sunt:
1350 2409 1594 2467 nimirum,
1618 2418 1674 2457 ut
1696 2409 1796 2458 hae-

421 2483 538 2530 resis
575 2484 638 2530 sit
670 2484 893 2532 doctrina
926 2492 1098 2533 contra
1127 2485 1274 2532 fidem
1298 2483 1614 2541 Catholicam,
1638 2483 1796 2533 vindi-

422 2557 575 2605 canda
598 2558 724 2621 igne.

486 2632 549 2680 B.
587 2634 664 2681 Ita
687 2644 775 2682 est.

487 2707 549 2754 Α.
588 2709 698 2757 Quo
732 2709 912 2772 judice,
949 2725 1045 2772 qua
1074 2709 1326 2771 judicandi
1359 2709 1532 2767 forma,
1568 2708 1795 2758 condem-

423 2783 570 2831 nandi
594 2794 736 2832 erunt
760 2785 973 2832 haeretici
997 2784 1013 2831 ἒ

488 2861 550 2910 B.
588 2862 859 2926 Antequam
898 2862 1153 2925 imperium
1181 2863 1229 2909 in
1263 2862 1576 2925 imperatores
1601 2877 1796 2910 exerce-
