1968 3236
553 285 836 320 APPEme
864 287 937 320 An
965 288 1301 322 LssleTnAN.
1496 267 1610 331 '517

234 393 299 442 ad
334 393 607 443 doctrinam
649 397 941 456 Stoicorum,
966 414 1189 462 quorum,
1227 399 1359 463 apud
1397 399 1610 460 Graecos,

234 468 466 533 εἱμαρμένη,
492 480 557 526 et,
582 472 713 535 apud
748 473 962 530 Latinos,
997 474 1169 534 fatum,
1204 474 1334 523 idem
1368 475 1611 540 significat

233 544 365 608 quod
389 545 638 595 decretum
662 558 915 597 aeternum.

298 620 359 668 A.
397 621 529 670 Quid
574 639 691 686 ergo
726 623 923 687 inquam
959 624 1247 688 intelligitur
1286 641 1374 690 per
1405 626 1613 675 Verbum

232 698 363 763 apud
387 699 587 748 Patres?

297 774 363 822 B.
401 775 595 833 Nescio,
628 777 720 824 nisi
760 777 893 840 quod
927 778 977 825 in
1015 778 1182 841 lingua
1216 795 1355 827 sacra
1400 778 1612 828 Verbum

231 865 360 914 saepe
396 852 664 915 accipiatur
698 869 787 916 pro
823 854 929 916 ipsa
958 869 1011 900 re
1035 870 1144 916 quae
1179 854 1375 902 decreta
1409 862 1497 913 est,
1534 855 1612 903 vel

229 926 482 989 promissa.
536 927 737 990 Legitur
760 929 889 975 enim
905 944 1033 992 saepe
1052 929 1103 976 in
1117 929 1283 977 Veteri
1296 930 1611 978 Testamento

228 1016 320 1064 pro
341 1001 548 1064 sactum
588 1012 663 1050 est
702 1002 833 1066 quod
867 1004 999 1052 Deus
1016 1004 1271 1067 promisit,
1290 1005 1498 1069 sactum
1533 1011 1612 1053 est

229 1076 425 1124 verbum
458 1077 549 1125 Dei
586 1077 719 1141 quod
754 1078 946 1126 locutus
980 1086 1097 1150 esa&
1153 1080 1259 1143 Ego
1285 1096 1401 1127 vero
1426 1080 1610 1128 nemini

232 1151 532 1215 Scripturam
558 1153 754 1201 Sacram
784 1163 1112 1217 praeterquam
1145 1155 1264 1202 mihi
1299 1156 1610 1219 interpretari

229 1227 378 1276 soleo.
446 1228 778 1276 Veruntamen
801 1229 842 1277 si
863 1229 999 1277 locus
1024 1230 1073 1278 S.
1089 1231 1118 1278 J
1121 1230 1326 1278 ohannis
1345 1231 1416 1278 ita
1432 1231 1610 1278 intelli-

227 1302 418 1366 gendus
436 1303 515 1362 sit,
534 1304 655 1351 nihil
670 1305 800 1352 circa
813 1305 1095 1368 mysterium
1110 1306 1458 1354 incarnationis
1474 1322 1608 1370 quae·

228 1393 336 1426 rere
359 1379 565 1442 amplius
587 1380 776 1427 vellem.
845 1380 973 1428 Nam
997 1381 1036 1428 si
1060 1381 1275 1429 Verbum
1298 1382 1392 1430 hoc
1415 1381 1524 1430 loco
1546 1382 1610 1430 sit

228 1453 349 1501 illud
384 1454 558 1518 ipsum,
594 1454 726 1518 quod
762 1455 1045 1503 decreverat
1085 1457 1217 1504 Deus
1257 1467 1518 1504 venturum
1557 1457 1608 1505 in

227 1529 464 1577 mundum
493 1529 557 1577 ad
590 1538 809 1578 nostram
843 1531 1244 1594 redemptionem,
1269 1540 1320 1580 et
1344 1532 1476 1594 quod
1496 1548 1610 1596 pro-

226 1604 426 1653 miserat
464 1605 596 1653 Deus
630 1605 682 1653 in
718 1605 960 1669 paradiso,
1003 1606 1218 1654 Verbum
1250 1606 1370 1655 illud
1403 1623 1504 1655 non
1535 1615 1610 1655 est

225 1695 364 1728 mera
384 1695 496 1739 voX,
523 1679 611 1728 sed
633 1696 749 1728 vera
770 1696 863 1738 reS,
888 1680 1058 1729 eadem
1081 1698 1193 1730 cum
1218 1681 1428 1730 Christo.
1473 1682 1609 1731 Quo-

225 1755 371 1803 modo
409 1763 572 1804 autem
593 1755 782 1819 factus
812 1757 950 1804 Ιιοηιο
988 1763 1080 1813 est,
1117 1757 1363 1821 inquirere
1398 1773 1501 1805 non
1535 1765 1610 1806 est

223 1847 404 1880 meum.
473 1831 661 1880 Sufficit
677 1832 796 1880 mihi
819 1832 951 1895 quod
969 1832 1269 1896 Redemptor
1291 1848 1427 1881 meus
1449 1833 1607 1881 factus

225 1914 317 1954 est.
388 1906 523 1956 Quid
558 1906 725 1955 enim?
796 1907 849 1954 Si
876 1907 1071 1955 credam
1108 1923 1297 1956 creasse
1338 1916 1520 1956 terram
1556 1915 1608 1955 et

226 1990 405 2030 caetera
426 1981 591 2030 omnia
613 1997 674 2030 ex
696 1982 865 2041 nihilo,
901 1991 952 2030 et
985 1982 1232 2031 hominem
1256 1998 1315 2029 ex
1338 1990 1483 2042 terra,
1506 1999 1608 2030 non

229 2056 424 2105 credam
445 2057 663 2120 potuisse
686 2065 911 2106 naturam
944 2073 1190 2106 assumere
1212 2057 1490 2117 humanam,
1515 2058 1607 2105 nisi

226 2131 377 2180 sciam
401 2147 497 2195 quo
516 2131 696 2180 modo?

291 2206 358 2254 A.
394 2209 424 2231 ‘⁶
445 2206 543 2263 Qui
556 2213 775 2272 propter
798 2224 887 2256 nos
910 2207 1125 2256 homines
1149 2214 1199 2255 et
1222 2213 1447 2255 nostram
1469 2206 1605 2254 salu-

226 2286 321 2329 tem
345 2281 601 2330 deseendit
620 2282 683 2330 de
705 2282 862 2337 coelo,·
898 2290 948 2331 et
984 2283 1273 2331 incarnatus
1303 2289 1380 2330 est
1404 2282 1466 2330 de
1489 2281 1605 2346 Spi-

224 2355 328 2403 ritu
341 2355 526 2403 Sancto
545 2373 607 2404 ex
624 2356 803 2404 Maria
830 2356 1037 2423 Virgine
1051 2377 1070 2413 ;
1095 2364 1144 2405 et
1158 2357 1480 2419 leomofactus
1494 2363 1571 2404 est
1584 2375 1605 2412 ‚-

225 2431 492 2494 crucifixus
532 2431 682 2479 etiam
714 2447 816 2497 pro
853 2433 995 2481 nobis
1034 2432 1124 2480 sub
1165 2432 1344 2480 Pontio
1391 2430 1560 2478 Pilato
1584 2450 1604 2486 ;

216 2522 407 2572 passus
429 2512 479 2553 et
501 2505 726 2570 sepultus
748 2507 869 2555 est?
937 2507 1059 2556 Duae
1082 2508 1162 2555 hic
1196 2514 1310 2554 sunt
1346 2505 1604 2554 difficulta-

224 2590 315 2640 tes,
341 2597 545 2644 quarum
583 2580 741 2644 prima
776 2590 867 2641 est,
900 2583 1031 2646 qnod
1066 2582 1251 2631 dictum
1281 2582 1344 2629 sit
1375 2580 1505 2629 unde
1523 2580 1604 2629 de·

226 2655 430 2712 scendit,
453 2671 628 2719 nempe
659 2655 720 2703 de
760 2657 918 2713 coelo;
967 2674 1067 2706 non
1105 2665 1269 2705 autem
1305 2656 1489 2704 dictum
1529 2662 1605 2704 est

225 2746 476 2795 quousque
500 2730 765 2779 descendit.
818 2731 930 2782 Scio
954 2733 1006 2781 in
1029 2732 1247 2797 symbolo
1271 2732 1604 2795 apostolorum

225 2822 331 2855 esse
354 2806 612 2854 descendit
636 2805 710 2854 ad
738 2805 943 2871 infferos.
1013 2807 1111 2856 Sed
1133 2807 1282 2855 verba
1317 2806 1401 2855 illa
1440 2806 1602 2855 locum

226 2898 325 2931 non
348 2880 618 2937 definiunt;
654 2880 770 2944 quia
791 2880 1012 2931 homines
1036 2882 1186 2931 etiam
1216 2889 1439 2946 respectu
1473 2882 1599 2931 coeli-

1678 423 1780 456 cAP.
1801 423 1834 457 1.

1667 518 1779 591 {³5³
