1968 3236
402 251 498 295 330
701 260 771 293 DE
799 256 1057 293 CIVITATE
1085 254 1442 289 CHRISTIANA.

156 395 355 428 xxxvffl,
403 372 740 439 ignobilitate,
759 376 934 434 surget
957 369 1007 416 iu
1027 368 1203 433 gloria
1221 386 1238 415 .·
1273 368 1543 416 seminatur
1566 368 1618 415 iu
1643 367 1782 430 iufir-

161 449 346 473 ”““““““
405 449 592 506 mitate,
617 453 792 511 surget
823 446 873 493 iu
907 445 1126 492 virtute:
1160 443 1432 491 seminatur
1463 459 1644 508 corpus
1679 443 1786 490 ani-

127 498 171 526 De
181 498 389 535 significatione

126 550 213 612 «ἔξω.
233 541 341 612 habesnt
359 541 388 569 in
406 524 547 580 male,
571 528 748 586 surget
772 537 954 584 corpus
979 518 1266 583 spirituale.
1341 518 1520 567 Gloria
1540 525 1718 578 autem,
1733 526 1785 566 et

127 602 143 612 .,
164 584 283 621 ripturis
317 585 391 613 acris

127 627 340 661 mahumete.
405 600 577 656 virtus,
603 605 650 645 et
674 595 1036 661 spiritualitas,
1062 595 1344 657 corporibus
1366 595 1685 658 reproborum
1708 602 1785 642 at-

405 674 551 722 tribui
595 689 695 720 non
735 678 923 735 potest:
960 687 1119 734 neque
1157 686 1289 717 mor-s·
1319 670 1536 718 secunda
1570 670 1666 718 illis
1701 669 1787 733 qui

405 749 550 797 semel
573 756 764 795 tantum
787 746 908 794 mori
934 753 1153 809 possunt.
1201 745 1313 793 Scio
1335 745 1667 808 metaphorice
1690 744 1788 793 dici

406 840 545 888 posse
572 830 795 880 mortem,
829 822 982 870 vitam
1016 821 1149 868 illam
1182 837 1328 884 quam
1359 821 1656 868 comitantur
1677 836 1788 884 per-

405 909 565 963 petuae
601 898 899 946 calamitates
927 904 977 945 et
1015 897 1251 953 miseriae;
1287 897 1373 945 sed
1408 913 1541 944 mors
1570 896 1790 944 secunda

407 976 502 1022 dici
535 991 633 1022 non
671 981 848 1037 potest.
918 973 1050 1037 Ignis
1081 981 1279 1037 paratus
1309 973 1586 1020 hominibus
1614 972 1792 1036 impiis,

407 1058 668 1114 perpetuus
700 1065 804 1098 esse
834 1057 1012 1112 potest,
1047 1049 1278 1096 nimirum
1305 1064 1451 1112 poena
1477 1048 1560 1096 illa
1582 1055 1693 1112 post
1714 1063 1792 1095 re-

409 1127 773 1185 surrectionem,
807 1126 1156 1189 qualiscunque
1197 1125 1277 1183 sit,
1302 1132 1351 1172 et
1379 1124 1545 1172 vocari
1583 1123 1795 1172 inextin-

408 1202 634 1265 guibilis3
670 1201 805 1264 atqui
842 1200 955 1248 inde
996 1200 1166 1248 inferri
1201 1216 1301 1248 non
1338 1207 1514 1264 potest,
1540 1198 1673 1262 quod
1708 1197 1795 1257 illi,

412 1278 493 1340 qui
532 1277 583 1324 in
623 1277 787 1340 ignem
827 1276 964 1323 illum
997 1276 1339 1339 conjiciuntur,
1363 1276 1415 1323 in
1455 1291 1512 1324 eo
1557 1282 1795 1323 aeternum

411 1353 650 1400 ardebunt
681 1360 767 1399 aut
800 1352 1161 1409 cruciabuntur,
1186 1368 1276 1399 nec
1307 1359 1472 1402 tamen
1508 1365 1796 1399 consumen-

410 1439 504 1476 tur.
575 1428 883 1475 Contrarium
907 1428 1037 1474 enim
1061 1427 1240 1474 dicitur
1268 1427 1442 1490 (Apoc.
1465 1442 1546 1474 xx.
1576 1432 1651 1484 13,
1682 1426 1794 1487 14):

411 1505 484 1551 Et
504 1504 644 1551 dedit
667 1521 803 1551 mare
826 1510 1044 1551 mortuos
1068 1504 1154 1567 qui
1179 1503 1229 1550 iu
1254 1520 1311 1550 eo
1335 1509 1498 1562 eraut,
1522 1509 1572 1550 et
1591 1518 1722 1550 mor-5·
1745 1507 1796 1548 et

414 1581 638 1644 iuferuus
662 1579 907 1627 dederuut
929 1585 1147 1626 mortuo-s·
1182 1579 1268 1644 qui
1293 1579 1343 1626 in
1372 1579 1502 1643 ipsis
1529 1583 1676 1625 erant
1692 1595 1711 1625 .·
1746 1583 1798 1624 et

400 1655 763 1718 judicabantur
781 1655 1115 1719 unusquisque
1137 1654 1400 1702 secuudum
1423 1669 1580 1718 opera
1598 1669 1764 1700 eorum
1777 1670 1797 1700 .·

415 1738 463 1779 et
493 1748 623 1778 mors
647 1738 696 1778 et
720 1731 948 1794 iufernus
986 1731 1200 1794 conjecti
1223 1736 1337 1778 suut
1361 1730 1412 1778 in
1444 1736 1677 1794 stagnum
1717 1728 1798 1792 ig-

414 1807 492 1854 uis
507 1826 524 1854 .·
560 1813 609 1853 et
632 1806 737 1854 lzoec
761 1813 838 1854 est
857 1823 988 1854 mors
1012 1805 1245 1854 secunda.

480 1882 607 1930 Vitae
630 1889 792 1930 autem
820 1890 1018 1930 aeternae
1054 1882 1232 1946 gaudia
1263 1878 1746 1944 comprehenduntur
1768 1894 1799 1926 a

418 1958 741 2020 Scriptoribus
771 1958 931 2006 Sacris
966 1959 1054 2006 sub
1085 1957 1282 2006 nomine
1305 1956 1488 2004 salutis
1510 1955 1611 2003 sive
1634 1953 1802 2002 salva-

418 2034 580 2080 tioni&
653 2033 857 2081 Salvari
881 2041 1044 2081 autem
1069 2033 1266 2080 servari
1289 2040 1381 2091 est,
1400 2031 1501 2079 sive
1525 2029 1802 2094 specialiter

417 2126 446 2156 a
481 2108 618 2156 malis
659 2109 818 2166 certis,
844 2108 944 2156 sive
974 2107 1313 2156 universaliter
1342 2123 1372 2155 a
1398 2106 1537 2154 malis
1561 2105 1803 2162 omnibus,

416 2199 588 2246 nempe
611 2183 894 2246 indigentia,
919 2183 1224 2247 aegritudine,
1249 2190 1300 2230 et
1322 2189 1480 2230 morte
1503 2181 1623 2244 ipsa,
1643 2195 1673 2227 a
1696 2179 1803 2243 qui-

416 2261 504 2307 bus
529 2260 766 2318 omnibus,
791 2259 883 2306 nisi
905 2266 1154 2322 peccasset
1177 2258 1411 2316 Adamus,
1429 2255 1687 2305 incolumis
1708 2254 1804 2303 vir·

417 2342 521 2382 tute
557 2335 742 2382 arboris
781 2335 911 2392 vitae,
948 2334 1148 2382 vixisset
1191 2334 1243 2381 in
1288 2341 1541 2382 aeternum.
1611 2329 1806 2379 Servari

419 2426 534 2472 ergo
562 2411 622 2457 ab
656 2409 732 2457 his
768 2408 906 2456 malis
933 2409 1171 2467 omnibus,
1195 2408 1326 2456 idem
1358 2418 1432 2456 est
1467 2422 1525 2455 ac
1555 2404 1738 2454 servari
1777 2420 1808 2452 a

420 2493 635 2547 peccato.
705 2485 769 2532 Et
808 2484 859 2531 in
901 2484 1165 2546 Scripturis
1204 2484 1365 2532 Sacris
1403 2483 1574 2531 eadem
1609 2496 1688 2529 res
1714 2487 1806 2538 est,

421 2568 623 2623 peccata
650 2559 849 2617 remitti,
875 2567 924 2606 et
959 2576 989 2606 a
1018 2567 1175 2607 morte
1212 2567 1261 2608 et
1295 2559 1502 2608 miseriis
1530 2555 1727 2615 servari,
1748 2563 1807 2604 ut

422 2644 612 2683 constat
645 2651 704 2683 ex
735 2634 894 2682 verbis
920 2634 1189 2683 Servatoris
1224 2635 1381 2684 nostri
1413 2633 1611 2696 (Matth.
1631 2633 1696 2680 ix.
1715 2632 1768 2693 2)
1793 2649 1805 2679 :

425 2708 627 2771 Coufide
634 2709 740 2771 fili,
764 2709 1081 2757 remittuntur
1098 2716 1316 2773 peccata
1342 2717 1454 2758 tua:
1479 2716 1529 2756 et
1551 2708 1695 2770 (vers.
1722 2706 1773 2768 5)
1794 2724 1806 2753 ε

422 2790 582 2831 utrum
605 2783 911 2846 estfacilius
930 2783 1113 2842 dicere,
1139 2784 1455 2833 dimittuntur
1480 2783 1572 2832 tibi
1587 2787 1809 2849 peccata

423 2864 523 2917 tua,
549 2876 612 2906 au
637 2859 821 2918 dicere,
846 2874 1001 2922 surge
1023 2866 1073 2906 et
1097 2859 1292 2907 natabula
1312 2863 1340 2908 ,9
1409 2860 1571 2908 Etiam
1602 2857 1807 2916 rationis
