1910 3236
138 358 239 389 CAP.
260 358 308 392 ΙΙ.

95 453 139 480 De
149 451 361 490 imaginatione.

379 212 435 253 12
892 218 962 250 DE
991 217 1235 251 HOMINE.

375 334 656 381 reclinatus.
746 332 843 380 Qui
885 331 1014 378 enim
1053 330 1116 377 ad
1154 328 1494 377 dormiendum
1535 342 1586 374 se
1622 341 1754 374 com-

376 409 531 472 ponit,
570 409 611 456 si
651 407 777 455 forte
816 407 1110 470 phantasma
1144 404 1342 468 aliquod
1378 402 1630 451 insolitum
1666 408 1753 449 aut

377 483 653 532 mirandum
687 482 842 530 videri
879 481 1148 543 contingat,
1189 497 1290 528 non
1331 479 1462 527 aliud
1500 478 1570 526 illi
1599 476 1754 525 videri

375 566 538 624 potest
562 575 707 622 quam
732 557 991 605 somnium.
1061 557 1285 603 Marcum
1305 555 1514 603 Brutum
1532 553 1754 616 legimUS,

378 635 461 699 qui
505 651 615 682 cum
656 633 838 681 amicus
879 632 1050 680 fuisset
1090 632 1208 680 Julii
1250 631 1467 689 Caesaris,
1512 637 1563 677 et
1598 629 1659 676 ab
1695 643 1754 675 eo

323 704 325 707 ⁵
376 712 526 759 vitam
551 709 876 757 condonatam
899 707 1180 771 accepisset,
1204 707 1341 755 illum
1363 714 1529 754 tamen
1561 705 1756 767 ingrate

377 785 637 843 occiderat,
672 791 817 831 nocte
849 784 946 842 illa,
981 799 1089 847 quae
1123 783 1375 846 praecessit
1410 782 1540 830 diem
1573 780 1624 828 in
1659 795 1756 843 quo

375 867 644 926 pugnatum
690 867 763 907 est
809 867 980 907 contra
1020 859 1300 922 Augustum
1343 859 1584 906 Caesarem
1624 854 1757 919 apud

376 937 636 1000 Philippos,
667 936 959 999 phantasma
981 936 1207 983 habuisse
1230 934 1492 989 horribile;
1531 931 1666 996 quod
1694 931 1757 979 ab

375 1012 618 1060 historicis
655 1012 803 1075 vulgo
845 1019 1074 1060 narratur
1115 1019 1171 1059 ut
1212 1011 1334 1058 visio
1375 1025 1520 1064 vera;
1569 1008 1656 1056 sed
1694 1007 1757 1055 ab

377 1106 451 1148 eo,
478 1089 560 1152 qui
579 1088 958 1136 consideraverit
981 1087 1196 1151 singulas
1222 1089 1325 1151 ejus
1350 1083 1757 1142 circumstantia-5,

376 1181 477 1212 non
495 1163 731 1211 visionem
749 1163 835 1211 sed
849 1163 1090 1211 somnium
1107 1162 1255 1210 fuisse
1272 1163 1420 1210 breve
1434 1158 1754 1224 judicabitur.

378 1239 578 1288 Sedenti
597 1240 727 1286 enim
750 1239 800 1286 in
825 1239 1053 1297 tentorio,
1078 1245 1129 1286 et
1145 1246 1348 1302 propter
1364 1238 1622 1285 horrorem
1639 1232 1761 1281 facti

378 1316 452 1364 sui
474 1314 721 1363 temerarii
743 1315 873 1362 tristi
897 1322 948 1362 et
971 1314 1317 1378 cogitabundo,
1340 1330 1431 1362 nec
1454 1313 1581 1360 bene
1599 1309 1760 1373 sopito

379 1391 464 1439 sed
504 1390 787 1438 dormitanti
827 1397 1019 1438 tantum
1053 1397 1255 1453 propter
1301 1405 1464 1438 aerem
1504 1403 1606 1435 non
1640 1385 1761 1434 satis

379 1466 604 1525 calidum,
651 1466 892 1514 somniare
931 1466 1197 1514 facilimum
1240 1473 1346 1514 erat
1382 1465 1443 1513 de
1481 1480 1539 1512 ea
1576 1478 1631 1511 re
1666 1477 1763 1524 qua

378 1543 588 1590 maxime
619 1543 924 1598 terrebatur;
961 1551 1011 1590 et
1044 1550 1245 1606 propter
1277 1541 1484 1590 eundem
1520 1547 1760 1588 terrorem

351 1639 356 1642 ·
378 1619 611 1683 paulatim
634 1634 800 1666 rursus
824 1619 1068 1682 evigilare,
1090 1626 1138 1666 et
1156 1618 1299 1666 simul
1323 1617 1603 1665 existimare
1622 1629 1760 1676 spec-

378 1702 511 1743 trum
542 1693 678 1753 illud,
704 1694 835 1757 quod
859 1700 1167 1757 apparuerat,
1186 1693 1420 1756 paulatim
1452 1705 1760 1747 evanescere,

376 1778 448 1829 et,
489 1770 602 1833 quia
648 1769 900 1817 dormiisse
946 1785 996 1817 se
1042 1769 1306 1827 nesciebat,
1365 1768 1552 1816 nescire
1606 1765 1758 1814 etiam

377 1846 527 1894 fuisse
564 1845 821 1904 somnium,
860 1853 946 1893 aut
980 1845 1112 1893 aliud
1148 1845 1407 1908 quicquam
1438 1851 1618 1907 praeter
1652 1857 1757 1889 rem

378 1922 546 1970 visam.
616 1922 787 1985 Neque
829 1928 941 1969 sunt
980 1921 1259 1984 hujusmodi
1304 1919 1578 1968 accidentia
1617 1917 1761 1966 valde

297 2043 300 2045 Α
322 2032 325 2036 -
354 2055 357 2059 ἢ
380 2014 520 2054 rara;
557 2014 671 2046 nam
700 1998 847 2045 etiam
882 1998 966 2062 qui
996 1997 1211 2061 perfecte
1235 1997 1453 2060 vigilant,
1485 1996 1526 2043 si
1555 1994 1762 2043 meticu-

380 2074 488 2133 losi,
517 2073 854 2137 superstitiosi,
881 2073 1056 2121 fabulis
1091 2089 1256 2120 rerum
1289 2072 1582 2120 terribilium
1616 2087 1764 2119 occu-

380 2150 500 2213 pati,
547 2156 595 2197 et
646 2150 697 2197 in
743 2149 957 2197 tenebris
1005 2149 1095 2197 soli
1142 2149 1254 2207 sint,
1303 2148 1522 2211 ejusdem
1569 2147 1764 2211 generis

381 2225 811 2288 imaginationibus
839 2224 1036 2273 obnoxii
1068 2231 1198 2283 sunt,
1232 2223 1535 2287 creduntque
1571 2238 1623 2270 se
1657 2239 1764 2271 um-

380 2301 492 2348 bras
524 2307 573 2348 et
603 2308 911 2348 mortuorum
942 2299 1140 2363 spiritus
1176 2299 1483 2347 ambulantes
1513 2298 1679 2346 videre
1713 2298 1765 2346 in

384 2376 676 2424 coemeteriis
694 2396 706 2431 ;
732 2392 844 2424 cum
868 2383 1032 2424 tamen
1049 2392 1222 2423 revera
1235 2375 1356 2423 nihil
1370 2375 1570 2424 videant
1584 2381 1765 2438 praeter

383 2468 519 2500 mera
549 2452 905 2515 phantasmata,
929 2452 1006 2500 vel
1030 2451 1236 2515 decepta
1266 2451 1364 2499 sint
1394 2452 1455 2500 ab
1486 2451 1765 2499 hominibus

383 2528 634 2592 improbis,
660 2528 743 2591 qui
766 2528 945 2576 timore
977 2544 1147 2576 eorum
1179 2528 1518 2591 superstitioso
1553 2528 1765 2576 abutun-

383 2611 479 2662 tur,
503 2620 560 2652 eo
585 2604 683 2651 fine
706 2611 762 2651 ut
787 2604 977 2667 possint
1000 2604 1110 2667 ipsi,
1135 2603 1302 2652 amicti
1326 2604 1540 2652 vestibus
1566 2603 1767 2652 defunc-

384 2687 563 2739 torum,
578 2688 730 2728 noctu
746 2696 836 2743 per
855 2680 1135 2728 coemeteria
1153 2680 1341 2743 aliaque
1358 2680 1468 2728 loca
1482 2685 1769 2728 consecrata

384 2755 447 2802 ad
470 2755 579 2803 loca
601 2755 823 2814 transire,
849 2771 957 2818 quae
980 2755 1183 2804 nimium
1208 2772 1239 2803 a
1261 2771 1312 2803 se
1335 2755 1617 2819 frequenter
1639 2754 1765 2804 adiri

385 2830 633 2878 videretur
657 2831 983 2879 inhonestum.
