1968 3236
406 182 495 226 196
896 191 965 223 DE
994 191 1263 224 clvi‘rA'rE.

136 324 237 355 CAP.
254 323 365 355 xxv.
401 310 653 366 quaereret,
678 302 947 365 praesertim
983 302 1023 348 si
1057 302 1108 348 in
1143 310 1271 350 coetu
1306 318 1407 350 esse
1439 302 1658 351 crederet
1689 302 1771 365 qui

158 379 340 399 κ-Ὓᾰ

161 417 206 445 De
219 416 346 445 consilio.

400 379 492 441 ipsi
515 378 693 425 malum
719 383 958 439 optarent.
1041 378 1143 424 Etsi
1169 395 1284 441 ergo
1319 379 1583 426 multorum
1616 377 1771 425 consi-

400 453 520 500 lium
544 452 744 500 consilio
768 468 1034 514 paucorum
1058 453 1426 501 anteferendum
1449 455 1525 512 sit,
1559 461 1675 502 tunc
1699 460 1772 500 ta-

402 545 513 576 men
536 535 726 575 tantum
745 527 1114 575 anteferendum
1133 537 1219 587 est,
1239 530 1433 592 quando
1454 530 1653 577 consilia
1676 529 1772 575 sin-

402 603 503 667 guli
540 619 626 650 sua
665 602 863 649 seorsim
903 603 1161 666 explicant.
1252 604 1309 651 In
1350 604 1774 651 deliberationibus

402 679 530 726 enim
572 677 725 724 simile
766 677 950 739 aliquid
986 678 1127 726 video
1169 680 1272 741 ejus
1311 679 1441 741 quod
1477 680 1532 726 fit
1567 679 1617 726 in
1657 677 1772 725 ludo

401 753 512 816 pilae
531 774 541 807 ;
567 753 651 800 ubi
669 753 850 815 optime
865 753 997 811 facit,
1024 754 1105 816 qui
1130 754 1352 801 secundis
1374 755 1530 802 utitur
1553 754 1774 817 proprias

403 828 691 876 habentibus
733 829 996 884 stationes;
1034 830 1223 887 deinde,
1261 830 1343 892 qui
1379 830 1589 893 propriae
1625 829 1775 877 confi-

404 904 522 951 dens
545 903 747 966 peritiae,
773 904 900 952 solus
924 905 1026 952 sine
1044 904 1266 952 secundis
1288 905 1426 952 ludit.
1498 905 1595 952 Sed
1617 905 1675 964 is,
1692 904 1776 968 qui

402 979 452 1027 in
476 980 618 1026 rebus
641 979 848 1042 propriis
872 980 1072 1042 agendis
1096 997 1125 1027 a
1146 980 1355 1028 formato
1391 980 1777 1027 consiliariorum

405 1064 536 1102 coetu
566 1054 920 1113 circumfertur,
953 1055 1036 1102 ubi
1058 1062 1220 1118 partes
1245 1055 1582 1103 dissentientes
1606 1063 1776 1102 mutuo

404 1145 454 1177 se
478 1128 764 1191 impediunt,
780 1129 986 1191 pessime
1011 1130 1227 1177 omnium
1250 1129 1369 1178 facit
1388 1151 1399 1185 ;
1426 1130 1687 1192 similisque
1705 1137 1779 1176 est

403 1204 567 1262 lusori,
593 1203 675 1265 qui
698 1203 748 1251 in
773 1204 995 1252 machina
1017 1205 1180 1268 aliqua
1193 1205 1365 1252 rotulis
1380 1205 1621 1268 imposita,
1640 1205 1779 1268 gravi

406 1279 601 1342 quidem
624 1278 744 1340 ipsa,
763 1279 974 1326 tardiore
998 1288 1159 1328 autem
1183 1288 1384 1344 propter
1396 1280 1581 1344 judicia
1594 1296 1778 1338 eorum,

408 1354 492 1418 qui
515 1353 648 1401 illam
662 1353 758 1401 huc
774 1361 821 1402 et
837 1354 951 1402 illuc
967 1364 1179 1415 movent,
1197 1356 1536 1419 discrepantia,
1555 1356 1619 1404 ad
1631 1355 1780 1420 pilam
1795 1425 1798 1427 -

408 1429 708 1477 admovetur.

883 1690 1095 1739 CAPUT
1119 1692 1301 1739 XXVI.

842 1810 903 1842 DE
924 1808 1114 1841 LEGIBUS
1131 1809 1371 1840 CIVILIBUS.

411 1887 579 1935 SICUT
604 1887 743 1953 leges
765 1895 959 1936 natura>
990 1887 1085 1934 illae
1121 1893 1249 1944 sunt,
1282 1886 1453 1949 quibus
1488 1884 1683 1933 obedire
1715 1893 1784 1933 te-

413 1979 585 2010 nemur
603 1973 840 2026 quatenus
856 1962 1078 2010 homines
1098 1983 1110 2017 ;
1136 1961 1204 2008 ita
1219 1960 1358 2025 leges
1377 1959 1547 2008 civile-s·
1566 1975 1636 2008 eae
1654 1966 1782 2018 sunt,

415 2038 589 2101 quibus
617 2045 838 2086 tenemur
862 2038 1058 2086 obedire
1090 2047 1327 2100 quatenus
1363 2036 1505 2083 cives.
1573 2035 1647 2083 De
1679 2035 1785 2098 qui-

414 2114 520 2172 bus,
539 2130 639 2162 non
664 2130 888 2177 quaenam
917 2114 1012 2161 illae
1036 2113 1134 2160 sint
1163 2113 1215 2159 in
1244 2112 1336 2160 hac
1367 2112 1444 2159 vel
1467 2111 1550 2159 illa
1573 2111 1784 2170 civitate,

416 2189 502 2237 sed
523 2189 600 2237 lex
621 2189 773 2237 civilis
789 2189 905 2252 quid
928 2189 990 2236 sit
1014 2187 1418 2236 considerandum
1441 2196 1529 2235 est.
1601 2187 1711 2235 Scio
1733 2186 1787 2234 in

415 2264 710 2322 civitatibus,
751 2280 858 2327 quae
905 2263 1089 2311 civitati
1133 2264 1366 2311 Romanae
1411 2262 1617 2311 subditae
1673 2261 1788 2310 olim

417 2348 572 2397 erant,
586 2340 718 2402 leges
737 2339 900 2386 civiles
918 2339 1201 2401 plerumque
1220 2338 1316 2386 dici
1331 2338 1539 2386 civitatis
1555 2338 1788 2386 Romanae

416 2416 547 2479 leges
581 2415 817 2478 antiquas.
888 2414 959 2461 De
991 2413 1085 2460 illis
1120 2413 1367 2475 disputare
1401 2413 1543 2480 huj-us
1578 2412 1786 2461 instituti

418 2507 518 2539 non
558 2498 646 2549 est,
693 2489 778 2538 sed
832 2489 984 2551 (quod
1028 2489 1248 2536 fecerunt
1294 2489 1446 2547 Plato,
1483 2488 1787 2546 Aristoteles,

418 2566 605 2621 Cicero,
630 2565 806 2628 aliique
824 2563 979 2622 multi,
1004 2564 1086 2626 qui
1104 2564 1226 2627 juris
1249 2566 1472 2627 peritiam
1492 2574 1655 2613 tamen
1676 2580 1789 2628 pro-

415 2642 527 2690 fessi
550 2657 649 2689 non
673 2642 807 2702 sunt)
834 2639 1124 2703 generaliter
1148 2639 1208 2686 de
1232 2639 1353 2702 lege.

484 2716 800 2764 Manifestum
813 2724 977 2764 autem
996 2722 1069 2762 est
1091 2714 1248 2777 legem
1272 2715 1524 2763 consilium
1547 2730 1647 2764 non
1668 2729 1790 2771 esse,

418 2791 506 2841 sed
522 2792 839 2855 imperatum;
876 2789 1022 2854 quod,
1041 2796 1096 2838 ut
1118 2789 1168 2837 in
1191 2787 1496 2853 praecedente
1520 2790 1678 2853 capite
1692 2789 1792 2838 die-

420 2875 525 2917 tum
544 2876 633 2927 est,
650 2884 679 2916 a
701 2866 902 2916 consilio
927 2865 1099 2914 differt,
