1968 3236
475 243 652 278 Annus
662 246 761 279 mx
789 246 860 279 AD
888 246 1228 281 navim-nnc.
1443 237 1538 280 563

157 368 364 417 corpus;
399 369 546 417 quam
583 357 903 404 substantiam
945 357 1045 405 sive
1082 373 1169 406 ens
1208 357 1340 406 reale
1374 357 1537 421 potuit

157 427 239 477 ine
253 428 346 477 sibi
368 430 568 493 fingere,
593 432 725 494 quod
750 434 1021 481 substantia
1044 433 1291 482 videretur
1324 449 1429 482 esse
1461 433 1536 480 in-

156 518 407 568 corporea,
431 516 611 568 praeter
642 507 773 555 idola
811 524 895 555 seu
920 509 1260 571 phantasmata
1282 508 1445 572 qualia
1467 508 1537 556 vi-

157 577 328 628 demus
364 579 416 628 in
450 581 673 643 speculis,
698 583 747 629 in
785 599 971 641 somno,
996 585 1045 631 in
1084 584 1313 642 tenebris,
1338 592 1390 632 et
1428 599 1538 648 quae

157 654 335 703 Paulus
359 656 608 718 apostolus
628 656 748 704 dicit
771 674 877 705 esse
900 658 1028 705 nihil
1040 662 1068 706 ,2

221 729 290 779 A.
322 730 505 790 Tertio,
530 733 688 796 capite
713 741 850 781 sexto
875 750 1042 781 versus
1064 735 1228 792 finem,
1259 734 1439 793 Timor,
1463 736 1537 782 in-

157 805 280 870 quit,
295 806 641 871 potentiarum
666 808 1001 866 invisibilium,
1033 810 1135 856 sive
1162 810 1404 873 potentiae
1439 809 1540 858 illoe

140 881 287 943 ,βείω
300 881 403 930 sint
421 899 453 930 a
469 883 683 942 timente,
697 884 801 931 sice
818 891 1067 946 couceptoe
1086 884 1327 947 afabulis
1342 884 1542 949 publice

149 956 434 1021 permissis,
458 957 645 1023 religio
677 966 768 1006 est.
840 960 885 1006 A
912 976 1005 1007 nou
1023 960 1228 1023 publice
1255 961 1539 1024 permissis,

156 1033 454 1097 superstitio
476 1041 570 1082 est.
608 1034 819 1091 Quando
843 1050 959 1083 vero
973 1035 1218 1099 potentia»
1243 1052 1350 1099 quae
1373 1036 1542 1084 timen-

157 1113 257 1167 tur,
275 1124 407 1157 verae
422 1116 553 1168 sunt,
577 1127 698 1158 vera
722 1110 924 1175 religio,
1047 1115 1108 1165 ξ

222 1184 288 1233 Β.
325 1185 462 1233 Idem
483 1186 577 1234 hoc
600 1186 782 1234 dicitur
804 1187 866 1235 ab
881 1186 1175 1234 Ecclesiaste
1194 1186 1539 1246 (Ecclesiastici

156 1259 189 1308 i.
220 1261 324 1322 16):
367 1260 534 1308 Timor
556 1261 757 1309 Domini
787 1268 864 1309 est
889 1261 1082 1309 initium
1104 1262 1371 1326 sapientioe
1387 1281 1406 1317 ,·
1441 1270 1491 1310 et
1513 1279 1543 1310 a

156 1335 414 1384 Psalmista
434 1336 574 1395 (Psal.
596 1337 696 1385 xiii.
724 1340 768 1397 l)
793 1356 804 1384 :
831 1336 1090 1396 Stulta-sin
1113 1337 1265 1385 corde
1282 1354 1370 1384 suo
1391 1337 1540 1397 dixit,

156 1426 253 1459 non
275 1417 353 1460 est
374 1411 532 1460 Deus.

222 1486 290 1535 A.
325 1486 534 1546 Quarto,
558 1488 717 1551 capite
736 1487 927 1536 decimo
950 1496 1104 1545 sexto,
1128 1487 1301 1535 Etiam
1322 1488 1423 1536 Dei
1437 1488 1543 1536 veri

146 1577 423 1627 personam
457 1562 688 1628 gerebat,
722 1564 908 1629 prima,
950 1564 1139 1620 illo-338,
1186 1582 1292 1612 cum
1337 1571 1541 1629 regeret

146 1636 391 1702 populum
408 1654 502 1686 non
525 1655 679 1697 suum,
698 1639 793 1687 sed
811 1639 929 1698 Dei,
948 1639 1157 1687 dicendo
1181 1639 1272 1687 hoc
1297 1640 1420 1687 dicit
1435 1640 1541 1687 Do-

157 1712 351 1768 mina-u
384 1714 616 1772 secundo,
640 1714 822 1773 Filius,
853 1715 941 1779 qui
977 1715 1107 1763 venit
1134 1715 1183 1762 in
1210 1715 1433 1763 mundum
1469 1716 1543 1764 ad

156 1787 468 1838 reducendos
490 1788 714 1848 Judaeos,
739 1797 790 1837 et
814 1789 1117 1838 inducendos
1139 1806 1301 1837 omnes
1316 1790 1539 1855 populos

156 1862 211 1913 in
243 1879 454 1930 regnum
484 1864 716 1913 coeleste.-
753 1865 920 1924 tertio,
947 1865 1183 1930 Spiritus·
1198 1865 1428 1923 Sanctus,
1453 1865 1540 1929 qui

156 1938 334 1987 niem
355 1945 433 1987 est
454 1939 527 1988 ad
546 1940 956 2002 sanctificandum
978 1940 1080 1987 Dei
1092 1939 1349 2005 populum.

153 2068 156 2071 ,
221 2013 289 2064 Β.
322 2014 531 2063 Videtur
553 2015 731 2063 author
753 2015 965 2063 voluisse
987 2015 1084 2063 hoc
1117 2015 1226 2062 loco
1266 2014 1537 2061 doctrinam

155 2089 399 2154 explicare
441 2090 713 2148 Trinitatis,
769 2106 1048 2154 quanquam
1099 2090 1389 2137 Trinitatem
1436 2104 1535 2136 non

155 2164 392 2214 nominat.
462 2165 547 2213 Pia
568 2165 810 2224 voluntas,
835 2166 921 2214 sed
945 2181 1148 2213 erronea
1171 2172 1243 2212 est
1262 2163 1534 2227 explicatio.

157 2239 288 2292 Nam
332 2241 539 2299 Mosem,
581 2242 812 2303 quoniam
858 2242 899 2290 is
945 2257 1136 2304 quoque
1182 2240 1344 2302 aliquo
1390 2238 1536 2286 modo

154 2316 308 2380 gessit
319 2332 578 2380 personam
603 2315 711 2374 Dei,
734 2325 792 2364 ut
812 2316 1000 2365 faciunt
1018 2331 1185 2363 omnes
1208 2330 1347 2377 reges
1372 2314 1535 2362 Chris-

154 2391 296 2449 tiani,
317 2407 467 2439 unam
503 2390 696 2439 videtur
729 2391 890 2440 facere
913 2407 1168 2456 personam
1204 2390 1255 2437 in
1277 2389 1533 2437 Trinitate.

157 2466 316 2515 Valde
338 2466 431 2515 hoc
461 2465 781 2529 negligenter.
852 2467 905 2515 Si
938 2466 1139 2514 dixisset
1161 2465 1334 2523 Deum,
1353 2464 1404 2511 in
1426 2479 1536 2527 per-

156 2556 279 2589 sona
309 2540 525 2604 propria,
560 2556 750 2590 creasse
776 2542 1042 2597 mundum;
1078 2541 1128 2588 in
1164 2555 1371 2603 persona
1412 2539 1534 2597 Filii,

156 2615 419 2663 redemisse
458 2631 614 2678 genus
653 2616 920 2666 humanum
940 2638 953 2672 ;
995 2618 1045 2664 in
1083 2631 1291 2679 persona
1325 2614 1535 2677 Spiritus

157 2690 342 2747 Sancti,
366 2690 693 2739 sanctificasse
715 2692 997 2747 ecclaeiam3
1021 2691 1140 2739 nihil
1162 2689 1295 2738 aliud
1317 2689 1535 2747 dixisset,

156 2764 250 2814 nisi
273 2763 404 2828 quod
426 2772 501 2813 est
523 2765 574 2813 in
603 2766 900 2815 catechismo
922 2767 984 2815 ab
1009 2765 1211 2813 ecclesia
1233 2763 1379 2812 edito.

223 2840 288 2888 A.
326 2839 423 2888 Sed
441 2840 568 2888 idem
588 2841 767 2903 repetit
789 2842 839 2891 in
861 2841 1080 2905 pluribus
1102 2839 1236 2888 locis.

1594 379 1698 413 CAP.
1715 377 1787 411 111.

1587 475 1633 504 De
1644 474 1762 513 quibus-

1587 518 1655 547 ιιι-ι
1667 518 1760 555 0125oe-

1586 561 1715 590 tionibu·
1728 569 1795 589 σοο-

1586 608 1633 633 tn
1651 603 1820 633 lamb-n.
