1968 3236
698 232 769 266 DE
798 232 1071 267 clvi'rATE.
1479 221 1560 273 171

184 358 277 392 mae
309 343 565 407 potestatis
590 343 744 390 civilis
767 344 1038 392 constituta
1064 352 1193 391 sunt.
1267 342 1478 390 Privata
1514 357 1573 389 ea
1602 366 1707 398 CAp,
1725 365 1844 398 χχιι,

183 426 314 478 sunt,
338 434 447 482 quae
471 419 840 467 constituuntur
862 420 924 467 ab
949 420 1064 483 ipsis
1089 420 1277 467 civibus
1294 418 1371 466 vel
1394 417 1568 466 autho·
1606 422 1813 496 Dm

183 493 329 542 ritate
363 493 526 557 aliqua
553 501 813 548 extranea;
851 511 960 558 quae
984 495 1269 552 authoritas,
1294 494 1408 558 quia
1429 510 1460 542 a
1482 510 1570 557 po-
1604 502 1811 531 tibuseivium

183 576 362 617 testate
384 578 615 617 extranea
639 570 902 625 derivatur,
911 570 1122 635 publiea
1146 587 1244 618 non
1270 578 1357 618 est.

251 647 580 711 Systematum
629 649 932 712 privatorum
973 649 1069 696 alia
1115 648 1259 696 licita
1301 656 1432 706 sunt,
1478 647 1574 696 alia

184 722 385 771 illicita.
456 723 629 771 Licita
653 739 712 771 ea
735 732 851 771 sunt
874 739 983 787 quae
1001 724 1273 787 probantur
1288 740 1319 771 a
1341 723 1570 778 civitate3

182 806 365 848 eoetera
388 798 589 847 illicita.

253 874 532 939 Systemata
566 875 853 938 irregularia
886 884 1001 923 sunt
1034 891 1143 938 quae
1167 891 1278 922 cum
1312 889 1572 938 personam

183 965 285 999 non
325 950 554 1009 habeant,
592 952 869 999 consistunt
909 951 959 999 iu
995 967 1237 998 concursu
1271 959 1464 998 tantum
1483 966 1572 1013 po-

182 1025 315 1091 puli;
351 1042 476 1089 quae,
497 1027 537 1074 si
562 1026 669 1089 lege
694 1026 823 1074 civili
838 1043 936 1074 non
961 1026 1062 1074 sint
1079 1026 1232 1074 vetita
1249 1034 1299 1074 et
1317 1026 1422 1074 sine
1444 1025 1575 1073 mala

185 1101 458 1150 intentione
487 1103 622 1160 fiant,
649 1102 806 1165 qualis
830 1110 903 1150 est
938 1102 1190 1150 confluxus
1211 1101 1381 1165 populi
1414 1101 1478 1149 ad
1500 1100 1575 1148 fo-

185 1193 312 1236 rum,
341 1177 418 1225 vel
435 1193 680 1240 pompam,
703 1177 780 1224 vel
803 1177 953 1225 alium
975 1178 1123 1225 finem
1146 1177 1416 1235 innoxium,
1439 1177 1576 1224 licita

184 1263 313 1302 sunt.
355 1253 567 1302 Quando
590 1262 752 1302 autem
791 1253 993 1301 consilio
1025 1253 1152 1301 malo
1175 1253 1447 1312 confluunt,
1481 1252 1574 1311 vel,

186 1329 227 1378 si
262 1329 525 1377 multitudo
543 1345 722 1392 magna
744 1329 824 1386 sit,
849 1329 1118 1391 incognito,
1142 1328 1314 1376 illicita
1335 1335 1462 1376 sunt.

253 1406 311 1454 In
347 1405 694 1469 systematibus
729 1404 1074 1463 subordinatiS,
1109 1411 1326 1468 potestas
1347 1419 1574 1467 personae

186 1497 356 1530 eorum
381 1497 573 1544 semper
590 1481 885 1528 terminatur
902 1496 932 1528 a
950 1489 1196 1543 potestate
1211 1479 1342 1527 civili
1362 1495 1574 1534 summa;

184 1557 364 1620 alioqui
377 1564 591 1621 systema
606 1556 982 1605 subordinatum
1002 1572 1102 1603 non
1118 1563 1261 1613 esset,
1281 1554 1368 1603 sed
1384 1555 1575 1612 civitas,

185 1634 323 1698 cujus
347 1649 556 1697 persona
589 1633 768 1680 civium
804 1639 1095 1680 cunctorum
1131 1647 1343 1695 persona
1379 1638 1452 1679 est
1472 1652 1484 1685 ;
1526 1637 1576 1678 et

185 1709 390 1774 proinde
412 1724 526 1772 pars
547 1708 728 1756 civium
751 1708 887 1756 nulla
920 1707 1262 1771 repraesentari
1284 1707 1346 1754 ab
1370 1707 1465 1754 alio
1488 1722 1576 1770 po-

184 1791 299 1843 test,
338 1785 432 1832 nisi
469 1791 709 1847 quatenus
748 1800 973 1848 personae
1014 1783 1228 1831 civitatis
1265 1783 1421 1831 visum
1464 1783 1574 1831 erit.

185 1860 472 1910 Permittere
509 1861 640 1907 enim
667 1867 723 1908 ut
745 1868 958 1923 systema
982 1859 1163 1907 civium
1203 1858 1575 1906 subordinatum

185 1944 375 2001 partem
397 1936 566 1999 populi
589 1935 640 1983 in
663 1936 808 1983 rebus
827 1935 1055 1983 omnibus
1078 1943 1470 1998 repraesentaret,
1494 1934 1578 1982 de-

186 2026 347 2060 serere
381 2020 509 2060 esset
543 2012 772 2070 civitatis,
797 2019 1040 2075 quatenus
1065 2010 1129 2058 ad
1150 2018 1343 2074 partem
1367 2010 1563 2068 civium,

186 2088 420 2153 regimen,
437 2095 487 2136 et
505 2087 775 2136 dominium
795 2087 1028 2145 dividere,
1046 2095 1219 2134 contra
1234 2102 1403 2150 pacem
1425 2095 1478 2133 et
1500 2101 1575 2133 sa-

186 2161 339 2212 lutem
360 2163 544 2227 populi,
562 2163 616 2211 id
638 2163 771 2226 quod
789 2163 846 2222 is,
872 2163 957 2226 qui
976 2178 1216 2211 summam
1239 2162 1391 2210 habet
1413 2169 1577 2225 potes-

186 2245 355 2298 tatem,
370 2239 506 2287 nulla
520 2239 832 2287 concessione
850 2238 1014 2287 facere
1034 2237 1343 2302 intelligitur,
1364 2253 1461 2300 qua
1477 2252 1578 2284 non

186 2314 454 2379 perspicuis
493 2314 655 2362 verbis
692 2315 997 2378 subJectione
1034 2330 1124 2362 sua
1160 2314 1291 2362 cives
1322 2321 1574 2360 exonerat.

186 2388 460 2438 Verborum
483 2390 614 2438 enim
636 2389 998 2453 consequentiae
1020 2389 1287 2437 voluntatis
1312 2389 1452 2451 signa
1474 2402 1576 2434 non

189 2471 320 2524 sunt,
341 2465 428 2514 ubi
463 2465 824 2528 consequentiae
860 2465 969 2513 aliae
999 2464 1141 2528 signa
1162 2471 1280 2512 sunt
1307 2463 1358 2511 in
1383 2470 1578 2510 contra-

189 2538 346 2594 rium;
381 2539 470 2588 sed
503 2540 682 2588 erroris
715 2539 878 2604 potius
913 2548 964 2588 et
1002 2539 1139 2588 falsae
1170 2537 1576 2596 ratiocinationis,

190 2613 364 2678 quibus
385 2615 600 2663 humana
619 2624 799 2663 natura
820 2615 1091 2679 subjicitur,
1116 2614 1257 2677 signa
1279 2621 1410 2661 sunt.

257 2688 535 2748 potestatis,
566 2706 714 2753 quam
749 2689 901 2738 habet
937 2698 1150 2753 systema
1185 2687 1576 2745 subordinatum,

191 2762 371 2813 limites
387 2772 751 2828 cognoscuntur
764 2764 953 2813 duabus
967 2765 1128 2823 rebus,
1144 2779 1320 2827 nempe
1344 2762 1496 2811 literis
1513 2762 1577 2810 ab

193 2853 252 2887 eo
270 2839 355 2903 qui
379 2855 619 2887 summam
641 2839 789 2889 habet
813 2848 1122 2903 potestatem,
1147 2848 1198 2887 et
1220 2838 1329 2902 lege
1347 2837 1575 2891 civitatis.
