1910 3236
701 257 770 289 uss
796 255 1037 289 nummu.
1531 239 1562 282 9

187 378 328 419 tanto
373 367 572 416 dilutior
630 376 706 414 est
751 367 1049 431 imaginatio
1100 366 1202 413 sive
1243 363 1564 428 phantasma.

187 445 350 496 Etiam
371 443 608 492 continua
635 457 930 505 organorum
966 441 1181 505 corporis
1215 439 1423 488 mutatio
1454 453 1569 501 pro-

187 519 443 587 grediente
463 531 685 582 tempore
714 525 876 581 partes
911 517 1113 581 aliquot,
1137 533 1247 580 quae
1270 516 1322 564 in
1345 514 1570 564 sensione

188 603 336 645 motae
354 603 511 651 eraut,
535 594 746 642 destruit
765 614 777 648 ;
812 601 960 655 atque
975 593 1088 640 inde
1106 592 1348 656 contingit
1361 589 1571 639 eundem

190 672 243 721 in
263 671 404 720 nobis
425 671 656 719 effectum
669 668 937 732 producere
962 668 1243 717 distantiam
1266 666 1500 731 temporis
1522 673 1573 713 et

192 746 474 796 distantiam
514 746 626 794 loci.
698 745 837 793 Sicut
877 744 1006 791 enim
1041 745 1091 791 in
1133 761 1312 808 magna
1345 741 1575 808 10813118-

193 822 352 872 tantia
373 821 659 870 obscuriora
680 827 935 884 apparent,
961 835 1069 882 quae
1094 820 1371 884 aspicimus,
1394 827 1446 868 et
1469 818 1574 866 sine

193 897 513 947 minutiorum
545 896 759 960 partium
794 894 1137 949 distinctione3
1180 903 1229 944 et
1258 911 1402 943 voces
1439 895 1575 943 debi-

195 973 342 1023 liores
382 980 622 1037 apparent
661 979 711 1020 et
747 970 1099 1019 inarticulatae:
1135 971 1203 1019 ita
1238 987 1431 1035 quoque
1464 978 1578 1034 post

196 1065 424 1114 magnam
448 1048 682 1112 temporis
710 1046 992 1095 distantiam
1028 1046 1314 1110 imaginatio
1341 1045 1578 1110 praeteriti

198 1125 404 1175 debilior
441 1125 515 1183 fit,
555 1123 917 1188 perdimusque,
958 1123 1168 1186 exempli
1208 1138 1368 1182 causa,
1410 1138 1578 1170 earum

199 1212 321 1266 quas
342 1199 552 1248 vidimus
573 1199 767 1247 urbium
800 1198 979 1246 multas
1006 1198 1207 1261 plateas,
1246 1206 1297 1245 et
1330 1198 1579 1245 actionum

199 1276 378 1326 multas
391 1274 796 1323 circumstantias.
857 1273 1112 1321 Sensionis
1132 1272 1419 1321 dilutionem
1436 1273 1580 1332 hanc,

202 1368 308 1401 rem
344 1351 501 1415 ipsam
544 1350 823 1407 indicaturi,
864 1365 1041 1414 nempe
1076 1349 1238 1413 ipsum
1276 1349 1581 1412 phantasma,

202 1427 527 1485 nominamus,
559 1433 617 1474 ut
646 1433 759 1474 ante
794 1425 981 1474 dictum
1015 1432 1106 1484 est,
1141 1424 1548 1490 imaginationem
1564 1442 1584 1478 ;

204 1502 400 1568 quando
428 1511 592 1551 autem
620 1502 895 1566 significare
917 1501 1142 1550 volumus
1169 1501 1474 1558 dilutionem,
1499 1516 1584 1563 ap-

203 1579 441 1644 pellamus
464 1578 744 1626 memoriam
758 1596 778 1625 .·
812 1577 935 1625 adeo
957 1585 1015 1624 ut
1037 1576 1208 1624 eadem
1225 1577 1289 1624 sit
1307 1575 1586 1640 res‘imagi—

205 1655 345 1705 natio
367 1661 420 1702 et
444 1652 696 1712 memoria,
721 1653 808 1701 sed
831 1660 1032 1717 propter
1065 1652 1279 1700 diversas
1311 1651 1589 1700 considera-

206 1730 368 1780 tionae
392 1728 596 1777 diversis
620 1728 898 1776 nominibus
921 1727 1207 1792 significata.

274 1803 519 1853 Memoria
549 1803 816 1851 multarum
849 1819 1013 1851 rerum
1048 1803 1362 1867 experientia
1394 1802 1589 1850 dicitur.

211 1881 378 1940 Porro,
408 1895 521 1928 cum
555 1878 843 1942 imaginatio
877 1895 1047 1927 earum
1081 1895 1246 1927 rerum
1278 1887 1471 1927 tantum
1511 1878 1590 1937 sit,

212 1971 332 2020 quas
358 1964 489 2014 aute,
517 1955 596 2002 vel
630 1955 774 2003 simul
807 1955 885 2003 vel
918 1971 1008 2020 per
1033 1964 1214 2019 partos,
1248 1972 1394 2004 sensu
1424 1971 1594 2020 perce-

211 2031 457 2096 perimus;
502 2030 788 2094 imaginatio
834 2031 932 2087 illa,
980 2047 1088 2094 quae
1133 2038 1207 2079 est
1252 2031 1395 2079 simul
1439 2031 1593 2079 totius

213 2106 409 2172 objecti,
450 2106 748 2171 imaginatio
789 2106 1004 2172 simpkx
1038 2114 1126 2166 est,
1160 2115 1217 2155 ut
1254 2107 1451 2171 quando
1486 2106 1595 2171 quis

213 2181 512 2247 imaginatur
538 2181 789 2230 hominem
811 2181 890 2230 vel
913 2197 1109 2245 equum,
1146 2198 1292 2246 quem
1322 2190 1438 2230 ante
1461 2182 1596 2230 vide-

214 2264 322 2313 ταῖς
367 2256 655 2320 imaginatio
697 2264 877 2315 autem,
926 2273 1036 2320 quae
1074 2258 1232 2306 oritur
1275 2274 1335 2307 ex
1375 2258 1597 2306 sensione

215 2333 428 2399 plurim
450 2332 682 2418 partium,
706 2341 765 2381 ut
788 2332 985 2418 quando
1007 2349 1039 2381 a
1055 2334 1241 2382 visione
1264 2334 1474 2383 hominis
1497 2350 1597 2382 uno

217 2416 454 2495 tempore,
472 2415 524 2457 et
541 2409 770 2457 avisione
793 2409 907 2472 88111
929 2408 1027 2457 alio
1043 2416 1282 2473 tempore,
1297 2410 1599 2473 concipimus

219 2484 384 2535 81111110
401 2492 706 2543 centaurum,
725 2484 1001 2550 composita
1025 2484 1461 2549 dicitur.1taque
1480 2501 1600 2548 quo-

220 2560 316 2610 ties
341 2559 453 2624 quis
481 2560 732 2623 componit
763 2560 1053 2624 phantasma
1083 2577 1185 2609 suae
1206 2561 1356 2625 ipsius
1379 2577 1602 2624 personae

224 2651 338 2686 cum
373 2636 718 2700 phantasmate
756 2636 1009 2685 actionum
1050 2636 1249 2685 alterius
1284 2637 1511 2695 hominis,
1546 2644 1604 2684 ut

222 2711 343 2760 hait
362 2710 406 2760 is
427 2711 512 2775 qui
535 2710 747 2775 seipsum
771 2712 1067 2776 imaginatur
1089 2727 1196 2760 esse
1231 2712 1494 2760 Herculem
1517 2720 1605 2760 aut

225 2785 572 2846 Alexandrum,
609 2786 663 2834 id
699 2786 836 2850 quod
876 2787 970 2835 illis
1003 2787 1264 2851 aliquando
1301 2787 1481 2836 accidit
1521 2789 1605 2851 qui

226 2861 436 2912 multum
447 2869 706 2910 versantur
722 2864 774 2912 in
793 2863 1003 2912 lectione
1019 2863 1268 2912 actionum
1282 2864 1605 2923 heroicarum,

1629 383 1732 415 CAP.
1751 383 1800 415 ΙΙ.

1622 438 1810 460 *fd

1586 476 1849 506 n0···.
