1968 3236
168 376 269 408 CAP.
287 378 397 409 XLII.

186 430 373 452 »ηρ-,μ

184 472 227 499 De
241 477 378 509 potestate

181 515 380 544 ecclesmsticm

431 245 525 288 368
750 257 818 289 DE
847 255 1103 290 CIVITATE
1132 254 1489 289 CHRISTIANA.

431 361 978 423 converso,baptismum
994 359 1204 422 negandi
1219 366 1512 423 potestatem
1526 373 1588 405 ne
1604 356 1812 420 apostoli

433 436 624 498 quidem
643 437 930 494 habuerunt,
947 452 1037 482 nee
1056 435 1377 498 poenitentem
1396 450 1495 482 non
1514 432 1810 496 baptizandi.

434 512 678 560 Quoniam
704 518 866 558 autern
890 510 1181 573 poenitentia
1204 510 1403 557 alterius
1435 526 1497 557 an
1529 508 1719 556 sincera
1746 507 1810 555 sit

431 602 598 644 necne,
631 587 775 633 homo
806 587 967 633 nullus
998 586 1122 633 scire
1146 595 1310 648 potest
1332 585 1425 633 nisi
1449 600 1535 648 per
1559 584 1809 647 conjectu-

431 677 533 708 ram
558 677 616 708 ex
636 661 762 708 notis
787 662 1012 718 externis,
1038 661 1191 708 altera
1215 661 1400 708 orietur
1424 659 1645 724 quaestiO,
1668 666 1809 706 nota-

430 753 535 783 rum
561 744 867 784 externarum
892 737 1194 799 poenitentiae
1219 736 1325 799 quis
1345 735 1496 799 judex
1514 734 1808 783 constitutus

429 821 516 859 est.
577 813 907 860 Quaestionem
926 821 1092 860 autem
1110 812 1238 859 hanc
1264 811 1558 859 determinat
1586 809 1808 858 Christus

428 890 529 951 ipse
549 889 712 935 dicens
732 889 928 948 (Matth.
953 888 1086 936 xviii.
1110 894 1183 946 15,
1211 893 1284 946 16,
1309 889 1403 949 17);
1434 887 1490 934 Si
1506 891 1668 933 autem
1687 902 1809 950 pec-

428 965 617 1011 caverit
642 965 690 1011 in
716 972 764 1011 te
768 965 956 1028 frater
981 971 1108 1022 tuuS,
1135 963 1277 1022 vade,
1304 970 1354 1010 et
1378 962 1580 1026 corripe
1602 978 1708 1009 eum
1733 961 1808 1010 iu-

428 1046 505 1087 ter
530 1047 579 1087 te
597 1047 646 1087 et
671 1040 828 1104 ipsum
850 1040 1004 1087 solum
1019 1059 1035 1087 .·
1061 1041 1108 1087 si
1132 1046 1181 1087 te
1201 1039 1436 1096 audierit,
1457 1038 1681 1085 lucratus
1703 1037 1808 1085 eris

407 1115 640 1178 fratrem
675 1122 805 1163 tuum
823 1134 841 1170 ,·
893 1116 939 1163 si
970 1122 1133 1163 autem
1166 1121 1215 1162 te
1245 1130 1339 1161 non
1364 1113 1601 1171 audierit,
1625 1111 1809 1161 adhibe

426 1197 581 1238 tecum
605 1191 767 1239 adhuc
792 1209 930 1238 mium
954 1191 1034 1239 vel
1056 1191 1194 1248 duo&
1219 1197 1273 1238 ut
1306 1190 1356 1237 in
1393 1205 1480 1236 ore
1502 1188 1708 1236 duorum
1729 1187 1811 1236 vel

426 1267 572 1313 trium
597 1267 791 1314 testium
813 1274 912 1314 stet
936 1283 1072 1314 omne
1095 1265 1291 1314 verbum
1310 1284 1326 1312 .·
1379 1264 1514 1329 quod
1533 1263 1579 1311 si
1601 1280 1695 1312 non
1718 1281 1807 1311 au-

426 1340 577 1388 dierit
609 1358 705 1399 eos,
731 1342 813 1390 dic
848 1341 1072 1389 ecclesia>
1089 1360 1107 1396 ;
1141 1341 1188 1388 si
1223 1347 1386 1388 autem
1420 1338 1679 1386 ecclesium
1712 1354 1807 1387 non

425 1417 662 1475 audierit,
698 1417 765 1464 sit
818 1418 911 1465 tibi
956 1418 1085 1464 sieut
1133 1417 1357 1464 ethnicus
1403 1422 1453 1463 et
1488 1413 1804 1478 publicanus.

427 1491 628 1540 Constat
649 1493 778 1551 hinc,
799 1493 1037 1556 judicium
1068 1493 1198 1540 circa
1227 1490 1531 1556 poenitentiae
1555 1489 1807 1538 sincerita-

426 1575 541 1626 tem,
566 1585 663 1615 non
700 1585 848 1632 penes
880 1586 1031 1617 unum
1061 1569 1323 1626 hominem,
1349 1566 1434 1614 sed
1464 1581 1614 1630 penes
1650 1565 1807 1613 eccle-

427 1642 545 1690 siam
569 1644 730 1703 fuisse,
755 1645 805 1692 id
829 1654 916 1703 est,
941 1661 1091 1708 penes
1113 1644 1329 1691 fidelium
1353 1641 1804 1704 congregationem,

427 1718 502 1764 vel
536 1735 683 1781 penes
707 1720 814 1768 illos
852 1721 934 1784 qui
959 1719 1352 1784 congregationis
1375 1717 1616 1780 gesserint
1642 1732 1806 1780 perso-

427 1808 553 1840 nam.
624 1795 804 1842 Praeter
851 1796 1132 1858 quaestionis
1178 1795 1322 1858 hujus
1364 1792 1620 1856 judicium,
1657 1792 1805 1840 etiam

426 1870 679 1917 sententiae
703 1872 1032 1933 pronuntiatio
1057 1869 1331 1919 necessaria
1348 1875 1453 1916 erat
1473 1888 1484 1922 ;
1520 1876 1668 1931 atque
1697 1867 1805 1916 haec

422 1945 754 2005 pronuntiatio
780 1947 1047 2005 sententiae,
1073 1945 1296 2010 apostoli,
1320 1944 1397 1991 vel
1419 1943 1630 2006 pastoris
1654 1942 1805 1991 alicu-

418 2019 498 2080 jus
522 2027 639 2078 erat,
664 2028 716 2068 ut
742 2022 1132 2085 congregationis
1156 2019 1512 2084 prolocutoris;
1549 2026 1599 2066 et
1627 2017 1689 2066 de
1711 2017 1805 2066 illis

425 2093 520 2141 dici
552 2095 839 2159 intelligitur
867 2114 897 2145 a
929 2097 1126 2144 Christo
1150 2098 1292 2156 (vers.
1325 2097 1431 2156 18):
1473 2094 1806 2159 Quodcunque

424 2168 708 2233 ligaveritis
733 2172 782 2219 in
808 2179 964 2230 terra,
987 2172 1232 2237 ligabitur
1265 2171 1315 2218 in
1354 2169 1476 2218 eoelo
1495 2188 1515 2224 ;
1562 2176 1613 2217 et
1649 2169 1804 2234 quod-

423 2260 606 2308 cunque
647 2247 849 2294 solvetis
888 2247 938 2294 in
975 2254 1133 2306 terra,
1175 2247 1395 2294 solvetur
1441 2245 1490 2292 in
1532 2243 1671 2293 coelo,
1739 2244 1804 2292 Et

427 2319 470 2379 (1
504 2321 612 2368 Cor.
637 2338 682 2369 v.
710 2323 816 2384 3-5)
857 2322 975 2370 dicit
1001 2324 1209 2371 Sanetus
1235 2321 1432 2370 Paulus:
1466 2320 1585 2386 Ego
1608 2319 1804 2383 quidem

423 2394 599 2442 ulmeus
624 2414 851 2461 corpore,
874 2414 1096 2460 praesen-9
1121 2404 1284 2445 autem
1307 2396 1513 2460 spiritu,
1525 2396 1637 2458 ιγάηι
1655 2394 1804 2458 judi-

423 2471 546 2528 cavi,
572 2477 624 2517 ut
649 2488 894 2535 proesenS,
919 2489 1021 2519 eum
1046 2473 1132 2536 qui
1158 2473 1232 2519 sic
1267 2478 1505 2536 operatus
1531 2477 1608 2518 est
1632 2469 1684 2518 in
1720 2486 1804 2518 no-

423 2544 547 2591 mine
595 2546 795 2593 Domini
841 2547 1004 2593 nostri
1049 2546 1171 2593 Jesu
1213 2546 1422 2605 Christi,
1471 2545 1803 2610 congregatis

423 2619 558 2666 robis
594 2627 644 2667 et
682 2637 783 2668 meo
821 2621 1024 2685 spiritu,
1058 2638 1164 2669 cum
1194 2622 1379 2670 virtute
1417 2620 1622 2669 Domini
1660 2619 1801 2680 «Iesu,

424 2694 626 2741 tradere
672 2694 948 2757 hujusmodi
1001 2695 1236 2743 homiuem
1283 2696 1505 2744 Satanoe.
1587 2693 1802 2743 Tradere

425 2767 630 2828 Satanae,
672 2770 800 2817 idem
834 2777 908 2818 est
939 2770 1070 2833 quod
1100 2787 1160 2818 ex
1193 2771 1398 2819 ecclesia
1438 2772 1613 2836 ejicere
1643 2770 1801 2819 homi-

422 2857 531 2890 nem
555 2845 691 2907 cujus
713 2860 812 2893 non
836 2853 997 2894 essent
1019 2854 1221 2908 peccata
1243 2847 1460 2896 remissa.
1498 2845 1800 2895 Sententiam
