1968 3236
508 277 795 311 APPI-:anx
823 279 895 312 An
924 279 1262 312 anlA'rnAN.
1481 266 1575 313 529

189 403 289 437 non
309 403 467 451 posse,
490 389 581 436 nisi
603 405 771 436 revera
788 389 1021 436 subsistat
1041 389 1132 452 ipsi
1156 388 1448 452 apparitioni
1466 389 1578 436 sub·
1652 411 1753 443 cmv,
1776 411 1806 443 1,

189 463 371 512 stantia
393 464 571 527 aliqua,
596 481 704 528 quae
731 466 834 528 ejus
872 481 1018 512 causa
1043 465 1120 522 sit,
1146 472 1211 522 et,
1236 473 1291 512 ut
1315 464 1485 512 dicunt
1507 465 1577 512 lo-
1631 465 1828 533 m,

189 539 304 603 gici,
327 540 617 603 subjectum.
690 542 974 603 Subjectum
1012 541 1105 587 hoc
1140 540 1299 588 Graeci
1332 540 1579 604 appellant
1638 535 1758 576 Nioeiw·

190 613 242 660 rb
263 613 331 672 ὅν,
357 616 608 675 ὕφες-ἄμεινον
631 615 706 662 vel
732 617 911 672 ὑποτίιν,
937 623 986 662 et
1015 616 1255 670 ὑπόςασινς
1292 615 1452 663 Latini
1476 632 1578 674 erl-5,

190 688 477 752 subjc’ctnm,
495 690 819 755 suppositum,
834 689 1181 747 substantiam,
1202 690 1375 748 basim,
1391 698 1442 738 et
1452 690 1581 754 sun·

191 764 485 813 (lamentum.
558 765 706 814 Quod
736 773 900 813 autem
925 765 985 812 de
1010 765 1289 828 cognitione
1312 782 1400 829 per
1423 767 1579 814 visum

192 839 310 899 dixi,
334 840 395 888 de
419 842 609 888 caeteris
642 842 789 888 etiam
827 841 1048 889 sensibus
1081 840 1451 904 intelligendum
1489 849 1580 891 cst.

190 915 473 979 Opponitur
506 932 623 979 ergo
662 916 936 980 hypostasis
970 916 1315 979 phantasmati,
1350 926 1406 965 ut
1436 933 1582 965 causa

191 991 403 1050 effectui,
427 1008 604 1055 nempe
628 992 846 1039 relative.
918 991 1166 1050 Similiter,
1202 992 1243 1040 si
1267 993 1364 1041 sint
1388 993 1483 1041 tria
1504 1009 1582 1041 re-

191 1065 359 1124 lativa,
391 1075 447 1114 ut
477 1075 634 1130 pater,
663 1067 805 1125 filius,
836 1075 886 1114 et
919 1082 1086 1133 nepo-s,
1117 1068 1201 1115 ubi
1232 1068 1359 1116 filius
1391 1084 1478 1131 per
1508 1068 1581 1116 di-

192 1157 383 1189 versam
420 1142 723 1200 relationem,
748 1143 841 1190 etsi
864 1159 1016 1190 unum
1036 1140 1126 1190 οἰδ
1149 1143 1293 1202 reale,
1313 1144 1460 1191 habet
1483 1143 1581 1191 duo

192 1217 409 1275 nomina,
426 1217 634 1265 alterum
659 1218 833 1275 Patris,
853 1218 967 1280 quia
989 1218 1189 1281 genuit;
1225 1219 1431 1266 alterum
1458 1210 1581 1278 Filii,

194 1291 310 1355 quia
331 1293 525 1355 genitus
550 1301 636 1340 est.
688 1293 835 1340 Filius
859 1309 976 1355 ergo
999 1301 1054 1340 ut
1079 1293 1281 1351 medius,
1303 1310 1581 1358 quanquam

192 1383 345 1415 unum
368 1376 562 1415 tantum
587 1370 651 1415 sit
675 1385 776 1424 em,
801 1368 951 1416 habet
983 1368 1080 1415 duo
1114 1369 1314 1416 nomina
1345 1386 1455 1433 quae
1490 1370 1582 1432 ipsi

193 1442 427 1491 dicuntur
461 1443 711 1507 imposita,
747 1444 907 1507 ipsum
938 1451 1103 1491 autem
1138 1460 1224 1491 ens
1262 1453 1336 1492 est
1374 1445 1583 1492 duorum

191 1519 446 1567 nominum
480 1519 805 1583 suppositum,
846 1519 947 1566 sive
985 1519 1253 1579 ὑφιςὰμενον,
1291 1519 1581 1583 hypostasiS‚

192 1592 565 1641 fundamentum
604 1593 870 1641 relationis.
955 1593 1127 1656 Itaque
1168 1594 1445 1658 hypostasis
1482 1611 1581 1643 non

0 1653 22 1721 ἶ
196 1668 344 1717 modo
367 1667 431 1716 ad
453 1668 797 1732 phantasmata
832 1667 1003 1716 referri
1037 1675 1214 1731 potest,
1239 1669 1327 1718 sed
1348 1670 1495 1718 etiam
1519 1671 1583 1718 ad

196 1744 410 1793 nomina.

262 1820 328 1868 A.
366 1819 606 1868 Quaenam
640 1827 717 1867 est
751 1818 1025 1867 differentia
1063 1819 1192 1866 inter
1237 1821 1489 1881 ὑφιςᾶμενον
1534 1829 1585 1868 et

196 1895 356 1942 &oeci-r
379 1902 430 1942 et
453 1896 692 1942 {eros-now?

261 1969 327 2018 B.
364 1970 501 2018 Inter
519 1969 618 2017 duo
640 1970 805 2033 priora
823 1969 1099 2017 differentia
1121 1969 1217 2017 alia
1233 1970 1367 2018 nulla
1385 1979 1474 2029 est,
1492 1971 1585 2019 nisi

198 2043 331 2107 qnod
352 2044 447 2093 hoc
468 2044 758 2104 subsistens,
780 2045 902 2093 illud
935 2061 1059 2092 nunc
1093 2044 1368 2093 subsistens
1400 2046 1585 2109 signifi-

197 2126 291 2167 cet.
361 2119 455 2167 Pro
478 2119 650 2168 iisdem
673 2130 838 2168 autem
870 2127 1076 2167 utuntur
1107 2120 1264 2168 Graeci
1299 2121 1584 2184 plerumque

196 2210 317 2243 voce
354 2193 659 2259 hypostasis,
684 2203 734 2243 et
756 2195 918 2243 Latini
940 2211 1062 2242 voce
1084 2194 1368 2243 substantia
1399 2195 1477 2243 vel
1507 2211 1584 2243 es-

197 2270 379 2329 sentia,
408 2270 539 2317 inter
573 2286 694 2334 quas
726 2271 893 2319 Patres
928 2270 1091 2318 Latini
1126 2286 1225 2318 non
1261 2269 1583 2334 distinguunt,

197 2351 254 2393 ut
275 2352 469 2393 constat
491 2360 550 2392 ex
576 2345 719 2394 Petro
743 2345 1034 2394 Lombardo.

264 2419 329 2467 A.
367 2419 628 2469 Quomodo
651 2420 890 2484 accipitur
913 2436 1007 2468 vox
1027 2419 1316 2484 hypostasis
1339 2420 1390 2467 in
1412 2420 1583 2468 Testa-

197 2503 365 2543 mento
389 2494 568 2543 Novo?

265 2569 332 2617 B.
367 2568 554 2617 Eodem
590 2568 753 2628 modo,
787 2586 887 2633 quo
924 2570 1164 2634 accipitur
1203 2585 1233 2617 a
1266 2570 1585 2633 scriptoribus

199 2644 404 2693 caeteris.
474 2644 543 2693 Ut
569 2644 722 2702 (Heb.
746 2645 778 2693 i.
804 2646 855 2707 3)
883 2646 966 2694 ubi
1005 2644 1228 2694 Christus
1263 2645 1443 2693 dicitur
1466 2645 1584 2694 cha-

197 2726 371 2767 racter
394 2719 720 2784 hypostaseos
737 2721 852 2769 Dei.
902 2722 1030 2769 Nam
1050 2721 1321 2785 hypostasis
1345 2720 1412 2767 ibi
1435 2737 1586 2784 oppo-

198 2795 334 2842 nitur
357 2794 642 2852 characteri,
669 2794 719 2842 id
742 2803 832 2854 est,
856 2797 1127 2844 substantia
1150 2795 1349 2859 imagini
1367 2795 1584 2858 ejusdem

199 2869 499 2918 substantiae.
587 2869 779 2918 Dicitur
812 2871 960 2920 etiam
995 2871 1167 2920 eodem
1200 2870 1308 2919 loco
1343 2869 1585 2934 splendor

332 2959 455 2994 voL.
478 2959 562 2993 111.
1339 2960 1380 2994 M
1407 2960 1447 2994 Μ
