1910 3236
396 213 454 255 18
914 220 985 253 DE
1012 219 1256 254 HOMINE.

142 357 246 389 CAp,
268 357 337 389 111,
389 333 633 398 percurrit
663 333 826 381 animo
861 331 1192 395 alphabetum,
1222 338 1280 379 ut
1309 331 1545 396 syllabam
1581 331 1779 380 finalem

143 411 335 434 *ψ
389 410 608 459 inveniat
630 408 1007 471 homophonam.

108 459 154 487 De
167 460 375 497 consequentia

104 502 164 530 sive
183 503 255 531 serie
276 504 374 541 imagi·
459 486 594 534 Scire
626 485 732 548 quis
763 483 899 547 cupit
930 482 1137 531 actionis
1161 482 1365 548 alicujus
1387 483 1610 532 futurum
1633 499 1778 531 even-

107 546 267 575 nationum.

389 562 528 610 tum?
601 560 799 623 Cogitat
822 559 902 607 ille
924 558 1189 622 praeteritae
1207 559 1412 607 actionis
1436 558 1616 607 similes
1635 575 1780 606 even-

388 646 484 697 tus,
526 637 695 686 ordine
734 652 830 699 quo
872 635 981 682 illos
1022 642 1137 683 ante
1177 635 1398 692 viderat;
1448 635 1563 698 quia
1600 635 1780 683 similes

389 714 603 762 actiones
632 711 810 759 similes
845 717 1048 758 eventus
1083 710 1371 775 plerumque
1396 719 1779 774 consequuntur.

391 791 459 838 Ut
484 789 567 852 qui
591 788 714 836 scire
736 786 842 834 vult
875 785 994 849 quid
1023 801 1108 834 reo
1144 787 1361 834 criminis
1386 787 1610 850 capitalis
1635 803 1779 835 even-

387 873 553 913 turum
572 871 662 922 est,
680 862 1012 911 reminiscitur
1036 878 1094 910 ea
1117 879 1226 926 quae
1251 870 1517 911 consecuta
1534 870 1649 911 sunt
1665 871 1779 911 ante

387 941 437 988 in
467 940 575 1004 pari
610 939 828 998 crimine,
852 938 940 986 tali
974 938 1146 988 ordine
1181 939 1552 1002 cogitationum,
1577 939 1779 998 crimen,

387 1017 624 1075 minister,
671 1030 855 1073 carcer,
898 1014 1067 1078 judex,
1112 1015 1404 1078 patibulum.
1474 1015 1638 1064 Genus
1682 1015 1779 1063 hoc

387 1092 744 1156 cogitationum
781 1090 1019 1156 praevisio
1067 1090 1262 1150 dicitur,
1304 1098 1356 1138 et
1391 1091 1690 1156 prudentia,
1728 1098 1780 1139 et

380 1167 722 1232 providentia,
759 1173 809 1214 et
844 1165 1139 1229 quandoque
1170 1165 1427 1230 sapientia
1445 1185 1464 1221 ;
1501 1182 1780 1230 quanquam

386 1245 673 1307 conjectura
693 1251 886 1291 tantum
910 1243 989 1301 sit,
1010 1249 1075 1300 et,
1099 1249 1302 1306 propter
1325 1242 1662 1290 difficultatem
1685 1243 1779 1290 cir—

387 1320 707 1368 cumstantias
739 1334 909 1367 omnes
944 1318 1252 1378 observandi,
1278 1318 1397 1366 satis
1431 1318 1596 1367 fallax.
1667 1319 1779 1367 Hoc

385 1404 549 1444 tamen
595 1395 797 1443 dubium
837 1410 938 1442 non
978 1402 1067 1453 est,
1109 1395 1242 1458 quin,
1285 1402 1470 1457 quanto
1516 1394 1640 1442 alius
1681 1395 1779 1443 alio

384 1474 619 1536 majorem
648 1471 798 1519 habet
827 1486 992 1518 rerum
1014 1470 1378 1534 praeteritarum
1410 1470 1777 1533 experientiam,

384 1555 523 1596 tanto
563 1547 718 1610 magis
759 1547 823 1595 sit
861 1546 1093 1610 prudens,
1128 1554 1178 1594 et
1212 1546 1274 1594 ab
1298 1545 1656 1609 'expectatione
1691 1563 1780 1595 sua

383 1625 539 1672 rarius
569 1624 856 1687 decipiatur.
925 1622 1210 1670 Praesentz'a
1245 1630 1441 1670 tantum
1475 1622 1693 1670 existunt
1727 1623 1779 1670 in

382 1716 547 1747 rerum
587 1707 791 1754 natura;
829 1698 1108 1764 praeterita
1148 1698 1200 1745 in
1241 1698 1480 1745 memoria
1517 1698 1648 1754 sola3
1692 1698 1780 1747 sed

363 1775 559 1837 futura
595 1776 795 1824 omnino
829 1791 931 1823 non
966 1774 1199 1833 existunt,
1235 1782 1291 1822 ut
1332 1790 1442 1837 quae
1479 1774 1603 1822 nihil
1644 1775 1779 1823 aliud

383 1858 510 1910 sunt,
529 1860 710 1915 praeter
728 1853 966 1915 figmenta
989 1850 1156 1909 animi,
1176 1849 1554 1913 consequentias
1571 1850 1778 1899 actionis

382 1928 645 1991 praeteritae
669 1928 731 1976 ad
754 1928 1002 1976 actionem
1028 1932 1336 1991 proesentem
1369 1926 1690 1990 applicantis;
1726 1927 1779 1976 id

384 2003 516 2065 quod
547 2005 605 2051 fit
635 2004 847 2052 maxima
879 2003 1174 2052 certitudine
1207 2003 1268 2051 ab
1302 2019 1376 2062 eo,
1402 2003 1541 2067 cujus
1564 2003 1779 2052 maxima

383 2085 457 2126 est
491 2080 807 2143 experientia,
834 2096 1116 2143 quanquam
1148 2079 1445 2127 certitudine
1479 2095 1580 2127 non
1613 2079 1775 2142 plena.

383 2154 489 2202 Etsi
513 2162 692 2215 autem,
719 2157 912 2220 quoties
948 2155 1279 2219 expectationi
1307 2154 1607 2219 respondent
1630 2171 1776 2203 even-

381 2237 476 2289 tus,
500 2239 702 2280 vocetur
715 2233 997 2297 prudentia
1013 2251 1032 2288 ;
1066 2248 1239 2280 revera
1259 2239 1427 2280 tamen
1441 2232 1776 2297 praesumptio

383 2313 575 2354 tantum
595 2314 683 2355 est.
754 2308 981 2356 Praevisio
1006 2309 1137 2356 enim
1160 2324 1326 2356 rerum
1348 2307 1643 2367 futurarum,
1664 2324 1776 2371 quae

383 2389 456 2430 est
496 2383 821 2445 providentia,
865 2384 929 2432 ad
974 2384 1112 2432 illum
1159 2385 1316 2433 solum
1362 2384 1592 2448 pertinet,
1636 2386 1775 2449 cujus

382 2458 584 2506 consilio
617 2459 794 2507 futurae
828 2468 956 2509 sunt.
1025 2462 1090 2509 Et
1119 2461 1181 2509 ab
1213 2460 1295 2508 illo
1320 2460 1439 2517 solo,
1465 2467 1517 2507 et
1541 2475 1775 2524 supernae

380 2533 619 2593 turaliter,
638 2536 964 2598 proficiscitur
986 2536 1264 2600 prophetia.
1333 2535 1534 2599 Alioqui
1558 2536 1774 2599 optimus

381 2610 647 2671 conjector,
683 2612 896 2674 optimus
931 2620 1006 2660 est
1038 2612 1310 2676 propheta;
1354 2611 1570 2674 optimus
1605 2619 1774 2660 autem

382 2685 631 2747 conjector
660 2686 701 2734 is
734 2694 823 2745 est,
860 2687 944 2750 qui
980 2688 1191 2736 maxime
1228 2694 1449 2735 versatus
1486 2693 1561 2735 est
1592 2687 1645 2735 in
1677 2687 1774 2736 illis

380 2760 540 2818 rebus,
567 2761 628 2808 de
660 2762 835 2824 quibus
863 2764 1197 2826 conjecturam
1220 2763 1371 2818 facit;
1409 2762 1450 2811 is
1475 2763 1605 2811 enim
1629 2763 1774 2827 plura

380 2834 527 2884 habet
550 2837 856 2900 conjicienda
877 2839 1045 2904 signa.
