1968 3236
718 210 789 244 ΒΕ
817 209 1093 244 clvii-Am.
1516 194 1605 245 167

219 308 261 363 si
282 314 425 362 multi
449 314 593 362 simul
618 324 791 362 contra
814 314 1028 362 civitatis
1050 320 1342 376 potestatem
1365 325 1605 358 summam
1640 337 1744 371 CA„-
1766 337 1866 370 χχι,

218 389 403 438 crimen
428 390 625 453 aliquod
640 390 974 438 commiserint
992 390 1215 453 capitale,
1235 395 1437 452 propter
1456 385 1603 449 quod,
1661 392 1853 462 m

218 464 312 513 nisi
329 481 380 512 se
396 464 678 522 defendant,
701 474 961 528 expectant
978 474 1202 521 mortem,
1228 472 1417 527 quaeret
1431 460 1606 524 aliquis
1662 478 1780 505 civium.

219 548 387 588 utrum
409 540 687 588 libertatem
713 541 781 588 illi
817 541 1093 603 conjunctis
1125 540 1307 587 viribus
1348 553 1398 585 se
1433 546 1606 584 mutuo

221 615 517 665 defendendi
552 616 797 664 habeant?
870 617 1069 664 Habent
1097 624 1246 663 certe.
1316 613 1445 661 Nam
1481 613 1607 660 vitas

222 707 335 740 suas
359 692 629 740 defendunt
668 700 860 740 tantum
882 714 894 747 ;
930 692 981 739 id
1017 691 1150 754 quod
1186 697 1236 738 et
1271 689 1522 738 innocenti
1558 696 1609 736 et

219 768 419 817 nocenti
459 784 597 831 aeque
636 768 765 816 licet.
836 768 1079 831 Injustitia
1115 766 1311 830 quidem
1337 773 1442 813 erat
1464 765 1610 813 officii

219 843 418 892 violatio
433 845 591 908 prima
611 866 623 899 3
659 845 745 892 sed
765 844 897 908 quod
921 860 1057 892 arma
1079 851 1248 906 postea
1272 842 1335 890 ad
1363 858 1413 890 se
1442 840 1610 889 defen-

222 919 409 969 dendos
433 921 746 984 sumpserint,
766 921 951 968 crimen
967 936 1149 968 novum
1172 935 1271 966 non
1291 925 1380 966 est.
1450 918 1610 966 Excu-

221 996 347 1045 satio
382 1006 548 1045 autem
586 998 660 1044 sui
696 997 992 1045 defensionis
1027 995 1190 1043 oblata
1225 994 1369 1042 venia
1390 993 1608 1047 tollitur;

221 1073 437 1137 facitque
456 1082 528 1132 ut,
553 1074 593 1121 si
618 1074 843 1122 assistere
866 1073 1058 1120 caeteris
1088 1077 1416 1135 perseverent,
1440 1069 1610 1133 injusti

224 1148 338 1198 sint.

292 1225 499 1288 Reliqua
513 1226 691 1274 civium
706 1225 905 1274 libertas
920 1223 1165 1288 dependet
1177 1239 1207 1271 a
1220 1223 1385 1286 legum
1400 1221 1610 1270 silentio.

227 1301 326 1351 Ubi
343 1302 472 1349 enim
496 1317 595 1350 non
610 1301 781 1350 definit
795 1301 889 1359 lex,
904 1299 1169 1362 unicuique
1181 1297 1393 1346 faciendi
1410 1297 1489 1344 vel
1511 1313 1612 1345 non

223 1377 436 1427 faciendi
452 1378 650 1426 libertas
673 1384 748 1425 est
766 1398 778 1432 3
803 1392 957 1440 eaque
970 1391 1059 1439 pro
1078 1375 1281 1423 arbitrio
1305 1389 1507 1439 summae
1525 1389 1613 1436 po-

223 1454 415 1502 testatis
440 1453 701 1517 aliquando
735 1454 906 1515 major,
930 1451 1193 1516 aliquando
1217 1451 1378 1498 minor
1400 1458 1490 1498 est.
1560 1449 1612 1497 Si

225 1528 356 1577 inter
374 1529 530 1577 civem
553 1538 605 1577 et
627 1544 739 1577 eum
763 1529 847 1592 qui
870 1544 1109 1576 summam
1131 1527 1280 1575 habet
1301 1532 1612 1590 potestatem,

224 1605 557 1653 controversia
580 1604 644 1652 sit
668 1604 729 1652 de
746 1604 857 1668 jure
881 1619 1025 1667 agros
1048 1603 1126 1651 vel
1152 1603 1284 1651 bona
1315 1601 1612 1665 possidendi,

223 1681 302 1729 vel
320 1680 382 1728 de
405 1679 571 1728 debita
587 1680 796 1744 pecunia
817 1679 896 1728 vel
919 1695 1085 1743 opera,
1099 1679 1177 1727 vel
1192 1678 1254 1727 de
1272 1694 1419 1742 poena
1440 1694 1613 1742 corpo-

225 1772 311 1805 rea
342 1757 419 1805 vel
441 1757 738 1820 pecuniaria,
763 1772 871 1820 quae
908 1756 958 1804 in
983 1756 1091 1819 lege
1114 1755 1279 1818 aliqua
1301 1754 1613 1818 praecedente

223 1832 431 1881 fundata
448 1833 528 1891 sit,
551 1833 751 1880 libertas
765 1831 860 1879 civi
877 1832 986 1895 lege
1014 1830 1194 1894 agendi
1218 1838 1294 1878 est
1310 1838 1484 1878 contra
1501 1846 1613 1878 eum

225 1909 311 1972 qui
328 1924 568 1956 summam
581 1908 730 1956 habet
743 1916 1056 1971 potestatem,
1066 1906 1238 1955 eadem
1253 1923 1400 1970 quam
1408 1906 1614 1953 haberet

225 1992 400 2033 contra
422 1985 674 2033 concivem
694 2005 707 2040 ;
744 1983 1094 2032 controversiae
1117 1990 1283 2031 autem
1307 1982 1435 2030 illius
1460 1981 1613 2045 judex

225 2059 322 2108 erit
353 2060 411 2119 is,
436 2061 519 2123 qui
543 2076 784 2108 summam
806 2060 954 2108 habet
982 2067 1292 2123 potestatem.
1364 2058 1611 2107 Quoniam

226 2136 374 2195 enim,
398 2136 481 2199 qui
503 2152 743 2183 summam
766 2135 915 2183 habet
936 2142 1250 2198 potestatem,
1281 2133 1466 2181 virtute
1489 2133 1614 2196 petit

224 2210 348 2275 legis
369 2211 707 2274 praecedentis,
747 2227 847 2259 non
880 2211 1063 2260 virtute
1101 2210 1360 2274 potestatis
1394 2225 1612 2267 summae,

226 2301 328 2335 non
363 2287 571 2351 amplius
610 2294 778 2350 petere
816 2286 941 2335 velle
978 2286 1268 2350 intelligitur
1297 2301 1445 2348 quam
1483 2284 1614 2347 quod

226 2360 335 2426 lege
357 2362 441 2410 illa
463 2362 683 2410 debitum
706 2378 811 2410 esse
834 2362 1104 2425 apparebit.
1174 2361 1311 2409 Nihil
1340 2375 1457 2422 ergo
1493 2358 1614 2406 facit

227 2437 400 2496 civis,a
414 2453 512 2501 quo
526 2438 726 2501 petitur,
741 2444 915 2485 contra
927 2437 1232 2485 voluntatem
1248 2437 1291 2499 ej
1297 2452 1353 2483 us
1368 2435 1452 2498 qui
1465 2434 1614 2482 habet

227 2528 467 2562 summam
485 2521 795 2576 potoetatem.
867 2512 965 2561 Sed
987 2512 1044 2571 si,
1069 2512 1154 2576 qui
1187 2512 1337 2560 habet
1373 2525 1614 2558 summam

227 2596 539 2652 potestatem,
561 2589 745 2637 virtute
783 2589 1042 2651 potestatis
1078 2595 1284 2651 peteret,
1313 2601 1460 2649 agere
1496 2601 1614 2633 con-

229 2671 310 2712 tra
333 2663 471 2712 illum
506 2663 614 2727 lege
650 2663 771 2711 civis
810 2679 911 2711 non
946 2671 1125 2727 potest.
1196 2660 1446 2724 Quicquid
1482 2660 1614 2708 enim

228 2738 411 2788 virtute
446 2739 705 2803 potestatis
740 2754 942 2787 summae
981 2738 1121 2802 petit,
1157 2736 1455 2785 authoritate
1490 2736 1616 2799 petit

231 2814 384 2878 ipsius
420 2814 554 2874 civis,
577 2822 627 2862 et
661 2814 884 2878 proinde,
909 2814 993 2877 qui
1023 2813 1128 2876 agit
1159 2820 1331 2861 contra
1369 2827 1613 2861 summam

229 2897 542 2953 potestatem,
566 2897 738 2939 contra
762 2890 973 2953 seipsum
997 2890 1116 2951 agit.
