1910 3236
675 289 746 323 nn
774 288 1017 323 nomme.
1479 275 1541 325 77

149 402 531 452 ministrandum
549 410 665 450 sunt
683 401 992 455 necessariae;
1018 400 1135 448 item
1150 399 1327 464 dignus
1346 398 1545 456 divitiis,

153 480 238 544 qui
261 479 354 527 scit
376 478 471 527 illis
494 478 619 526 bene
642 478 731 526 uti.

220 554 412 618 Dignus
437 553 586 602 etiam
610 553 790 601 dicitur
813 552 1152 616 unusquisque
1175 551 1280 615 ejus
1303 550 1376 598 rei
1400 565 1546 613 quam

154 638 384 679 meretur.
453 629 690 677 Meritum
719 636 883 676 autem
917 628 1130 690 dignitas
1153 642 1402 690 nunquam
1426 625 1548 673 dici-

153 713 268 761 tur;
303 721 419 753 nam
442 704 815 768 distinguuntur
840 720 898 751 eo
919 702 1052 767 quod
1076 702 1304 751 meritum
1326 718 1547 766 praesup-

154 781 295 846 ponit
322 781 404 845 jus
436 795 496 828 ex
530 779 801 844 promisso;
840 779 1054 843 dignitas
1084 795 1186 827 non
1215 777 1549 843 praesupponit

148 872 250 921 jus,

685 1167 904 1216 CAPUT
939 1168 1030 1215 XI.

568 1301 630 1334 DE
655 1301 927 1333 VARIETATE
954 1301 1127 1333 MORUM
1136 1323 1146 1334 .

161 1388 274 1437 PER
298 1403 458 1435 mores
480 1386 702 1450 intelligo
725 1387 819 1434 hoc
842 1387 967 1446 loco,
992 1403 1092 1435 non
1116 1385 1421 1445 comedendi,
1446 1402 1553 1434 ves-

160 1462 330 1521 tiendi,
356 1462 601 1510 salutandi
632 1463 772 1521 ritus,
798 1462 989 1525 aliaque
1020 1462 1225 1511 moralia
1252 1478 1419 1526 parva,
1444 1479 1554 1526 quae

164 1538 407 1587 docentur
418 1538 580 1602 pueri;
616 1538 704 1586 sed
721 1538 925 1586 humani
942 1539 1137 1602 generis
1155 1539 1415 1602 qualitates
1431 1538 1554 1597 illas,

162 1614 339 1679 quibus
371 1629 467 1677 pax
502 1622 821 1662 conservatur
856 1623 907 1662 et
939 1614 1151 1663 civitatis
1186 1622 1346 1663 status
1379 1615 1556 1662 confir-

167 1699 346 1739 matur.

233 1766 499 1816 Sciendum
530 1774 696 1815 autem
725 1775 799 1814 est
827 1767 944 1815 vitae
979 1767 1234 1830 praesentis
1273 1766 1560 1814 felicitatem

165 1859 266 1892 non
297 1842 564 1891 consistere
598 1842 651 1890 in
684 1842 1040 1906 tranquillitate
1068 1842 1170 1890 sive
1201 1842 1368 1906 requie
1392 1841 1558 1889 animi.

165 1917 308 1966 Finis
341 1918 474 1965 enim
510 1917 710 1965 ultimus
741 1926 793 1965 et
822 1933 1053 1965 Summum
1084 1917 1269 1977 bonum,
1293 1917 1355 1965 de
1385 1917 1560 1980 quibus

165 1993 436 2057 loquuntur
471 1993 622 2041 ethici
657 2001 863 2051 veteres,
899 1993 1065 2041 locum
1099 1993 1150 2041 in
1183 2002 1426 2057 praesente
1460 1992 1563 2040 vita

166 2069 356 2118 nullum
373 2068 570 2116 habent.
615 2068 787 2132 Neque
800 2068 856 2126 is,
872 2069 1011 2132 cujus
1025 2068 1319 2132 cupiditates
1334 2069 1398 2117 ad
1413 2069 1562 2116 finem

165 2151 513 2210 pervenerunt,
547 2143 710 2191 vivere
751 2151 930 2207 potest,
964 2144 1122 2207 magis
1159 2161 1307 2207 quam
1343 2144 1386 2191 is
1424 2145 1563 2207 cujus

170 2236 341 2270 sensus
359 2228 409 2268 et
424 2220 660 2268 memoria
682 2220 949 2284 perierunt.
1008 2219 1255 2268 Felicitas
1276 2234 1564 2284 progressus

169 2303 435 2361 perpetuus
475 2304 549 2343 est
590 2296 651 2344 ab
693 2311 794 2343 una
829 2295 1098 2359 cupiditate
1138 2295 1203 2344 ad
1237 2296 1441 2344 alteram
1461 2315 1473 2349 ;
1516 2300 1567 2342 et

171 2371 369 2436 adeptio
390 2371 568 2435 prioris
588 2370 741 2434 cupiti
762 2370 829 2418 ad
851 2371 1165 2434 adeptionem
1183 2370 1470 2435 posterioris
1486 2370 1568 2417 via

172 2456 264 2497 est.
320 2446 480 2495 Causa
497 2447 642 2510 hujus
661 2446 733 2494 rei
753 2453 842 2505 est,
863 2445 996 2510 quod
1013 2446 1262 2509 objectum
1285 2444 1568 2508 cupiditatis

173 2523 403 2572 humanae
420 2537 522 2570 non
541 2529 616 2570 est
634 2529 691 2569 ut
707 2537 766 2569 eo
790 2521 940 2569 semel
959 2529 1008 2569 et
1023 2522 1163 2584 quasi
1186 2521 1250 2569 ad
1266 2528 1569 2568 momentum

175 2597 410 2662 temporis
445 2596 639 2645 fruatur
678 2597 843 2656 homo,
886 2597 975 2645 sed
1010 2606 1069 2645 ut
1109 2597 1394 2645 fruitionem
1432 2611 1570 2643 suam

176 2689 398 2722 securam
415 2672 467 2720 in
483 2672 707 2720 futurum
723 2672 914 2721 reddat.
973 2673 1147 2737 Itaque
1166 2673 1386 2720 actiones
1399 2670 1570 2718 volun-

178 2748 319 2797 tariae
346 2763 447 2795 non
479 2747 637 2795 solum
659 2763 717 2795 eo
741 2747 968 2807 tendunt,
993 2755 1048 2795 ut
1079 2748 1264 2795 bonum
1286 2751 1569 2809 procurent,

177 2822 267 2871 sed
285 2822 433 2871 etiam
449 2830 506 2871 ut
521 2831 712 2872 certum
730 2823 823 2871 sibi
840 2823 892 2871 in
909 2831 1202 2887 perpetuum
1223 2821 1423 2870 faciant.
1473 2820 1572 2868 Sed

182 2913 284 2947 non
301 2897 470 2946 eadem
490 2898 571 2947 via
587 2899 807 2947 omnium
824 2898 1101 2962 procedunt
1119 2898 1355 2956 actiones,
1372 2905 1574 2961 propter

1608 421 1711 454 CAP.
1729 421 1775 454 X.

1600 475 1793 495 *w-—d

1564 518 1609 546 De
1622 517 1759 555 potentia,
1773 516 1833 553 dig-

1563 562 1662 594 nitate.
1670 565 1699 588 et
1712 560 1831 588 honore.
