1910 3236
293 291 374 337 viii
841 301 1158 334 onmem-lo.

295 422 424 486 quod
448 430 739 485 potestatem
764 421 966 478 civilem,
994 436 1138 483 quam
1170 420 1447 482 quicunque
1471 419 1739 482 possidebit

296 504 553 551 maximam
601 519 702 549 esse
742 503 883 560 volet,
929 510 1166 564 quantum
1207 518 1401 564 possum
1442 502 1736 565 magnifico?

299 589 468 650 Neque
493 588 552 634 de
571 589 679 650 jure
704 587 966 644 hominum,
993 585 1078 633 sed
1104 586 1163 633 de
1193 586 1302 648 jure
1331 585 1616 648 simpliciter
1640 585 1739 634 dis-

295 681 428 735 puto.
490 670 909 719 Quemadmodum
956 684 1152 716 anseres
1200 668 1446 732 quondam
1487 670 1738 732 capitolini

295 755 357 802 ad
381 755 712 819 scandentium
739 753 1012 816 strepitum,
1037 760 1229 800 tantum
1253 753 1444 817 clango.
1500 754 1738 818 Displice-

296 840 366 886 bit
407 839 550 886 etiam
585 839 787 885 fortasse
834 853 932 884 non
966 837 1150 900 pauciS‚
1199 837 1332 900 quod
1365 837 1473 885 loca
1513 837 1738 901 quaedam

297 923 558 985 Scripturae
584 922 743 969 Sacrae
768 921 907 967 aliter
935 921 1246 983 interpretari
1278 937 1422 969 ausus
1458 922 1565 980 sim,
1591 938 1739 986 quam

295 1006 354 1052 ab
379 1005 484 1052 aliis
509 1005 737 1068 explicari
762 1004 963 1051 soleant.
1036 1004 1092 1050 Id
1118 1004 1251 1067 quod
1274 1020 1374 1051 non
1398 1004 1560 1064 modo,
1584 1005 1636 1053 in
1660 1022 1739 1054 or-

294 1089 404 1135 dine
424 1089 486 1135 ad
510 1105 629 1152 opus
653 1089 942 1145 institutum,
957 1088 1232 1136 necessario
1256 1088 1366 1147 feci,
1393 1089 1508 1152 quia
1528 1089 1638 1138 loca
1655 1089 1740 1138 illa

294 1180 585 1235 potestatem
627 1172 816 1219 civilem
863 1173 1197 1235 oppugnantia
1244 1173 1383 1236 quasi
1428 1172 1737 1221 inimicorum

295 1256 533 1303 moenibus
576 1256 802 1315 civitatis,
846 1273 991 1319 quam
1038 1256 1277 1314 obsident,
1321 1257 1532 1305 admotae
1579 1265 1739 1305 turres

295 1347 438 1394 sunt;
474 1339 560 1386 sed
593 1340 737 1387 etiam
773 1356 834 1387 ne
872 1340 988 1403 quid
1019 1349 1193 1388 contra
1225 1341 1499 1389 doctrinam
1523 1339 1741 1390 ecclesiae

295 1431 474 1471 nostrae
498 1424 740 1486 publicam
765 1425 1040 1483 scriberem,
1061 1425 1340 1485 (dissentire
1365 1426 1497 1473 enim
1520 1442 1550 1473 a
1573 1425 1741 1489 singu-

295 1508 474 1555 laribus
515 1508 700 1555 licitum
736 1511 849 1570 est),
875 1510 1134 1573 diligenter
1168 1510 1289 1558 cavi.
1362 1510 1447 1558 Sin
1480 1525 1638 1573 neque
1675 1508 1740 1556 ad

295 1592 400 1638 haec
445 1592 700 1639 mitescant
745 1593 1116 1656 reprehensores
1162 1594 1273 1653 mei,
1315 1595 1526 1658 teipsum
1573 1602 1739 1641 tamen

296 1683 427 1722 recte
462 1682 511 1722 et
549 1675 683 1723 facile
719 1678 981 1725 excusabis.
1051 1678 1195 1726 Dices
1228 1678 1373 1737 enim,
1398 1678 1439 1726 si
1470 1678 1558 1735 vis,
1581 1677 1738 1725 homi-

296 1774 407 1804 nem
450 1774 551 1806 esse
598 1775 689 1818 me,
733 1761 815 1823 qui
861 1778 969 1809 mea
1013 1778 1171 1810 amem
1213 1770 1263 1810 et
1300 1761 1533 1826 quicquid
1577 1761 1737 1809 dicam

296 1857 463 1889 verum
500 1858 603 1890 esse
635 1852 816 1907 putem,
843 1845 972 1908 quod
1005 1846 1206 1894 fratrem
1245 1854 1386 1893 tuum
1422 1845 1653 1894 coluerim
1689 1852 1738 1894 et

295 1933 343 1972 te
369 1926 538 1985 colam,
564 1944 715 1991 eoque
738 1929 890 1977 fretus
914 1930 1188 1979 inconsulto
1212 1939 1262 1978 te
1285 1930 1655 1994 subscripserim

775 2030 949 2079 Servus
973 2040 1086 2080 tuus
1110 2032 1363 2079 humilime
1386 2031 1592 2080 devotus

1074 2149 1355 2198 THOMAs
1393 2124 1669 2198 HOBBES.

880 2543 1139 2561 11
