1968 3236
525 260 808 294 Appssxmx
836 261 908 293 AD
937 259 1275 293 LEVIATRAN.
1495 250 1591 292 543

206 370 343 420 resia.
412 371 575 434 Atque
598 371 728 427 hinc,
754 380 995 434 quatenus
1027 371 1077 418 in
1102 370 1315 418 historiis
1337 370 1590 434 explorare

205 446 360 512 potui,
380 447 519 509 origo
543 446 753 493 nominis
777 445 994 493 ecclesiae
1018 444 1271 493 catholicae
1291 466 1304 500 ;
1339 453 1390 492 et
1412 445 1463 492 in
1486 461 1588 492 om-

207 522 260 571 ni
283 521 489 570 ecclesia
513 520 791 568 catholicus
825 528 874 568 et
915 520 1177 568 hcet-eliens
1200 536 1344 568 voces
1375 529 1491 569 sunt
1512 536 1587 568 re-

206 597 386 646 lativae.

272 675 338 721 A.
376 673 428 721 Si
443 672 563 719 nihil
579 671 712 719 aliud
728 672 970 735 significet
986 671 1190 719 ecclesia
1204 672 1459 730 catholica,
1467 671 1590 719 mul-

207 757 273 798 tae
295 763 412 796 sane
431 757 546 795 sunt
569 748 620 795 in
644 748 762 795 orbe
782 747 1058 795 Christiano
1081 747 1300 795 ecclesiae
1319 747 1587 795 catholicae.

273 824 341 872 B.
374 823 470 871 Tot
493 831 606 870 sunt
629 823 846 871 ecclesiae
864 822 1133 881 catholicae,
1154 831 1274 885 quot
1297 831 1412 870 sunt
1434 822 1590 870 eccle-

207 900 389 949 siarum
413 899 588 961 capita.
660 899 787 946 Sunt
809 906 972 945 autem
1006 905 1081 945 tot
1117 898 1292 961 capita,
1318 905 1442 960 quot
1474 906 1591 945 sunt

210 990 367 1039 regna
389 982 439 1022 et
462 973 747 1037 respnblicae
771 973 1077 1021 Christianae.
1127 973 1185 1020 In
1208 973 1341 1020 omni
1365 973 1494 1020 enim
1516 988 1590 1020 re-

206 1051 353 1115 gione
376 1049 779 1106 Christianorum,
805 1049 856 1096 in
895 1064 955 1095 ea
989 1048 1187 1127 regione
1220 1049 1447 1111 princeps
1481 1049 1591 1096 sub-

208 1126 425 1174 ditorum
464 1141 662 1172 suorum
703 1132 852 1187 caput
883 1132 972 1181 est,
1014 1134 1105 1175 net
1140 1124 1201 1171 ab
1229 1123 1324 1171 alio
1362 1124 1412 1171 in
1449 1123 1592 1171 terris

208 1202 369 1265 capite
387 1200 645 1264 dependet.
682 1201 854 1263 Itaque
872 1206 992 1263 quot
1006 1207 1120 1247 sunt
1133 1199 1351 1247 ecclesiae
1364 1199 1591 1258 visibiles,

209 1284 286 1325 tot
308 1287 425 1324 sunt
439 1275 755 1323 ecclesiarum
775 1275 952 1339 capita.
1007 1275 1253 1323 Quoniam
1276 1283 1442 1323 autem
1465 1275 1592 1323 elec-

206 1359 371 1400 torum
393 1367 424 1398 a
459 1351 563 1399 Deo
586 1366 833 1407 numerus,
869 1365 957 1413 per
979 1357 1138 1397 totum
1162 1350 1329 1397 orbem
1352 1359 1593 1398 terrarum

210 1427 570 1484 disseminatus,
596 1433 743 1490 caput
778 1426 962 1473 habens
991 1426 1043 1472 in
1078 1425 1213 1473 coelis
1235 1425 1394 1488 ipsum
1426 1425 1594 1473 Jaenm

210 1503 478 1560 Christum,
499 1501 679 1549 dicitur
697 1509 747 1549 et
765 1510 839 1549 est
854 1516 971 1548 vera
994 1500 1199 1548 ecclesia
1221 1500 1596 1548 catholicissima

208 1586 260 1628 et
275 1578 452 1633 unica;
487 1578 572 1625 illa
594 1593 788 1641 quoqne
811 1585 903 1635 est,
927 1576 979 1623 in
1002 1592 1149 1640 quam
1174 1575 1374 1624 credere
1396 1576 1595 1639 profite-

208 1670 320 1703 mur
341 1654 394 1702 in
415 1653 530 1701 fidei
554 1653 790 1717 symbolo.
843 1652 991 1700 Nulla
1012 1653 1143 1700 enim
1167 1652 1264 1700 alia
1285 1660 1360 1700 est
1381 1660 1469 1700 aut
1490 1667 1596 1699 esse

207 1737 373 1794 potaet
390 1728 598 1776 ecclesia
615 1728 873 1786 catholica,
890 1728 931 1775 si
954 1727 1102 1775 modo
1120 1727 1363 1775 catholica
1377 1735 1597 1775 sumatur

209 1821 301 1870 pro
323 1805 551 1853 omnibns
574 1804 719 1852 simul
743 1804 1049 1852 Christianis.
1086 1804 1144 1851 In
1163 1803 1450 1851 Christianis
1465 1804 1595 1851 enim

210 1881 507 1939 civitatibus,
529 1896 737 1943 regnum
773 1888 824 1927 et
861 1879 1067 1927 ecclesia
1100 1879 1309 1943 populus
1342 1879 1473 1927 idem
1506 1887 1593 1927 est.

212 1955 386 2018 Itaque
425 1955 467 2003 si
505 1954 650 2002 alicui
695 1955 746 2002 in
787 1954 930 2002 terris
967 1954 1335 2011 concederetur,
1372 1962 1430 2001 ut
1468 1962 1595 2002 aeset

211 2030 365 2078 totius
387 2030 603 2078 eccloeiae
624 2030 915 2078 Christianae
938 2039 1103 2094 caput,
1129 2029 1288 2077 eidem
1311 2029 1455 2077 simul
1479 2045 1594 2076 con-

212 2105 470 2154 oederetur
498 2113 556 2153 ut
587 2114 715 2154 oeset
736 2121 1001 2168 regnorum
1038 2114 1089 2153 et
1124 2105 1594 2168 rerumpublicarum

212 2180 431 2229 omnium
452 2196 554 2228 rex.

278 2255 344 2304 A.
380 2255 621 2305 Quaenam
644 2264 788 2303 erant
809 2255 893 2303 illa
916 2255 1148 2319 dogmata
1170 2255 1232 2302 ab
1255 2253 1473 2301 ecclesiis
1495 2254 1595 2317 pri-

213 2330 394 2379 mitivis
416 2330 672 2394 appellatae
696 2330 914 2379 hoereses
934 2331 951 2379 ἓ

281 2406 348 2454 Β.
382 2406 519 2453 Inter
554 2405 735 2454 multas
774 2406 892 2454 alias
937 2407 1196 2470 praecipuae
1232 2405 1447 2462 fuerunt,
1487 2419 1596 2468 quae

212 2481 524 2546 pertinebant
538 2479 602 2528 ad
620 2480 896 2530 doctrinam
913 2482 1302 2544 Trinitatis‚quae
1319 2481 1597 2528 continetur

214 2558 266 2605 in
288 2556 403 2604 fidei
426 2556 644 2619 symbolo
668 2555 874 2605 Niceno.
934 2557 1080 2606 Quod
1105 2556 1300 2620 quidem
1324 2555 1596 2620 symbolum

214 2630 446 2679 constitui
482 2630 631 2693 coepit
666 2630 717 2677 in
753 2630 976 2681 Concilio
1011 2631 1335 2679 OEcumenico
1374 2631 1596 2686 Niceno;

214 2705 493 2755 absolutum
517 2713 680 2752 autem
698 2713 773 2753 est
795 2722 827 2753 a
849 2707 1005 2755 tribus
1022 2706 1254 2755 Conciliis
1268 2706 1597 2754 OEcumenicis

214 2780 546 2845 sequentibus,
566 2795 741 2843 nempe
759 2781 1316 2845 Constantinopolitano,
1334 2781 1596 2844 Ephesino,

215 2855 616 2914 chalcedonensi,
639 2863 691 2903 et
724 2856 786 2904 ab
810 2857 1184 2921 imperatoribus
1222 2857 1455 2905 Romanis
1490 2856 1597 2904 illo-

1654 392 1757 424 CAP.
1778 392 1828 425 11.

1647 488 1691 516 De
1704 488 1816 517 herai.
