1968 3236
396 289 493 332 268
717 298 788 331 DE
816 297 1072 331 CIVITATE
1101 297 1452 331 CHRISTIANA.

113 434 215 466 CAp
225 435 376 468 xxxn
397 411 515 475 quia
552 410 771 457 loeuutus
803 415 894 468 est,
919 416 972 456 ut
995 425 1079 456 vos
1103 415 1355 458 averteret
1375 427 1406 458 α
1430 408 1640 457 Domino
1664 407 1776 455 Deo

156 492 339 510 “ae—Y-—d

153 530 198 558 De
183 531 287 568 eitipol
290 541 330 559 coe

154 573 328 602 Christiana}

153 618 309 655 principiis.

397 494 576 534 vestra
648 486 704 532 In
727 485 801 532 his
825 485 984 532 verbis
1008 485 1226 532 notanda
1258 485 1353 533 duo
1377 492 1503 533 sunt.
1547 484 1776 540 Primum,

398 562 527 626 quod
574 562 704 608 Deus
746 561 1089 608 miraculorum
1124 562 1454 623 operationem
1489 560 1642 608 solam
1685 575 1777 643 pro

397 646 516 686 nota
548 637 799 700 prophetae
822 636 926 684 veri
960 636 1127 684 haberi
1162 652 1261 684 non
1285 637 1402 694 vult,
1427 636 1513 684 sed
1537 635 1668 699 quod
1690 634 1779 682 mi-

397 713 615 761 raculum
638 713 742 760 fieri
764 713 964 776 patitur,
989 720 1046 759 ut
1069 712 1390 759 constantiam
1410 711 1576 775 populi
1600 710 1675 758 sui
1699 725 1779 757 ex-

397 789 666 852 perimento
687 795 857 836 tentet.
927 788 1168 836 Miracula
1196 788 1418 835 fecerunt
1442 787 1588 835 etiam
1612 786 1780 834 incan-

398 872 579 912 tatores
598 864 845 927 AEgyptii:
869 880 969 911 non
1006 871 1168 911 tamen
1203 863 1296 911 illis
1332 862 1627 911 credendum
1659 866 1778 908 erat.

401 939 692 997 Secundum,
719 939 851 1001 quod
886 939 1195 1002 quantumvis
1231 955 1462 1002 magnum
1486 938 1550 986 sit
1573 937 1782 984 miracu-

397 1016 513 1072 lum,
540 1015 579 1062 si
603 1014 773 1062 tendat
796 1023 960 1062 tamen
979 1014 1042 1062 ad
1066 1014 1381 1062 rebellionem
1405 1021 1576 1062 contra
1598 1028 1780 1076 regem,

398 1090 528 1138 aliud
550 1106 650 1138 non
675 1098 748 1137 est
770 1098 950 1152 praeter
967 1090 1214 1137 fidelitatis
1237 1089 1403 1153 populi
1425 1088 1780 1153 probationem.

400 1166 646 1224 Similiter,
670 1173 927 1229 postquam
953 1166 1184 1214 Servator
1208 1173 1373 1214 noster
1395 1166 1423 1213 J
1428 1181 1536 1213 esus
1561 1163 1782 1212 Christus

397 1257 486 1304 pro
510 1258 624 1289 vero
651 1242 881 1299 Messiah,
916 1241 968 1288 id
1007 1249 1080 1289 est
1114 1257 1203 1304 pro
1238 1257 1353 1304 rege
1377 1257 1406 1288 a
1430 1239 1678 1303 discipulis
1701 1254 1784 1302 ag-

398 1317 527 1365 nitus
558 1325 699 1376 esset,
720 1332 918 1365 monere
951 1317 1058 1364 illos
1094 1316 1154 1364 de
1188 1316 1532 1364 miraculorum
1565 1314 1784 1379 periculo

398 1409 498 1440 non
527 1393 705 1440 omisit.
773 1392 964 1450 Nolite,
989 1392 1161 1455 inquit,
1190 1392 1389 1453 (Matth.
1415 1391 1544 1439 xxiv.
1570 1396 1651 1449 23,
1676 1391 1783 1451 24),

401 1468 607 1515 eredere
623 1486 641 1522 ,·
677 1474 886 1532 surgent
921 1467 1046 1515 enim
1077 1466 1456 1532 pseudochristi
1487 1472 1536 1514 et
1563 1465 1784 1530 pseudo-

396 1543 676 1607 prophetae,
697 1550 746 1591 et
765 1542 952 1590 dabunt
975 1543 1126 1607 signa
1150 1558 1334 1606 magna
1359 1548 1409 1589 et
1422 1540 1692 1606 prodigia,
1709 1540 1786 1588 ita

403 1625 455 1665 ut
498 1619 546 1665 in
587 1634 806 1666 errorem
841 1618 1156 1676 inducantur,
1188 1618 1233 1664 si
1253 1617 1381 1679 fieri
1409 1622 1599 1682 potest,
1635 1616 1786 1663 etiam

404 1693 565 1741 electi.
636 1694 778 1741 Unde
804 1700 996 1741 constat
1030 1693 1136 1740 fieri
1166 1709 1306 1756 posse
1330 1692 1564 1740 miracula
1587 1691 1732 1739 etiam
1757 1707 1787 1740 a

404 1769 852 1832 pseudoprophetis,
876 1786 967 1817 nec
984 1777 1148 1817 tamen
1167 1776 1221 1816 ut
1245 1768 1466 1816 doctrina
1498 1783 1667 1815 eorum
1696 1782 1788 1830 pro

406 1845 553 1891 verbo
570 1844 658 1891 Dei
677 1844 953 1907 recipienda
969 1844 1046 1892 sit.
1070 1845 1133 1891 Et
1153 1844 1360 1891 Sanctus
1375 1842 1550 1890 Paulus
1569 1841 1633 1890 ad
1647 1841 1788 1889 Gala-

406 1926 482 1967 tas
511 1920 635 1982 (cap.
660 1920 691 1967 i.
715 1936 836 1967 vers.
863 1920 939 1982 8):
983 1919 1040 1967 Si
1072 1936 1182 1985 eg0,
1215 1926 1304 1967 aut
1335 1918 1546 1984 angelus
1579 1917 1642 1966 de
1664 1915 1787 1964 eoelo

409 1995 714 2058 evangelium
750 1995 894 2043 aliud
915 1995 1275 2061 proedieaverit
1309 1994 1444 2042 vobis
1474 2010 1620 2058 quam
1655 1992 1794 2057 quod

410 2086 504 2134 ego
528 2070 826 2133 proedz’eavi,
854 2071 1118 2119 anathema
1142 2071 1225 2118 sit.
1297 2069 1430 2119 Quid
1466 2076 1629 2117 autem
1665 2075 1787 2127 erat,

411 2145 541 2208 quod
560 2145 907 2208 praedicaverat
927 2147 1118 2206 Paulus,
1137 2146 1231 2194 nisi
1250 2146 1382 2209 quod
1397 2146 1425 2194 J
1429 2161 1537 2193 esus
1563 2144 1788 2192 Christus

410 2228 516 2268 erat
547 2236 632 2267 rex
660 2221 976 2269 Judaeorum?
1047 2222 1183 2269 Adeo
1218 2230 1275 2269 ut
1314 2220 1598 2285 praedicatio
1632 2219 1790 2268 omnis

410 2303 583 2343 contra
604 2305 896 2359 potestatem
922 2299 1121 2361 regiam,
1138 2299 1280 2361 juxta
1303 2297 1594 2346 sententiam
1620 2295 1789 2344 Sancti

411 2371 560 2429 Pauli,
580 2372 1033 2420 anathematizanda
1056 2373 1134 2420 sit.

477 2447 614 2494 Sicut
648 2454 808 2494 autem
844 2448 1183 2495 miraculorum
1221 2448 1456 2512 operatio,
1482 2447 1522 2495 si
1546 2446 1788 2502 doctrina,

410 2539 556 2586 quam
580 2530 806 2586 operator
840 2523 1149 2571 introducere
1185 2532 1406 2582 conatur,
1443 2523 1693 2571 contraria
1725 2522 1790 2570 sit

410 2598 645 2646 doctrinae
664 2599 766 2661 jam
790 2614 819 2644 a
843 2598 946 2644 Deo
971 2598 1238 2654 institutae3
1282 2600 1352 2647 ita
1390 2614 1516 2646 verae
1553 2597 1790 2646 doctrinae

409 2673 707 2738 praedicatio,
749 2673 851 2720 sine
887 2672 1106 2720 miraculi
1147 2675 1445 2736 operatione,
1481 2672 1789 2722 revelationis

411 2749 703 2797 immediatae
727 2747 919 2811 signum
940 2755 1013 2795 est
1037 2748 1345 2798 insufficiens.
1383 2751 1552 2813 Itaque
1572 2749 1656 2813 qui
1674 2750 1790 2798 doc-

410 2826 588 2873 trinam
611 2840 774 2873 veram
798 2823 1046 2887 praedicat,
1084 2825 1123 2871 si
1159 2825 1261 2872 sine
1298 2826 1413 2874 dato
1441 2824 1674 2874 miraculo
1698 2823 1790 2872 sibi

412 2901 542 2948 credi
567 2909 622 2948 ut
635 2900 883 2964 prophetae
908 2899 1191 2963 postularet,
1215 2901 1484 2949 audiendus
1507 2916 1606 2949 non
1631 2907 1788 2948 esset:

412 2983 466 3023 ut
502 2984 638 3038 patet
673 2992 731 3023 ex
763 2975 905 3023 Deut.
944 2974 1074 3022 xviii.
1108 2981 1187 3033 21,
1216 2981 1309 3031 22;
1363 2976 1510 3032 Quod
1544 2976 1591 3023 si
1628 2974 1790 3023 tacita
