1968 3236
498 251 570 285 DE
597 251 855 287 CIVITATF,
882 253 1241 288 CHRISTIANA.
1461 245 1559 295 367

178 361 491 427 oohaeretque
515 379 627 411 cum
650 365 945 413 authoritate
968 365 1264 429 baptizandi.
1318 366 1408 414 Est
1431 367 1561 414 enim
1593 388 1697 421 cn,
1714 388 1828 422 xm.

176 437 447 501 baptismus
469 439 734 498 fidelitatis,
759 441 852 488 illis
877 442 958 504 qui
991 442 1041 489 in
1076 457 1282 506 regnum
1316 442 1405 490 Dei
1441 443 1563 490 reci-
1613 443 1810 517 m

175 512 342 577 piendi
366 522 495 571 sunt,
520 525 893 564 sacramentum.
944 517 1081 565 Sicut
1105 518 1234 565 enim
1255 518 1356 565 vita
1378 526 1564 566 aeterna
1611 522 1813 552 “elffissfist

176 603 267 652 per
309 590 501 652 peccati
547 592 952 651 commissionem,
988 594 1165 641 amissa
1199 601 1335 648 erat3
1371 594 1442 642 ita
1476 610 1564 657 per

177 672 491 727 peccatorum
530 667 879 724 remissionem,
920 669 1254 732 recuperanda
1276 676 1364 717 est.
1434 670 1565 718 Finis

178 754 297 802 ergo
343 740 570 804 baptismi
610 750 684 790 est
729 752 1041 806 peccatorum
1087 745 1321 793 remissio.
1393 746 1564 809 Itaque

181 814 232 863 S.
259 815 444 874 Petrus,
468 816 577 874 illis,
602 818 684 880 qui
719 818 797 866 die
823 820 1131 868 Pentecostes
1154 821 1216 869 ab
1239 820 1323 868 illo
1346 821 1566 868 conversi

182 899 341 949 erant,
374 892 490 955 quid
515 893 734 942 facerent
757 895 821 942 ad
852 896 1004 943 vitam
1041 904 1274 945 aeternam
1297 896 1567 960 adipiscen-

180 965 295 1015 dam
308 970 652 1031 quaerentibuS,
671 971 923 1034 respondit
942 973 1074 1033 (Aet.
1090 972 1140 1020 ii.
1158 974 1260 1034 38):
1280 972 1565 1019 Poenitemi-

179 1041 249 1097 ni,
277 1049 328 1089 et
351 1042 679 1107 baptizamini
704 1045 754 1092 in
779 1047 968 1094 nomine
991 1047 1113 1094 Jesn
1138 1047 1210 1095 acl
1232 1047 1566 1095 remissionem

171 1124 513 1181 peccatorum.
597 1121 669 1167 Ex
699 1137 774 1177 eo,
798 1122 930 1184 quod
952 1123 1201 1187 baptizare
1224 1130 1297 1170 est
1321 1123 1567 1171 declarare

178 1202 432 1256 receptum
465 1210 570 1242 esse
602 1195 904 1259 baptizatum
943 1198 994 1245 in
1018 1215 1223 1262 regnum
1248 1199 1355 1257 Dei,
1380 1206 1430 1246 et
1443 1199 1569 1262 bap-

0 1330 4 1335 ·
178 1268 379 1316 tismum
402 1285 581 1332 negare
606 1279 681 1318 est
710 1271 957 1320 declarare
982 1289 1008 1320 e
1039 1290 1192 1337 regno
1216 1274 1307 1322 Dei
1332 1274 1569 1322 exclusio-

0 1343 9 1420 }
179 1359 310 1402 nem,
334 1345 556 1407 sequitur
577 1355 870 1409 potestatem
895 1349 1187 1412 receptionis
1211 1358 1262 1397 et
1279 1349 1569 1397 exclusionis

0 1421 10 1446 ⁵'·
180 1418 346 1467 datam
370 1435 475 1468 esse
498 1422 732 1484 apostolis
756 1430 806 1471 et
830 1425 1191 1472 suecessoribus
1215 1425 1329 1472 suis.
1396 1425 1569 1488 Itaque

182 1494 415 1543 Servator
437 1503 605 1544 noster
626 1505 886 1561 postquam
910 1499 961 1546 in
986 1498 1094 1547 illos
1118 1500 1363 1563 spirasset,
1382 1500 1571 1548 addidit

179 1569 310 1631 (Joh.
329 1586 410 1618 xx.
431 1573 517 1633 22)
535 1590 546 1618 :
573 1572 812 1637 Accipite
837 1573 1081 1637 Spiritum
1102 1574 1335 1622 Sanctum
1351 1593 1370 1630 ;
1394 1583 1444 1622 et
1462 1591 1570 1623 ver-

180 1660 242 1693 su
275 1646 519 1710 proximo,
558 1647 964 1712 Quornmcunque
997 1656 1214 1713 peccata
1254 1650 1569 1708 remiseritis,

180 1721 503 1768 remittuntur
538 1721 664 1778 illis,
688 1729 739 1770 et
775 1740 1172 1789 quorumcunque
1201 1732 1423 1789 peccata
1447 1726 1571 1773 reti-

182 1795 415 1854 nueritis,
462 1797 759 1845 retinentur.
848 1798 1039 1847 Quibus
1077 1800 1239 1847 verbis
1285 1801 1571 1849 conceditur

181 1870 455 1919 authoritas
502 1880 707 1935 peccata
751 1873 1034 1921 remittendi
1079 1883 1131 1922 et
1175 1875 1418 1923 retinendi
1471 1892 1571 1923 non

182 1946 470 2010 simpliciter
511 1956 562 1995 et
602 1948 837 2007 absolute,
876 1949 1004 1997 sicut
1038 1959 1242 2013 peccata
1277 1951 1485 1999 remittit
1521 1959 1572 1999 et

183 2021 381 2080 retinet,
404 2023 489 2085 qui
519 2023 682 2071 cordis
720 2024 921 2072 humani
957 2025 1131 2074 intima
1175 2034 1226 2074 et
1269 2027 1571 2089 poenitentiae

183 2096 671 2157 sinceritatemvidet‚
681 2099 834 2155 Deus;
853 2100 941 2148 sed
959 2101 1371 2161 conditionaliter,
1379 2118 1571 2166 nempe,

185 2171 229 2219 si
249 2187 365 2220 vere
387 2174 720 2236 poenituerint.

253 2247 417 2311 Atque
439 2248 545 2296 haec
568 2250 808 2298 absolutio
831 2251 940 2311 illis,
961 2253 1045 2316 qui
1067 2252 1403 2316 poenitentiam
1425 2253 1572 2300 simu-

190 2322 312 2380 lant,
346 2323 451 2371 sine
495 2325 628 2372 omni
673 2326 969 2375 absolventis
1004 2329 1261 2385 sententia,
1297 2328 1437 2375 irrita
1482 2335 1571 2387 est,

187 2413 349 2461 neque
366 2398 431 2446 ad
448 2399 655 2448 salutem
674 2401 874 2450 omnino
898 2403 1043 2463 valet,
1067 2404 1154 2451 sed
1178 2413 1351 2452 contra
1373 2403 1436 2450 ad
1458 2419 1571 2466 pec-

187 2473 288 2521 eati
311 2474 723 2536 aggravationem.
791 2478 1013 2541 Apostoli
1049 2495 1167 2542 ergo
1197 2488 1248 2526 et
1270 2494 1440 2525 eorum
1463 2494 1571 2526 sue-

0 2565 9 2616 ἶ
187 2562 406 2596 cessores
425 2550 728 2612 poenitentiae
750 2560 890 2601 notas
917 2554 1183 2602 exteriores
1213 2562 1405 2602 tantum
1436 2554 1574 2617 sequi

0 2619 9 2672 Ξ
189 2622 463 2678 debebant;
514 2632 564 2672 et
599 2625 694 2673 illis
737 2628 1097 2691 apparentibus,
1135 2636 1429 2692 potestatem
1473 2644 1574 2676 non

0 2674 14 2766 ζμ
191 2697 473 2746 absolvendi
512 2699 697 2749 nullam
729 2701 1037 2758 habuerunt;
1079 2720 1178 2751 non
1209 2703 1572 2767 apparentibus,

192 2771 444 2821 absolvere
478 2789 579 2822 non
611 2782 891 2838 potuerunt.
960 2777 1096 2825 Idem
1131 2778 1278 2825 etiam
1313 2777 1574 2826 dicendum

193 2854 272 2896 est
294 2847 355 2896 de
376 2849 619 2913 baptismo
640 2869 652 2897 :
686 2866 802 2900 nam
822 2852 997 2901 Jndaeo
1020 2861 1106 2901 aut
1141 2853 1317 2901 Graeeo
1339 2852 1404 2901 ad
1425 2852 1573 2902 fidem
