1968 3236
434 218 525 261 188
928 228 999 261 DE
1028 228 1305 262 elvl'rATE.

154 361 257 394 0Ap,
274 362 405 395 xxw,
425 340 570 398 bona,
597 344 646 386 et
687 339 735 385 in
774 354 893 401 quas
928 346 1100 398 terras,
1126 340 1244 388 civis
1279 341 1356 388 vel
1380 341 1559 390 civium
1583 357 1817 390 numerus

178 416 367 439 s-—f-d

142 463 188 491 De
201 463 326 492 civitatis
340 463 377 491 sa-

428 414 704 478 quicunque
730 414 1023 476 exportabit,
1059 422 1109 462 et
1141 431 1250 477 quae
1273 415 1574 479 importabit,
1601 417 1817 465 definire.

143 506 251 534 onitate
261 507 403 535 nutritiva
428 490 557 537 Nam
582 488 622 535 si
646 487 908 551 unicuique
932 488 983 536 in
1007 488 1100 536 hac
1123 505 1176 536 re
1213 505 1299 538 suo
1328 490 1478 554 ipsius
1502 491 1704 539 arbitrio
1745 491 1819 539 uti

143 553 173 577 et
184 550 360 587 generativa.

427 565 811 628 permitteretur,
852 580 952 612 non
1000 564 1224 613 deessent
1266 567 1349 628 qui
1393 567 1516 614 lucri
1558 567 1632 614 sui
1674 583 1820 614 causa

427 640 651 688 hostibus
687 655 745 687 ea
767 639 1051 698 venderent,
1078 641 1253 703 quibus
1279 642 1466 689 civitati
1490 658 1669 690 nocere
1708 658 1820 706 pos-

429 723 553 775 sent,
580 731 734 778 eaque
758 716 1081 778 importarent
1101 732 1209 779 quae
1230 717 1415 764 civibus
1438 717 1643 765 fortasse
1660 724 1817 780 grata,

429 792 515 840 sed
538 791 684 838 noxia
706 791 783 839 vel
808 792 980 839 saltem
1004 792 1197 839 inutilia
1221 800 1398 840 essent.
1468 793 1548 840 Ad
1578 809 1819 840 summam

429 884 545 931 ergo
591 874 888 930 potestatem
934 867 1150 930 pertinet
1196 875 1302 915 tum
1349 868 1410 916 de
1444 868 1564 916 locis
1610 876 1717 916 tum
1758 867 1819 916 de

428 942 633 991 materia
650 941 935 1005 negotiandi
959 943 1270 990 constituere.

495 1020 752 1076 Praeterea,
778 1034 890 1065 cum
915 1018 1100 1065 civibus
1124 1019 1240 1066 satis
1266 1034 1364 1066 non
1389 1018 1449 1066 sit
1472 1018 1695 1082 proprios
1728 1019 1821 1067 sibi

427 1094 608 1142 habere
632 1109 776 1157 agros
801 1100 851 1141 et
874 1101 1009 1141 certa
1030 1094 1176 1153 bona,
1200 1094 1295 1141 nisi
1321 1101 1371 1141 et
1395 1110 1452 1142 ea
1474 1095 1687 1142 habeant
1711 1110 1820 1158 quae

426 1186 514 1233 per
545 1178 742 1217 mutuos
778 1176 1062 1217 contractus
1099 1177 1417 1228 commutent,
1442 1177 1590 1233 prout
1614 1170 1819 1234 singulis

428 1246 491 1294 ad
535 1247 659 1293 bene
704 1245 965 1294 vivendum
1010 1246 1339 1293 necessarium
1385 1245 1630 1293 videbitur
1650 1266 1662 1301 ;
1720 1245 1816 1293 hoc

429 1339 622 1386 quoque
636 1322 687 1369 in
711 1338 913 1369 summae
930 1322 1187 1385 potestatis
1212 1321 1413 1369 arbitrio
1439 1329 1527 1379 est,
1549 1337 1646 1384 quo
1672 1321 1820 1369 modo

430 1407 479 1446 et
501 1398 661 1446 forma
683 1398 971 1445 contrahere
991 1398 1202 1445 debeant
1221 1398 1351 1446 cives
1371 1397 1566 1460 quando
1582 1397 1820 1456 vendunt,

430 1481 614 1532 emunt,
640 1481 846 1532 mutant,
878 1481 1048 1522 mutuo
1086 1474 1336 1536 accipiunt
1373 1482 1423 1521 et
1461 1474 1595 1531 dant,
1637 1474 1819 1532 locant,

429 1557 479 1597 et
492 1549 754 1597 locandum
779 1557 993 1608 sumunt,
1017 1558 1073 1597 ut
1098 1565 1206 1612 quae
1231 1549 1419 1597 faciunt
1445 1550 1606 1597 valida
1623 1549 1735 1597 sint.

495 1625 657 1687 Atque
684 1624 790 1672 haec
815 1624 875 1671 de
899 1624 1103 1672 materia
1126 1631 1174 1671 et
1199 1624 1540 1672 distributione
1564 1624 1822 1672 alimento-

430 1716 538 1747 rum
565 1699 887 1762 publicorum,
911 1715 1000 1762 pro
1024 1698 1235 1747 instituti
1259 1699 1417 1762 operis
1443 1699 1656 1757 modulo,
1690 1698 1822 1748 dicta

431 1776 686 1824 sufficiant.

497 1852 588 1899 Per
635 1851 994 1899 concoct-ionem
1034 1850 1255 1915 intelligo
1295 1851 1540 1898 bonorum
1584 1850 1820 1907 omnium,

431 1944 541 1991 quae
564 1943 664 1975 non
688 1927 817 1974 illico
853 1926 1185 1975 consumenda
1227 1934 1339 1974 sunt
1376 1926 1462 1974 sed
1487 1925 1822 1974 conservanda

431 2003 494 2051 ad
539 2002 825 2050 alimentum
870 2001 1106 2060 futurum,
1145 2001 1483 2048 reductionem
1529 2001 1593 2049 ad
1637 2000 1822 2064 aliquid

431 2077 579 2141 quod,
606 2094 717 2125 cum
741 2077 867 2125 tanti
886 2077 1082 2140 quidem
1099 2077 1177 2133 sit,
1192 2077 1382 2124 facilius
1398 2094 1427 2124 a
1445 2077 1552 2124 loco
1571 2077 1635 2124 ad
1657 2076 1821 2125 locum

431 2153 684 2202 transferri
707 2153 888 2216 possit;
925 2168 986 2199 ne
1020 2152 1198 2200 civium
1238 2159 1398 2200 motus
1439 2151 1822 2200 necessariarum

431 2245 594 2277 rerum
639 2228 854 2292 pondere
896 2228 1206 2292 impediatur,
1248 2236 1400 2292 utque
1443 2228 1493 2275 in
1531 2228 1664 2276 omni
1710 2227 1821 2276 loco

431 2305 663 2352 alimenta
699 2304 818 2352 civis
854 2304 1183 2366 unusquisque
1220 2303 1399 2351 habeat
1442 2303 1501 2351 de
1534 2319 1638 2351 suo.
1709 2303 1822 2352 Hoc

431 2388 596 2428 autem
635 2387 869 2444 praestare
914 2379 1035 2427 nihil
1067 2386 1243 2442 potest,
1282 2387 1460 2443 praeter
1506 2395 1567 2427 ex
1603 2394 1723 2427 auro
1770 2386 1823 2427 et

431 2463 636 2518 argento
660 2462 924 2503 monetam.
995 2454 1248 2517 Contingit
1271 2454 1401 2502 enim
1424 2470 1512 2518 per
1535 2461 1696 2502 totum
1718 2453 1822 2502 fere

432 2539 674 2579 terrarum
689 2531 874 2588 orbem,
901 2529 998 2578 duo
1022 2530 1144 2586 haec,
1169 2545 1343 2577 aurum
1362 2538 1411 2578 et
1426 2536 1701 2593 argentum,
1720 2544 1822 2577 non

433 2607 578 2655 modo
600 2621 787 2654 summe
805 2604 1034 2654 aestimari
1053 2613 1255 2668 propter
1272 2606 1530 2653 materiam
1547 2605 1720 2669 ipsam,
1734 2604 1822 2652 sed

433 2699 538 2731 esse
558 2682 708 2730 etiam
731 2682 973 2729 bonorum
993 2687 1281 2728 caeterorum
1304 2681 1521 2728 omnium
1540 2695 1821 2728 mensuram

433 2757 888 2807 commodissimam.
959 2756 1096 2804 Intra
1140 2755 1295 2819 ipsam
1334 2756 1531 2819 quidem
1571 2755 1821 2804 civitatem

434 2841 632 2883 moneta
655 2834 985 2897 cujuscunque
1009 2831 1242 2891 materiae,
1279 2832 1424 2881 modo
1448 2834 1588 2896 signo
1623 2830 1822 2896 publico
