1910 3236
695 232 764 265 nn
791 233 1067 267 cwrrxrn.
1491 224 1582 266 133

115 407 121 415 .
191 342 424 391 terfectns
446 351 531 391 aut
569 359 859 407 quocunque
896 344 1134 408 supplicio
1175 344 1378 391 affectus
1418 342 1580 401 fuerit,
1607 366 1710 398 eff,
1726 366 1864 399 xvm,

191 418 415 482 supplicii
440 419 622 482 proprii
639 420 816 467 author
834 430 962 467 esset
984 442 996 474 ;
1022 427 1072 467 et
1096 419 1211 483 quia
1234 419 1471 483 injustum
1491 426 1565 466 est

1637 421 1826 442 ω--Ὗῌ

1568 455 1581 475 ’
1601 458 1726 494 Dejure
1740 458 1789 487 ba-

191 493 325 558 quod
361 494 584 542 facientis
625 495 775 558 ipsius
810 495 1108 542 authoritate
1132 494 1294 558 puniri
1319 502 1498 557 potest,
1524 509 1581 540 eo
1598 502 1731 529 hominm
1746 506 1837 539 ⁹0oe»

1599 549 1686 573 mem
1701 554 1844 573 summum

192 585 387 633 quoque
411 570 607 617 nomine
633 570 856 632 injustus.
896 570 1042 619 Quod
1057 579 1221 618 autem
1236 569 1365 617 cives
1383 568 1582 632 quidam
1599 588 1630 616 in
1644 588 1761 615 cavinam
1774 597 1827 625 pa

190 645 511 694 contumaciae
529 656 723 709 paetum
746 645 1112 708 praetenderunt
1130 660 1328 702 novum,
1347 660 1445 692 non
1470 660 1583 692 cum

190 720 468 768 hominibus
488 721 573 769 sed
592 738 702 768 cum
721 722 824 769 Deo
843 722 1036 778 initum,
1057 721 1107 768 id
1130 736 1324 784 quoque
1348 720 1582 783 injustum

190 804 312 844 erat.
383 796 586 844 Pactum
611 797 740 844 enim
765 813 876 843 cum
899 797 1002 844 Deo
1027 785 1139 844 iniri
1163 812 1261 843 non
1284 803 1465 859 potest,
1489 796 1583 844 nisi

192 871 440 919 mediante
459 873 623 934 aliquo
639 873 721 935 qui
742 873 896 920 Deum
919 879 1259 935 repraesentat:
1283 870 1335 919 id
1355 871 1487 935 quod
1505 888 1582 920 so-

188 946 265 995 lus
281 946 400 994 facit
416 948 472 1004 is,
498 948 580 1010 qui
606 963 844 994 summam
862 948 951 995 sub
974 947 1077 995 Deo
1091 947 1242 994 habet
1263 955 1579 1010 potestatem.

190 1021 288 1070 Sed
305 1023 568 1086 praetensio
594 1023 677 1070 illa
695 1024 827 1086 pacti
843 1039 954 1070 cum
972 1023 1092 1081 Deo,
1108 1022 1422 1070 manifestum
1442 1039 1580 1071 men-

189 1097 383 1145 dacium
399 1107 520 1155 erat,
539 1114 696 1161 neque
712 1099 947 1161 injustum
962 1106 1170 1156 tantum,
1189 1097 1274 1145 sed
1294 1098 1581 1146 vilissimum

188 1172 372 1221 factum
397 1189 502 1220 esse
527 1182 865 1236 cognoverunt
889 1173 981 1237 ipsi
1004 1172 1379 1236 praetendentes.

191 1287 198 1293 .
257 1249 502 1306 Secundo,
521 1265 711 1297 summa
724 1257 939 1312 potestas
962 1258 1164 1312 propter
1187 1249 1364 1296 malam
1388 1249 1582 1312 reipub-

189 1323 297 1371 licae
331 1324 804 1372 administrationem
839 1325 1039 1372 habenti
1084 1325 1190 1373 tolli
1236 1341 1336 1372 non
1382 1333 1546 1388 potest
1566 1346 1579 1379 ;

188 1398 363 1462 primo,
399 1399 527 1462 quia,
553 1415 666 1446 cum
699 1400 849 1447 totius
890 1400 1103 1448 civitatis
1141 1415 1411 1463 personam
1423 1408 1580 1463 gerat,

188 1490 298 1538 quae
321 1483 375 1522 ut
399 1483 539 1522 actor
561 1475 681 1523 facit
704 1476 800 1534 ille,
819 1483 874 1523 ut
897 1476 1076 1523 author
1093 1475 1211 1523 facit
1229 1476 1416 1524 civitas.
1455 1475 1579 1524 Quis

185 1558 351 1598 autem
375 1558 463 1607 est,
488 1550 571 1613 qui
595 1550 843 1598 civitatem
868 1566 1003 1598 ream
1037 1551 1222 1599 faciet?
1294 1550 1484 1598 Deinde
1521 1551 1577 1608 is,

188 1625 241 1673 in
266 1641 413 1688 quem
453 1625 706 1673 confertur
741 1634 960 1690 potestas
1002 1643 1206 1686 summa,
1232 1643 1344 1675 cum
1386 1627 1581 1675 nemine

184 1701 453 1765 paciscitur
477 1701 835 1749 conferentium
855 1723 867 1756 ;
905 1711 956 1750 et
978 1702 1185 1766 proinde
1204 1703 1387 1750 nemini
1411 1718 1580 1750 eorum

186 1776 414 1840 injuriam
445 1785 606 1840 potest
636 1777 798 1825 facere
822 1785 1024 1841 propter
1046 1794 1193 1840 quam
1227 1786 1471 1841 potestate
1494 1794 1582 1825 sua

184 1851 476 1915 privaretur.
548 1853 648 1900 Aut
683 1853 814 1900 enim
850 1862 1024 1916 pactus
1048 1862 1122 1901 est
1146 1870 1260 1901 cum
1285 1862 1392 1902 tota
1414 1854 1579 1901 multi-

184 1926 356 1974 tudine
390 1927 529 1990 quasi
563 1943 676 1975 cum
714 1944 815 1975 una
848 1944 1085 1991 persona;
1123 1929 1254 1991 quod
1289 1945 1388 1977 non
1419 1929 1581 1992 potuit

185 2002 294 2050 fieri
324 2010 587 2065 antequam
611 2003 889 2066 eligeretur,
918 2004 1030 2067 quia
1056 2004 1320 2052 multitudo
1361 2004 1444 2052 illa
1484 2020 1581 2051 una

185 2093 397 2143 persona
410 2078 628 2126 nondum
654 2088 787 2127 erat:
824 2087 910 2127 aut
933 2096 1043 2127 cum
1064 2080 1268 2143 singulis
1286 2080 1503 2138 seorsim,
1529 2089 1580 2125 et

186 2153 275 2209 sic,
299 2153 443 2201 simul
466 2162 614 2217 atque
639 2154 823 2202 electus
857 2163 947 2212 est,
972 2155 1305 2218 unusquisque
1331 2155 1469 2202 malae
1493 2154 1580 2201 ad-

185 2228 573 2286 ministrationis,
594 2231 733 2292 cujus
748 2246 884 2278 reum
904 2230 1092 2278 faciunt
1106 2230 1259 2287 illum,
1274 2230 1453 2277 author
1476 2229 1579 2292 ipse

186 2313 264 2352 est
303 2312 354 2352 et
392 2312 591 2352 accusat
633 2305 860 2368 seipsum.
931 2305 1068 2353 Velle
1102 2322 1220 2368 ergo
1254 2305 1411 2368 pactis
1442 2303 1578 2351 illum

186 2379 420 2444 obligare,
445 2380 529 2443 qui
552 2397 789 2428 summam
813 2381 962 2429 habet
990 2389 1300 2444 potestatem,
1326 2388 1399 2427 est
1425 2379 1578 2442 ipsam

187 2454 434 2503 civitatem
481 2455 699 2519 obligare
744 2456 883 2503 velle.
953 2457 1135 2503 Verum
1172 2456 1213 2503 si
1254 2454 1580 2503 concedamus

188 2530 341 2589 illum,
376 2530 460 2594 qui
496 2546 734 2578 summam
778 2531 925 2579 habet
962 2540 1273 2595 potestatem,
1298 2538 1444 2593 pacta
1466 2545 1578 2577 cum

182 2605 388 2654 civitate
410 2612 460 2653 et
483 2605 607 2653 inire
632 2614 683 2653 et
704 2605 888 2653 violare
910 2622 1069 2669 posse,
1094 2606 1133 2653 is
1157 2614 1323 2653 autem
1347 2620 1459 2651 cum
1477 2605 1579 2652 vio-

188 2679 363 2729 laverit
385 2680 592 2728 violasse
626 2681 895 2744 negaverit,
914 2682 1022 2744 quis
1044 2681 1179 2728 litem
1200 2680 1325 2727 hanc
1349 2679 1580 2727 determi-

188 2754 363 2804 nabit?
433 2755 542 2803 Nisi
565 2764 731 2803 autem
756 2755 1126 2813 determinetur,
1143 2754 1331 2802 reditur
1353 2753 1416 2802 ad
1440 2770 1580 2802 anar-

189 2830 367 2888 chiam,
391 2846 484 2878 nec
507 2830 678 2891 civitas
701 2832 910 2894 amplius
934 2841 1024 2879 est.
1096 2831 1146 2878 Si
1173 2830 1528 2878 determinetur
1550 2846 1580 2877 a

1597 631 1818 659 institutionem
