1968 3236
417 250 511 293 322
740 257 810 290 DE
839 255 1096 290 clvrrA'rE
1124 253 1480 288 cunrs'rmNA.

168 393 370 426 xxxvm,
417 370 592 435 Igitur
615 369 746 416 sicut
760 384 861 433 per
886 367 1030 414 anias
1055 365 1289 414 delictam
1314 366 1365 413 in
1390 381 1554 412 omnes
1585 364 1803 412 homines

135 447 403 531 Dfflne
418 444 757 495 condemnatio
777 463 794 498 ‚·
835 444 910 491 sic
934 448 983 490 et
1005 459 1100 506 per
1125 443 1268 489 anius
1280 441 1539 504 justitiam
1564 441 1615 487 in
1639 455 1804 487 omnes

135 546 223 574 quam
246 537 354 566 habent
371 538 401 565 in
419 521 636 569 homines
648 518 955 582 justificatio
979 517 1095 564 vitoe
1116 535 1126 563 ε
1172 523 1189 564 l
1221 516 1331 564 Cor,
1351 533 1430 565 xv.
1450 522 1530 574 21,
1550 522 1611 564 22
1631 533 1642 562 :
1684 514 1803 562 Cum

135 580 294 618 Scripturis
307 581 402 609 Sacris

137 623 286 658 vocabula,
295 627 349 653 etc.

418 597 612 662 quidem
626 612 728 659 per
752 594 988 641 hominem
1011 609 1159 650 mors,
1185 599 1234 639 et
1251 608 1351 656 per
1375 591 1610 638 hominem
1634 606 1805 638 resar-

417 672 575 720 rectio
600 677 897 718 mortuoram
917 688 934 717 :
969 675 1019 716 et
1042 669 1173 716 sicat
1204 668 1255 715 in
1283 667 1445 715 Adam
1469 683 1631 714 omnes
1654 665 1803 713 mori—

418 755 564 794 antur
584 765 602 800 ;
652 746 727 793 ita
767 751 817 792 et
865 745 917 792 in
961 743 1165 791 Christo
1201 759 1363 790 omnes
1408 741 1802 804 vivfficabnntnr.

417 823 562 871 Quod
598 822 777 870 attinet
814 820 878 868 ad
919 821 1098 878 locum,
1141 819 1191 866 in
1230 835 1325 882 quo
1364 819 1466 866 vita
1500 818 1584 865 illa
1620 825 1806 865 aeterna

415 899 634 946 homines
674 897 873 945 fruituri
919 903 1046 956 sunt,
1087 895 1184 943 duo
1230 895 1301 942 illi
1339 894 1604 957 Scripturae
1642 901 1804 941 textus

414 973 687 1037 significare
713 972 940 1021 videntur
962 972 1068 1019 fore
1094 971 1255 1019 locum
1280 970 1418 1018 illum
1442 969 1493 1017 in
1516 977 1662 1017 terra.
1729 969 1803 1016 Si-

415 1049 612 1112 quidem
653 1049 782 1096 enim
814 1047 1028 1111 perdidit
1059 1047 1276 1095 Adamus
1314 1045 1612 1103 Paradisum,
1649 1052 1700 1092 et
1733 1043 1804 1091 vi-

414 1136 515 1173 tam
546 1125 644 1172 illic
677 1131 939 1178 aeternam3
977 1122 1259 1171 Paradisum
1295 1128 1344 1169 et
1366 1122 1517 1169 vitam
1540 1121 1639 1168 illic
1663 1126 1805 1168 aeter-

413 1218 528 1250 nam
584 1201 894 1249 credentibus
939 1199 991 1247 in
1026 1200 1187 1262 ipsum
1224 1197 1446 1246 Christus
1485 1196 1806 1259 recuperavit,

415 1293 507 1325 nec
531 1277 691 1325 aliam.
776 1276 867 1324 Cui
899 1275 1135 1324 doctrinae
1165 1289 1435 1337 congruere
1458 1272 1652 1320 videtur
1675 1269 1807 1334 quod

416 1354 536 1401 dicit
573 1352 830 1400 Psalmista
870 1351 1014 1413 (Psal.
1045 1350 1239 1398 cxxxiii.
1275 1349 1361 1410 3):
1417 1347 1677 1406 Dominus,
1719 1346 1807 1410 qui

398 1429 541 1492 fecit
565 1428 716 1476 coelos
732 1435 781 1475 et
806 1434 1010 1486 terram,
1036 1426 1297 1474 benedicat
1322 1424 1415 1472 tibi
1439 1440 1466 1471 e
1488 1423 1616 1471 Zion
1634 1441 1652 1471 .·
1688 1422 1807 1470 alio-

419 1503 502 1566 qui
527 1503 743 1562 dixisset,
768 1502 1029 1550 benedicat
1054 1501 1148 1550 tibi
1167 1518 1194 1548 e
1219 1499 1358 1548 coelo.
1410 1500 1534 1547 Item
1557 1499 1587 1546 J
1591 1498 1807 1546 ohannes

417 1579 588 1642 (Apoc.
618 1579 667 1626 ii.
699 1580 779 1641 7):
830 1578 910 1626 illi
951 1577 1038 1642 qui
1078 1577 1248 1635 vincit,
1287 1574 1416 1622 dabo
1453 1573 1708 1621 comedere
1743 1589 1807 1620 ex

399 1654 589 1717 fructa
621 1653 821 1701 arboris
854 1653 983 1712 υἱέα»,
1008 1669 1119 1718 qaae
1159 1658 1236 1699 est
1276 1651 1327 1698 in
1363 1649 1523 1697 medio
1560 1648 1808 1696 Paradisi

421 1729 557 1778 Dei:
594 1746 701 1792 quae
743 1730 887 1778 arbor
924 1728 1114 1777 Adamo
1155 1727 1301 1775 arbor
1338 1726 1454 1774 vitae
1492 1731 1613 1783 erat,
1638 1723 1726 1772 sed
1755 1724 1808 1772 in

420 1813 566 1852 terra.
635 1804 771 1851 Idem
807 1804 1085 1853 confirmari
1115 1803 1310 1851 videtur
1332 1818 1361 1849 a
1382 1802 1411 1849 J
1416 1801 1607 1849 ohanne
1631 1799 1807 1863 (Apoc.

420 1881 517 1928 xxi.
535 1887 582 1938 2,
599 1879 649 1942 3)
671 1899 682 1926 ε
709 1879 780 1927 Et
800 1897 894 1944 ego
909 1879 1164 1927 Jolzannes
1182 1877 1287 1926 vidi
1305 1882 1530 1924 sanctam
1554 1875 1808 1922 civitatem

420 1954 699 2003 Jerusalem
741 1972 910 2003 novam
947 1954 1321 2003 descendentem
1359 1952 1422 1999 de
1459 1950 1600 2008 coelo,
1625 1966 1658 1997 a
1695 1949 1808 1998 Deo

414 2037 655 2096 paratam
688 2030 818 2078 sicut
847 2047 1080 2094 sponsam
1104 2035 1332 2077 ornatam
1355 2027 1464 2075 viro
1489 2043 1576 2074 sao
1591 2042 1613 2079 ,·
1646 2032 1697 2074 et
1719 2042 1808 2073 aa·

420 2106 525 2154 divi
548 2122 708 2153 vocem
733 2122 961 2168 magnam
987 2106 1049 2153 de
1073 2105 1250 2153 throno
1270 2103 1528 2161 dicentem,
1559 2101 1696 2150 Ecce
1731 2107 1809 2148 ta-

421 2179 734 2229 bernaculam
755 2180 856 2227 Dei
876 2197 980 2227 cum
1004 2179 1312 2228 hominibus!
1348 2178 1407 2226 Id
1434 2185 1521 2235 est,
1539 2176 1809 2225 Jerusalem

419 2273 561 2314 nova,
592 2257 642 2303 in
680 2271 776 2318 qua
808 2264 883 2303 est
914 2257 1059 2304 Mons
1088 2256 1223 2314 Zion,
1248 2270 1423 2317 nempe
1459 2253 1595 2301 locus
1630 2252 1810 2300 electo-

420 2349 546 2391 rum,
567 2330 820 2379 descendit
842 2330 892 2377 in
916 2338 1110 2379 terram.
1182 2332 1306 2379 Item
1324 2328 1485 2392 angeli
1510 2328 1607 2376 duo
1629 2327 1680 2375 in
1702 2342 1809 2375 ves-

419 2406 637 2456 timentis
662 2406 783 2454 albis
808 2405 977 2453 dicunt
1004 2407 1136 2467 (Act.
1162 2407 1193 2454 i.
1225 2407 1304 2468 ll)
1327 2426 1338 2453 :
1364 2405 1471 2452 Hic
1495 2403 1624 2451 idem
1643 2402 1808 2461 Jesus,

420 2483 507 2547 qni
525 2487 810 2545 assumptas
827 2487 904 2528 est
930 2481 979 2527 in
1004 2481 1194 2540 coelnm,
1216 2482 1291 2528 ita
1314 2480 1478 2529 veniet
1501 2479 1633 2526 sicut
1650 2477 1807 2525 vidis-

421 2558 489 2605 tis
513 2557 674 2621 ipsam
698 2555 970 2603 ascendere
989 2574 1006 2602 .·
1060 2573 1167 2619 quae
1198 2557 1347 2604 verba
1377 2556 1446 2604 ita
1479 2560 1655 2603 sonant
1685 2570 1743 2602 ac
1767 2554 1807 2602 si

421 2633 672 2691 dixissent,
688 2638 949 2679 venturum
973 2647 1078 2678 esse
1103 2632 1166 2679 ad
1188 2632 1422 2695 populum
1441 2630 1534 2679 Dei
1554 2629 1710 2678 Patris
1733 2629 1808 2681 sui

420 2708 688 2772 regendum
707 2707 786 2755 hic
808 2727 820 2763 ;
856 2723 955 2754 non
988 2707 1123 2770 quasi
1143 2708 1249 2755 illos
1268 2708 1317 2755 in
1344 2707 1468 2755 coelo
1493 2705 1734 2769 regendos
1756 2704 1808 2752 in

421 2784 597 2831 coelum
622 2783 899 2831 sublaturus
922 2789 1079 2837 esset;
1117 2783 1244 2845 quod
1269 2784 1415 2831 etiam
1439 2782 1579 2846 regni
1602 2781 1695 2830 Dei
1718 2781 1807 2830 sub

420 2859 558 2907 Mose
583 2858 794 2908 instituti
814 2858 1111 2907 restitutioni
1135 2867 1514 2908 consentaneum
1538 2865 1626 2907 est.
1679 2857 1807 2921 Reg5
