1968 3236
31 1011 46 1034 4

3 1098 6 1099 γ
27 1095 51 1124 ἡ

21 1191 46 1348 ἓ

544 257 614 290 DE
641 257 899 291 clvr‘rA'rE
927 259 1282 293 cnnls'riANA.
1462 273 1466 277 -
1505 251 1602 294 293

227 365 373 429 (vers.
405 374 422 416 l
439 369 484 429 1)
511 369 721 416 instituit
740 370 871 417 Deus
890 379 1247 418 sacramentum
1275 369 1599 419 circumcisio-
1618 395 1720 426 CM»,
1737 394 1883 427 xxxv,

221 443 314 491 nis.
382 444 543 507 Atque
567 444 660 491 hoc
689 444 808 492 illud
840 454 928 502 est,
955 446 1084 508 quod
1107 454 1308 494 vocatur
1329 454 1526 510 pactum
1550 455 1600 494 et
1620 450 1882 524 mmm

221 518 587 567 Testamentum
622 520 789 567 Vetus.
875 522 1167 584 Quanquam
1212 528 1375 569 autem
1421 537 1598 570 nomen
1615 530 1884 605 ἓυὼδοῗξέὴῒιὲ

222 595 364 660 regis
388 595 438 643 in
462 612 519 643 eo
544 605 686 659 pacto
711 613 809 644 non
844 597 921 654 sit,
954 612 1031 643 res
1054 606 1218 644 tamen
1241 597 1495 645 manifeste
1513 613 1599 661 ap-
1616 629 1679 648 mn,
1691 616 1884 655 mmmm,

220 680 376 734 paret.
462 672 621 719 Etiam
663 688 840 719 nomen
874 672 1020 737 regni
1055 688 1277 735 expresse
1313 673 1510 735 ponitur
1547 673 1599 720 in
1615 668 1885 694 mmmmm-m,

1616 712 1646 735 e!
1661 712 1882 736 mumm-

221 755 366 810 pacto
390 746 498 805 hoc,
524 748 829 795 ministrante
851 748 990 795 Mose
1013 756 1182 811 postea
1205 755 1453 796 renovato.
1513 748 1601 796 Sa-

185 862 195 871 .
222 831 525 870 eramentum
560 831 723 870 autem
764 822 1144 870 circumcisionis
1180 823 1312 871 aliud
1346 839 1445 870 non
1479 832 1601 882 erat,

221 913 367 961 quam
395 909 754 946 sacramentum
789 899 1052 955 fidelitatis,
1077 907 1132 946 ut
1166 915 1296 947 nunc
1320 899 1409 946 sub
1432 899 1601 947 Testa-

220 982 443 1021 mentum
460 974 653 1021 Novum
677 983 749 1022 est
772 975 1056 1038 baptismus.

289 1048 489 1097 Pactum
513 1049 575 1096 ad
598 1058 813 1097 montem
839 1049 971 1097 Sinai
995 1065 1107 1096 cum
1138 1049 1276 1096 Mose
1314 1056 1599 1096 renovatum

226 1124 399 1185 (Exod.
416 1124 512 1171 xix.
532 1131 576 1180 5,
595 1127 647 1185 6)
670 1125 766 1172 tale
791 1133 863 1172 est
884 1144 895 1171 :
918 1124 974 1171 Si
996 1140 1122 1190 'rgo
1147 1124 1415 1171 audieritis
1438 1140 1599 1171 vocem

221 1216 392 1258 meam,
411 1207 460 1247 et
479 1201 821 1248 custodieritis
833 1207 1039 1265 pactum
1060 1217 1226 1258 meum,
1246 1199 1390 1246 eritis
1405 1199 1525 1247 m‘ilzi
1548 1200 1598 1247 in

212 1275 466 1340 pecuh‘um
491 1276 554 1323 a'e
586 1277 772 1323 cunctis
787 1275 996 1340 populis
1013 1295 1031 1331 ;
1060 1293 1166 1323 mea
1191 1283 1267 1323 est
1292 1275 1418 1323 enim
1446 1275 1598 1323 omnis

223 1357 365 1398 terra
386 1370 403 1398 :
439 1358 489 1399 et
525 1367 609 1399 vos
633 1353 779 1399 eritis
803 1352 920 1399 milei
956 1352 1005 1399 in
1041 1369 1246 1416 regnum
1281 1351 1599 1399 sacerdotale

221 1433 272 1474 et
303 1444 432 1492 gens
466 1434 659 1475 sancta.
730 1428 864 1475 Idem
899 1436 1140 1485 narratur,
1175 1427 1270 1474 Tit.
1307 1426 1356 1473 ii.
1392 1432 1479 1482 14;
1514 1427 1597 1474 ubi

221 1501 400 1550 dicitur
424 1502 670 1550 Christum
695 1502 884 1551 dedisse
908 1519 959 1550 se
982 1519 1072 1566 pro
1113 1503 1268 1559 nobis,
1293 1511 1347 1549 ut
1367 1502 1597 1565 purifica-

218 1586 298 1626 ret
315 1578 406 1626 sibi
424 1594 512 1626 nos
531 1578 580 1625 in
597 1579 830 1642 populum
846 1581 1098 1643 περιώσιον,
1107 1578 1157 1626 id
1175 1586 1265 1636 est,
1285 1578 1595 1642 peculiarem,

219 1653 272 1702 id
304 1662 393 1712 est,
422 1655 499 1715 (ut
535 1655 755 1717 sequitur
780 1654 936 1702 Exod.
962 1654 1102 1715 xix.),
1138 1671 1230 1701 non
1267 1654 1398 1702 sicut
1417 1659 1596 1718 gentes

220 1729 339 1778 alite
374 1746 491 1777 meoe
528 1736 656 1777 sunt.
743 1730 943 1779 Caeterae
980 1730 1107 1777 enim
1148 1737 1318 1793 gentes
1364 1729 1596 1792 potentiae

220 1804 417 1868 quidem
456 1805 632 1853 divinae
672 1806 877 1854 subditae
919 1815 1059 1853 erant
1097 1821 1185 1869 per
1225 1813 1465 1864 naturam,
1497 1821 1595 1853 non

220 1887 384 1928 autem
417 1895 504 1943 per
542 1896 832 1928 consensum
856 1890 907 1928 et
929 1891 1143 1944 pactum,
1181 1881 1307 1928 sicut
1349 1881 1595 1928 Israelitae.

222 1954 415 2003 Dicitur
438 1964 601 2002 autem
626 1956 676 2002 in
704 1963 842 2003 textu
866 1957 1101 2019 praedicto
1126 1973 1332 2021 regnum
1363 1957 1597 2004 sacerdo·

224 2028 345 2088 tale,
359 2037 408 2077 et
432 2036 449 2077 Ι
471 2030 599 2078 Petr.
615 2030 664 2078 ii.
681 2037 733 2078 9:
761 2031 1095 2079 sacerdotium
1116 2031 1310 2096 regale,
1337 2040 1597 2095 propterea

223 2103 356 2168 quod
377 2120 612 2153 summam
635 2114 928 2169 potestatem
963 2116 1074 2170 post
1115 2107 1270 2154 Deum
1310 2107 1523 2154 habuere
1546 2107 1598 2154 in

224 2179 308 2228 illo
330 2195 482 2244 regno
506 2181 679 2228 summi
702 2182 991 2230 sacerdotes.
1050 2182 1365 2230 Manifestum
1390 2197 1506 2244 ergo
1522 2190 1597 2229 est

224 2270 430 2319 reguum
466 2256 567 2303 Dei
605 2272 757 2320 usque
798 2257 862 2305 ad
899 2258 1171 2305 Samuelem
1207 2257 1354 2304 fuisse
1391 2272 1597 2319 regnum

224 2329 419 2394 proprie
442 2329 642 2379 dictum.
694 2333 798 2380 Nec
823 2333 1076 2381 dissentire
1098 2333 1321 2380 videntur
1343 2331 1596 2395 potestatis

225 2404 488 2469 pontificiae
524 2416 923 2470 propugnatores,
947 2409 1029 2471 qui
1067 2416 1357 2472 argumenta
1397 2423 1484 2454 sua
1505 2422 1595 2469 pro

225 2487 468 2544 potestate
484 2479 626 2543 Papae
638 2481 867 2546 pleraque
882 2483 1132 2531 deducunt
1147 2484 1207 2531 ab
1223 2482 1443 2545 exemplo
1466 2498 1597 2529 sum-

227 2570 418 2603 morum
432 2555 738 2604 sacerdotum
753 2558 920 2621 populi
936 2559 1202 2607 Israelitici.
1244 2558 1446 2615 RursuS,
1467 2556 1596 2605 idem

226 2630 540 2678 confirmatur
572 2630 632 2678 ab
671 2646 744 2689 eo,
778 2633 909 2696 quod
939 2633 1174 2697 populum
1213 2649 1353 2680 suum
1386 2632 1598 2695 appellat

225 2714 423 2768 gentem
445 2713 676 2754 sanctam.
713 2706 942 2756 Sanctum
965 2709 1094 2757 enim
1118 2709 1376 2772 significat,
1400 2707 1449 2754 id
1465 2707 1599 2771 quod

228 2780 318 2828 Dei
358 2788 431 2827 est
460 2781 568 2843 jure
601 2781 813 2844 speciali.
902 2784 992 2832 Dei
1026 2792 1101 2831 est
1136 2783 1294 2832 omnis
1330 2790 1476 2840 terra,
1511 2782 1598 2830 sed

227 2870 327 2903 non
349 2855 506 2904 omnis
531 2865 661 2904 terra
682 2864 859 2906 sancta
878 2858 1070 2917 dicitur,
1094 2858 1179 2907 sed
1202 2874 1259 2906 ea
1273 2857 1375 2907 sola
1398 2873 1506 2921 quae
1525 2873 1599 2906 se-
