1968 3236
740 186 809 218 nn
836 185 1106 219 civrrATss.
1525 175 1613 218 199

310 295 512 354 Quinto,
529 296 567 343 si
593 297 647 354 is,
664 297 746 359 qui
762 311 997 343 summam
1014 296 1160 344 habet
1177 295 1227 343 in
1242 294 1438 343 civitate
1452 302 1613 358 potes·
1633 317 1735 350 cst.
1750 316 1882 351 xxm,

242 378 408 429 tatem,
443 372 588 419 armis
622 372 697 419 vel
734 372 1017 420 haereditate
1058 372 1302 419 civitatem
1341 370 1484 418 aliam
1524 369 1615 417 sibi
1668 373 1856 449 m

243 446 508 509 subjectam
532 447 723 505 habeat,
757 463 846 494 nec
870 447 1000 510 leges
1024 447 1150 494 illius
1174 454 1345 504 mutet,
1368 445 1617 509 legislator
1673 456 1812 484 civrilibm

244 530 408 570 tamen
446 522 547 584 ipse
590 530 680 569 est.
750 522 862 570 Non
899 522 1027 569 enim
1069 522 1124 580 is,
1149 523 1286 584 cujus
1321 520 1617 569 authoritate

244 596 375 660 leges
398 598 459 645 ab
485 597 623 644 initio
647 597 880 644 institutae
904 606 1030 655 sunt,
1055 598 1303 659 legislator
1326 605 1416 655 est,
1441 596 1527 644 sed
1560 596 1617 654 is,

245 673 384 735 eujus
407 673 701 720 authoritate
725 673 1009 721 retinentur.
1078 673 1173 721 Ubi
1197 689 1313 736 ergo
1338 673 1427 720 sub
1450 670 1619 719 eadem

247 747 444 795 civitate
480 757 643 811 partes
674 748 835 811 plures
873 757 1000 807 sunt,
1038 765 1143 812 quae
1184 748 1395 795 diversas
1439 748 1621 795 habent

245 823 407 886 leges;
449 823 609 885 legum
650 839 814 870 earum
849 813 1245 882 authoritasJetsi
1276 822 1621 885 antiquissimae

246 898 358 955 sint,
375 898 473 945 vim
497 898 658 961 legum
677 915 774 946 non
798 915 828 946 a
845 898 1191 946 consuetudine
1210 898 1296 946 sed
1320 915 1347 945 a
1371 898 1622 945 voluntate

247 989 448 1021 snmmae
472 974 725 1037 potestatis
745 974 995 1037 praesentis
1018 974 1178 1021 habet.

315 1048 480 1105 Sext0‚
501 1049 728 1111 quoniam
758 1049 890 1111 leges
915 1065 1081 1097 omnes
1105 1057 1205 1096 tam
1230 1049 1438 1111 scriptae,
1476 1063 1622 1111 quam

248 1139 348 1171 non
372 1124 580 1186 scriptae,
608 1124 703 1170 vim
727 1139 862 1171 suam
886 1124 1178 1172 avoluntate
1195 1123 1404 1171 civitatis
1426 1123 1622 1181 habent,

250 1214 433 1253 eorum,
454 1198 536 1261 qui
561 1199 666 1246 illas
689 1199 865 1246 mutari
887 1208 972 1246 aut
987 1199 1164 1262 corrigi
1194 1215 1224 1246 a
1247 1205 1622 1262 quantocunque

250 1274 428 1323 civium
465 1290 666 1322 numero
703 1275 807 1322 sine
843 1290 1082 1322 consensu
1127 1290 1362 1321 summam
1403 1273 1624 1321 habentis

249 1357 540 1413 potestatem
564 1365 705 1412 posse
729 1350 911 1407 dieunt,
936 1349 1191 1407 sententia,
1214 1364 1492 1412 quanquam
1501 1349 1624 1412 juris

250 1424 665 1488 peritissimorum,
690 1424 951 1488 rejicienda
965 1431 1053 1471 est.
1428 1485 1434 1491 N

319 1500 550 1563 Septimo,
568 1500 725 1563 legem
749 1507 919 1548 contra
941 1499 1177 1547 rationem
1208 1515 1312 1547 esse
1348 1515 1444 1547 non
1468 1514 1624 1562 posse,

252 1583 303 1623 et
324 1574 613 1639 legislatoris
650 1575 985 1632 intentionem,
1025 1591 1123 1623 non
1158 1575 1347 1623 literam
1379 1575 1624 1638 scriptam,

252 1666 357 1699 ωδε
378 1651 549 1713 legem,
569 1651 860 1714 jurisperitis
884 1650 933 1698 in
951 1649 1170 1698 confesso
1186 1658 1276 1698 est.
1313 1650 1627 1699 Manifestum

251 1734 414 1773 autem
454 1733 530 1773 est
573 1726 919 1774 authoritatem
964 1726 1085 1789 legis
1130 1742 1160 1774 a
1196 1726 1373 1790 privati
1418 1727 1625 1775 hominis

251 1801 443 1849 ratione
462 1817 562 1848 non
581 1802 808 1864 pendere,
824 1818 981 1865 neque
1005 1818 1064 1849 ex
1076 1802 1460 1865 jurisprudentia
1476 1803 1626 1850 alicu-

246 1876 328 1939 jus
350 1877 400 1924 in
424 1877 611 1940 legibus
642 1878 815 1940 periti;
850 1894 963 1926 nam
987 1878 1027 1926 si
1066 1894 1233 1926 verum
1260 1878 1312 1926 id
1344 1887 1486 1937 esset,
1526 1895 1625 1927 non

250 1952 502 2015 paucioroe
526 1953 586 2000 de
609 1953 904 2001 authoritate
927 1954 1089 2017 legum
1113 1954 1242 2002 inter
1273 1954 1401 2002 cives
1425 1963 1626 2002 conten-

253 2026 410 2075 tiones
432 2036 609 2086 essent,
634 2044 778 2091 quam
802 2029 933 2076 cirea
962 2029 1253 2091 quffitiones
1270 2028 1626 2093 philosophicas

252 2110 304 2151 et
338 2103 635 2166 theologicas
669 2104 797 2151 inter
830 2103 1160 2152 scholasticos.
1197 2104 1309 2152 Non
1348 2120 1465 2168 ergo
1497 2105 1627 2168 judi-

252 2193 363 2226 cum
386 2179 825 2234 subordinatorum,
850 2179 936 2227 sed
966 2180 1194 2238 civitatis,
1215 2179 1268 2227 id
1303 2188 1392 2236 est,
1417 2182 1519 2243 ejus
1543 2181 1627 2244 qui

252 2252 400 2302 habet
438 2253 490 2301 in
525 2254 719 2302 civitate
759 2270 996 2303 summam
1035 2263 1342 2318 potestatem,
1368 2255 1628 2318 prudentia

251 2328 558 2392 prudentiam
591 2329 707 2377 facit
737 2329 886 2393 legis;
921 2338 970 2378 et
993 2330 1145 2394 judex
1167 2330 1506 2379 subordinatus
1529 2347 1626 2379 non

253 2417 405 2462 suam,
429 2403 513 2451 sed
539 2405 642 2467 ejus
666 2404 748 2467 qni
771 2404 920 2452 habet
950 2421 1186 2453 summam
1216 2413 1507 2468 potestatem
1537 2422 1627 2469 pro

252 2479 483 2528 tribunali
504 2480 793 2528 sententiam
815 2480 976 2529 dicere
998 2481 1339 2544 intelligendus
1362 2489 1451 2528 est.

319 2553 528 2613 Octavo,
543 2555 604 2602 ab
624 2571 682 2603 eo
700 2555 831 2618 quod
846 2555 925 2603 lex
939 2556 1229 2619 imperatum
1243 2564 1331 2612 est,
1341 2555 1629 2617 imperatum

253 2638 419 2677 autem
453 2645 553 2677 non
587 2638 665 2677 est
693 2630 778 2678 ubi
801 2630 1024 2678 voluntas
1047 2630 1328 2694 imperantis
1350 2646 1449 2677 non
1473 2630 1536 2678 sit
1551 2631 1629 2678 vel

254 2719 374 2752 vooe
402 2704 479 2752 vel
514 2704 695 2767 scripto
733 2705 813 2752 vel
846 2705 941 2753 alio
978 2706 1118 2768 signo
1156 2705 1331 2753 idoneo
1368 2705 1627 2765 declarata,

254 2778 507 2827 inferimus
529 2779 740 2828 civitatis
761 2779 1012 2843 imperata,
1030 2780 1081 2828 id
1095 2787 1185 2838 est,
1201 2779 1331 2843 leges
1346 2779 1510 2829 civiles
1533 2780 1627 2829 illis
