1968 3236
394 236 486 289 374
719 247 788 280 DE
819 243 1073 280 01v1'rA'rE
1102 242 1449 278 CHRISTIANA.

127 384 228 416 CAp,
246 385 356 417 xm,
394 361 580 422 Regere
619 367 780 406 autem
821 355 1102 419 imperando
1135 362 1185 402 et
1209 355 1428 418 cogendo
1451 355 1502 402 in
1526 352 1769 401 mandatis

143 439 339 515 m
393 451 491 482 non
526 442 614 491 est,
661 434 745 480 sed
784 432 1020 490 docendo,
1069 439 1118 479 et
1158 431 1208 478 in
1249 431 1329 478 via
1369 430 1432 478 ad
1471 430 1676 479 salutem
1716 429 1768 476 in

143 521 343 550 εεεῑοεὶωῑῑυιι
392 510 573 557 mundo
608 509 771 556 futuro
808 507 1140 555 conducendo.
1221 507 1286 554 Et
1319 507 1446 554 sicut
1479 507 1531 554 in
1565 505 1770 554 scientia

393 586 616 648 qualibet,
656 584 886 647 magister
927 583 1216 646 discipulum
1257 599 1398 631 suum
1433 582 1624 646 regulas
1665 582 1769 644 ejus

393 661 720 723 negligentem
778 660 1000 707 deserere
1048 658 1245 721 quidem
1289 665 1469 721 potest,
1517 657 1770 721 injustitiae

392 743 554 783 autem
607 750 833 782 accusare
878 750 978 781 non
1021 741 1183 796 potest
1209 754 1220 788 ;
1279 741 1336 780 ut
1381 732 1465 796 qui
1521 747 1770 794 nunquam

392 810 622 872 magistro
661 809 858 856 obedire
894 816 1168 856 teneretur:
1219 809 1289 857 ita
1325 807 1562 856 doctrinae
1607 807 1770 855 Chris-

391 885 535 932 tianae
577 884 749 932 doctor
791 884 1081 947 discipulum
1118 899 1275 942 suum,
1315 883 1397 946 qui
1437 883 1590 931 vitam
1625 897 1771 945 agere

394 960 673 1007 Christiano
698 960 895 1007 homine
919 959 1172 1022 indignam
1186 959 1470 1022 perstiterit,
1495 959 1772 1022 relinquere

393 1035 586 1098 quidem
611 1043 791 1099 potest,
817 1036 903 1083 sed
937 1051 1166 1083 accusare
1199 1052 1298 1083 non
1321 1042 1500 1099 potest.
1570 1034 1773 1082 Doctori

393 1112 534 1169 enim,
561 1112 643 1175 qui
666 1112 726 1159 de
762 1112 1070 1160 contumacia
1104 1112 1325 1174 discipuli
1357 1112 1431 1159 sui
1455 1126 1774 1174 conquerere-

393 1195 487 1245 tur,
513 1187 796 1251 responderi
819 1196 997 1251 posset,
1023 1189 1147 1235 sicut
1172 1187 1384 1235 Samueli
1409 1187 1460 1234 in
1491 1187 1688 1250 querela
1711 1186 1774 1233 si·

393 1265 493 1312 mili
512 1263 762 1327 respondit
779 1263 908 1310 Deus
923 1263 964 1324 (l
984 1263 1394 1325 Sam.viii.7),non
1411 1269 1460 1310 te
1475 1263 1773 1326 rejecerunt,

393 1339 486 1387 sed
505 1355 590 1386 me.
643 1339 1093 1387 Excommunicatio
1118 1355 1252 1402 ergo,
1277 1340 1317 1386 si
1341 1348 1505 1387 careat
1527 1345 1774 1402 potestate

397 1415 541 1473 civili,
557 1423 613 1461 ut
632 1430 802 1462 revera
817 1424 951 1462 caret
967 1415 1157 1478 quoties
1180 1430 1306 1462 unus
1324 1415 1550 1478 princeps
1565 1414 1773 1462 alterum

396 1490 799 1548 excommunicat,
819 1490 1004 1538 inutilis
1020 1497 1094 1538 est
1116 1511 1128 1545 ;
1149 1506 1306 1553 neque
1325 1491 1478 1553 igitur
1494 1490 1773 1538 metuenda.

395 1564 695 1612 Vocabulum
735 1565 868 1624 illud,
897 1565 1099 1629 fulmen
1136 1565 1666 1624 excommunicationis,
1712 1566 1773 1613 ab

398 1641 600 1703 alicujus
636 1640 847 1704 episcopi
886 1641 1094 1689 Romani
1131 1641 1480 1704 imaginatione
1513 1641 1636 1689 falsa
1664 1657 1775 1704 pro-

397 1717 580 1764 fectum
599 1725 686 1774 est,
713 1717 796 1779 qui
819 1733 988 1780 regum
1011 1734 1177 1781 regem
1196 1733 1247 1765 se
1271 1733 1374 1764 esse
1391 1725 1582 1781 putans,
1606 1724 1776 1780 poetas

401 1792 720 1850 ethnicorum,
747 1793 829 1854 qui
851 1793 960 1840 Jovi
990 1793 1173 1840 fulmen
1191 1793 1534 1850 attribuerunt,
1557 1793 1776 1840 imitatus

399 1875 487 1915 est.
559 1867 845 1930 Imaginatio
881 1875 1043 1917 autem
1077 1869 1160 1916 illa
1184 1885 1244 1916 ex
1268 1868 1450 1932 duplici
1474 1883 1638 1916 errore
1659 1875 1778 1916 nata

398 1949 470 1990 est
496 1963 507 1997 ;
557 1942 726 2000 alter0,
775 1944 906 2006 quod
946 1960 1153 2007 regnum
1199 1944 1381 1992 Christi
1421 1943 1566 2007 hujus
1605 1942 1776 1992 mundi

396 2017 542 2064 fuisse
577 2018 870 2080 putaverint,
906 2027 1077 2066 contra
1112 2019 1217 2082 ipsa
1240 2019 1421 2067 Christi
1456 2019 1606 2066 verba
1645 2018 1775 2080 (Joh.

399 2093 527 2140 xviii.
545 2094 647 2154 36),
673 2109 877 2157 regnum
901 2111 1051 2141 meum
1075 2111 1169 2141 non
1188 2101 1264 2141 est
1286 2111 1350 2141 eoe
1373 2094 1464 2142 hoc
1487 2094 1688 2150 mundo;
1707 2094 1777 2142 al-

400 2177 520 2225 tero,
545 2168 675 2231 quod
698 2169 799 2231 ipse
824 2170 1078 2233 episcopus
1098 2171 1345 2218 Romanus
1367 2170 1576 2218 vicarius
1595 2169 1778 2218 Christi

400 2243 476 2301 sit,
499 2259 596 2291 non
617 2245 761 2292 modo
781 2245 831 2292 in
850 2246 1053 2293 subditis
1069 2246 1165 2293 suis
1186 2246 1433 2305 Romanis,
1458 2246 1544 2294 sed
1562 2247 1709 2294 etiam
1726 2245 1778 2293 in

400 2319 620 2367 omnibus
668 2320 953 2368 Christianis
994 2322 1212 2377 caeteris3
1256 2339 1365 2385 quae
1401 2323 1566 2386 opinio
1601 2337 1693 2370 nec
1726 2321 1778 2369 in

402 2395 664 2457 Scripturis
688 2396 906 2451 fundata,
931 2413 1090 2459 neque
1113 2414 1228 2445 vera
1253 2406 1342 2455 est,
1367 2406 1423 2446 ut
1456 2414 1544 2446 suo
1567 2398 1676 2446 loco
1701 2412 1779 2445 os-

400 2469 644 2518 tendetur.

468 2544 537 2591 Ut
560 2546 808 2594 veniamus
832 2546 894 2593 ad
920 2547 1279 2610 Scripturarum
1305 2549 1636 2613 interpretem,
1660 2548 1780 2612 legi-

400 2634 504 2665 mus
530 2619 578 2667 S.
597 2621 813 2679 Paulum,
834 2638 943 2668 cum
960 2630 1084 2668 esset
1101 2622 1476 2683 Thessalonicae,
1494 2625 1523 2673 J
1527 2624 1779 2672 udaeorum

400 2710 710 2759 synagogam,
736 2714 845 2760 quae
868 2697 935 2744 ibi
960 2708 1080 2755 erat,
1106 2699 1295 2758 adiisse,
1312 2709 1361 2747 et
1384 2701 1516 2760 (Act.
1533 2700 1703 2759 xvii.2‚
1723 2700 1776 2760 3)

406 2784 535 2816 more
558 2787 645 2817 suo
671 2772 909 2830 introivit,
936 2778 984 2819 et
1000 2789 1100 2836 per
1126 2773 1226 2821 tria
1254 2774 1479 2823 Sabbata
1503 2775 1780 2840 disputavit

405 2859 506 2890 cum
555 2845 658 2892 illis
699 2863 760 2893 (²:13
801 2847 1098 2911 «S'eriptztriS,
1140 2850 1374 2912 aperiens
1399 2857 1448 2898 et
1475 2866 1780 2915 proponens,
