1968 3236
527 220 596 254 na·
623 219 880 253 CIV1TATE
908 217 1260 252 cumsviANA.
1475 205 1580 271 *305

199 332 349 383 tionis
366 332 661 381 immediatae
680 334 726 380 in
749 332 913 379 Veteri
936 331 1251 379 Testamento
1277 328 1580 392 exprimitur,
1600 343 1864 376 cwxxxvi.

201 424 394 473 semper
415 408 643 472 loquutus
667 416 741 455 est
764 423 851 471 per
869 407 1102 454 visionem
1119 404 1195 452 vel
1215 420 1303 468 per
1320 403 1581 456 somuium;
1622 399 1837 468 md

201 492 260 533 ut
280 484 502 542 Gideoni,
523 484 750 541 Samueli,
775 483 908 541 Eliae,
934 482 1127 540 Elishae,
1147 480 1301 538 Isaiae,
1326 478 1584 537 Ezechieli,
1621 481 1820 519 “sz’b‘ffi

201 559 485 623 eoeterisque
518 560 800 623 prophetis;
837 566 886 606 et
919 557 969 605 in
1005 558 1147 605 Novo
1176 556 1506 613 Testamento,
1529 562 1587 602 ut

199 634 432 699 loseph0‚
457 635 616 692 Petro,
648 634 813 690 Paulo,
848 642 899 681 et
930 632 1143 681 Johanni
1179 630 1501 694 Evangelistae
1534 630 1586 678 in

202 710 513 775 Apocalypsi.

270 786 371 835 Soli
406 786 535 834 Mosi
570 785 716 833 modo
751 783 1136 832 extraordinario
1169 783 1400 846 loquutus
1436 789 1510 829 est
1536 780 1587 828 in

201 871 369 911 monte
394 862 543 920 Sinai,
568 869 618 908 et
643 861 692 908 in
725 859 1066 908 Tabernaculo
1083 878 1100 913 ;
1135 867 1187 906 et
1210 874 1399 906 summo
1427 872 1587 905 sacer-
1655 875 1681 887 ⁴

203 937 310 987 doti
346 938 396 986 in
445 936 822 990 Tabernae-alm
858 943 909 983 et
947 936 998 982 in
1042 935 1230 982 Sancto
1274 934 1587 981 Sanctorum.

204 1013 304 1063 Sed
344 1014 523 1070 MoseS,
562 1021 611 1060 et
644 1020 755 1076 post
789 1028 900 1059 eum
943 1010 1117 1058 summi
1159 1009 1452 1065 sacerdotes,
1474 1023 1590 1071 pro-

202 1090 365 1154 phetae
401 1098 542 1136 erant
576 1087 908 1136 eminentioris
942 1086 1123 1150 gradus
1156 1102 1300 1149 quam
1335 1084 1515 1141 eaeteri,
1541 1092 1591 1131 et

203 1164 412 1228 gratiam
448 1163 578 1227 apud
614 1164 769 1211 Deum
806 1139 1039 1226 majoressi
1074 1162 1378 1209 invenerunt.
1446 1160 1590 1214 (Nam

206 1241 338 1289 Deus
362 1240 463 1303 ipse
487 1239 547 1288 de
585 1240 723 1287 Mose
757 1238 807 1286 id
833 1245 1043 1286 testatur
1070 1237 1239 1295 (Num.
1264 1236 1347 1284 xii.
1373 1241 1420 1293 6,
1447 1238 1492 1292 7,
1518 1235 1590 1295 8),

205 1316 401 1364 dicens:
439 1315 496 1363 Si
519 1315 633 1379 quis
646 1313 822 1378 fuerit
844 1314 975 1360 inter
999 1329 1084 1360 vos
1100 1311 1354 1377 propheta
1373 1311 1591 1369 Domini,

207 1391 258 1439 in
281 1390 470 1439 visione
493 1388 752 1454 apparebo
776 1388 839 1446 ei,
858 1387 938 1435 vel
950 1404 1046 1451 per
1064 1387 1298 1434 somnium
1322 1386 1502 1450 loquar
1525 1386 1597 1433 ad

207 1465 378 1514 illum:
412 1471 467 1512 at
491 1481 585 1512 non
610 1463 732 1512 talis
750 1480 923 1511 servus
947 1479 1078 1510 meus
1105 1462 1292 1520 Moses,
1316 1462 1401 1525 qui
1427 1461 1476 1508 in
1496 1478 1594 1508 om-

204 1542 261 1590 ni
292 1541 435 1590 domo
470 1556 576 1587 mea
595 1538 932 1602 fidelissimus
967 1544 1044 1584 est
1070 1556 1087 1592 ;
1137 1554 1224 1584 ore
1258 1537 1387 1584 enim
1424 1536 1496 1583 acl
1538 1554 1594 1583 οε

206 1616 388 1682 loquor
410 1616 459 1663 ei
486 1614 679 1679 palam,
711 1620 760 1662 el
785 1630 878 1661 non
908 1629 1009 1677 per
1032 1613 1301 1676 oenigmata
1326 1618 1375 1659 et
1384 1612 1595 1676 figuras

207 1692 468 1742 Dominum
485 1690 655 1738 videt:
691 1698 742 1738 et
764 1689 939 1750 (Exod.
965 1688 1131 1736 xxxiii.
1155 1690 1245 1748 ll),
1262 1688 1501 1736 Dominus
1525 1686 1597 1734 lo-

208 1773 390 1833 quutus
413 1772 490 1814 est
514 1766 587 1813 ad
606 1765 798 1813 Mosem
818 1781 873 1811 οε
891 1763 963 1811 ad
979 1780 1051 1822 08,
1067 1763 1198 1811 sicut
1215 1763 1355 1810 homo
1374 1762 1597 1826 loquitur

208 1842 282 1893 ad
299 1842 506 1890 amicum
530 1857 682 1888 suum.
751 1840 1082 1887 Veruntamen
1106 1838 1295 1886 Mosem
1318 1854 1419 1886 non
1457 1837 1597 1885 aliter

209 1917 487 1981 alloquutus
510 1924 585 1964 est
608 1917 739 1965 Deus
759 1932 905 1979 quam
923 1930 1010 1978 per
1028 1914 1255 1978 angelum
1272 1914 1349 1961 vel
1367 1913 1565 1976 angelos
1582 1933 1595 1967 ;

209 2000 268 2042 ut
287 1993 496 2041 habetur
516 1992 675 2040 verbis
697 1991 965 2056 perspicuis
988 1990 1120 2051 (Act.
1139 1989 1220 2037 vii.
1238 1991 1323 2051 38)
1343 2010 1355 2045 ;
1379 1989 1463 2036 ubi
1489 1988 1597 2036 Ste-

210 2068 400 2132 phanus
422 2067 484 2116 de
507 2067 647 2116 Mose
679 2067 900 2130 loquens,
924 2066 1006 2114 hic
1037 2071 1130 2124 est,
1162 2065 1337 2128 inquit,
1370 2065 1457 2128 qui
1478 2063 1597 2127 suit

213 2144 266 2192 in
301 2142 516 2191 ecelesia
554 2143 606 2190 in
637 2141 908 2190 solitudine
939 2157 1046 2188 cnm
1083 2140 1267 2204 angelo
1304 2140 1391 2203 qui
1430 2138 1598 2202 loque-

214 2217 364 2266 batur
396 2217 444 2265 εἰ
475 2218 526 2266 in
559 2223 719 2265 monte
758 2217 918 2265 Sinai.
988 2216 1094 2265 Gal.
1118 2216 1185 2263 iii.
1217 2221 1291 2274 19,
1316 2214 1399 2262 ubi
1424 2213 1599 2261 Paulus

215 2292 277 2340 de
297 2291 407 2356 lege
428 2291 582 2341 dicit:
617 2292 856 2340 ordinata
880 2298 995 2340 erat
1018 2308 1121 2356 per
1144 2290 1356 2354 angelos
1382 2289 1430 2336 in
1456 2305 1599 2335 manu

215 2366 523 2415 mediatoris.
559 2366 805 2415 Mediator
826 2375 992 2415 autem
1016 2366 1098 2414 ille
1122 2373 1228 2414 erat
1252 2365 1432 2412 Moses.
1469 2362 1602 2412 Quid

216 2458 333 2506 ergo
356 2440 615 2490 dicendum
638 2450 714 2490 est
735 2442 797 2491 de
819 2442 966 2490 modo
990 2458 1086 2505 quo
1110 2441 1241 2489 Deus
1264 2440 1494 2502 loquutus
1527 2446 1601 2485 est

218 2516 363 2575 Mosi,
382 2517 475 2564 nisi
493 2515 624 2580 quod
640 2516 763 2566 visio
787 2526 910 2576 erat,
934 2516 1020 2565 sed
1044 2516 1220 2564 clarior
1244 2531 1388 2578 quam
1413 2513 1602 2561 caeteris

193 2590 466 2662 prophetis
484 2589 600 2638 data
616 2598 704 2639 est.
739 2591 885 2640 Deut.
903 2591 1005 2639 xiii.
1028 2597 1074 2639 l:
1099 2590 1147 2637 si
1169 2587 1452 2637 surrexerit
1471 2588 1602 2634 inter

218 2683 303 2714 vos
319 2664 575 2730 propheta
597 2664 678 2713 vel
697 2666 968 2713 somniator
992 2665 1300 2721 somniorum,
1324 2678 1418 2710 vox
1440 2668 1602 2726 poste-

220 2740 323 2789 rior
357 2739 691 2803 interpretatio
723 2747 914 2788 tantum
949 2747 1022 2788 est
1057 2738 1248 2803 prioris.
1314 2737 1424 2785 Joel
1446 2737 1495 2784 ii.
1521 2741 1602 2795 28,

221 2814 343 2864 dicit
365 2814 524 2863 Deus:
561 2813 634 2862 Ee
657 2814 757 2863 erit
770 2820 894 2879 post
918 2814 1039 2872 haec,
1063 2812 1310 2876 ffundam
1335 2812 1397 2860 de
1416 2811 1603 2876 spiritu

354 2904 479 2939 vm..
500 2903 585 2937 111.
1431 2903 1468 2936 x
