1968 3236
127 396 230 428 CAP.
249 395 362 428 XXX.

151 450 339 471 fi—-rd

131 491 176 518 Dc
190 490 285 518 officio
298 500 373 518 sum-

132 534 170 561 mi
184 534 359 571 imperantis.

401 252 497 295 248
911 257 980 288 DE
1009 254 1280 288 clvrrATE.

397 388 565 420 eorum
598 377 796 434 propter
835 365 1189 430 protectionem
1221 380 1358 412 suam
1390 365 1574 414 civitati
1616 366 1776 414 debet.

397 448 593 494 Civibus
618 446 746 493 enim
777 443 839 490 ad
874 442 987 489 vitae
1018 440 1290 487 necessaria
1324 441 1653 504 comparanda
1677 458 1778 489 non

396 523 640 569 sufficiunt
663 521 850 567 labores
870 517 959 574 sui,
984 515 1075 562 nisi
1101 515 1246 562 etiam
1269 523 1319 562 et
1335 515 1559 564 laborent
1583 525 1632 564 et
1654 533 1778 580 pug-

395 606 526 646 nent.
585 598 685 644 Aut
706 593 979 641 faciendum
1003 597 1091 649 est,
1122 590 1253 653 quod
1275 590 1497 639 fecerunt
1524 608 1554 639 a
1577 592 1778 655 captivi-

395 682 496 721 tate
519 672 776 720 redeuntes
810 669 838 716 J
843 668 985 725 udaei,
1011 666 1206 730 quando
1237 666 1391 714 altera
1414 674 1606 715 tantum
1629 683 1778 715 manu

393 748 575 812 lapides
599 750 989 808 composuerunt,
1006 742 1174 800 altera,
1192 750 1394 806 propter
1413 750 1598 790 metum
1616 743 1779 790 incur-

394 824 540 872 sionis
564 821 767 878 hostilis,
792 826 1055 867 tenuerunt
1073 817 1304 880 gladium.
1341 817 1547 865 Tributa
1566 818 1695 865 enim
1714 818 1780 865 ci-

391 900 522 946 vium
546 914 634 961 pro
659 895 882 943 mercede
900 901 1014 941 sunt
1031 893 1100 939 illi
1120 892 1202 955 qui
1221 900 1356 940 tenet
1373 892 1589 956 gladium
1608 893 1779 942 civita-

392 976 470 1033 tis,
480 991 575 1037 quo
597 973 774 1020 civium
792 970 1032 1018 industria
1048 975 1351 1032 protegatur.
1378 969 1547 1031 Itaque
1563 984 1651 1032 pro
1666 969 1780 1017 vitae

395 1067 493 1099 suae
517 1047 883 1097 conservatione
907 1046 1035 1092 idem
1060 1044 1205 1091 debet
1227 1059 1413 1106 pauper
1444 1051 1494 1091 et
1517 1044 1666 1103 dives,
1687 1044 1780 1092 nisi

397 1125 527 1189 quod
568 1124 649 1188 qui
695 1123 957 1170 multorum
1006 1119 1182 1167 civium
1228 1134 1375 1181 opera
1421 1118 1563 1166 simul
1608 1119 1779 1178 utitur,

392 1216 480 1264 pro
510 1199 774 1246 multorum
802 1196 943 1244 simul
976 1193 1344 1242 conservatione
1373 1193 1557 1241 solvere
1587 1193 1778 1242 debeat.

395 1276 542 1325 Quod
567 1291 676 1323 cum
697 1273 1007 1321 manifestum
1033 1270 1112 1328 sit,
1127 1269 1221 1317 hoc
1246 1276 1437 1317 tantum
1463 1269 1780 1332 quaerendum

393 1358 560 1409 restat,
589 1348 834 1413 quomodo
858 1347 941 1394 illa
963 1346 1014 1393 in
1038 1345 1233 1392 tributis
1262 1344 1505 1392 solvendis
1528 1345 1780 1408 aequalitas

394 1425 641 1474 observari
665 1432 841 1487 potest.
911 1420 1131 1468 Rationis
1156 1420 1285 1467 enim
1308 1436 1408 1467 non
1433 1427 1520 1479 est,
1540 1428 1596 1468 ut
1614 1420 1670 1479 is,
1696 1421 1779 1484 qui

396 1500 634 1549 industria
665 1507 714 1546 et
738 1496 1033 1561 parsimonia
1057 1495 1287 1543 alimenta
1310 1495 1606 1558 acquisierit,
1632 1512 1778 1559 quam

394 1577 435 1623 is
460 1576 542 1638 qui
561 1575 738 1622 inertia
761 1581 810 1621 et
831 1573 1024 1620 luxuria
1039 1570 1171 1634 quod
1188 1571 1359 1618 habuit
1383 1570 1646 1630 decoxerit,
1666 1588 1778 1619 cum

394 1669 423 1699 a
457 1651 652 1699 civitate
687 1649 938 1713 aequaliter
972 1655 1180 1710 uterque
1215 1653 1469 1710 protectus
1506 1647 1583 1706 sit,
1622 1647 1778 1711 magis

394 1734 691 1775 oneraretur.
760 1723 1029 1788 AEqualitas
1065 1739 1181 1786 ergo
1216 1722 1505 1785 pensionum
1539 1723 1591 1769 in
1614 1723 1777 1785 publi-

395 1819 503 1850 cum
522 1802 616 1849 alia
631 1817 733 1848 esse
757 1816 856 1848 non
875 1806 1053 1863 potest,
1072 1798 1166 1845 nisi
1184 1805 1240 1845 ut
1262 1798 1596 1861 unusquisque
1620 1798 1778 1847 solvat

393 1894 481 1941 pro
515 1877 704 1925 ratione
741 1892 907 1923 eorum
947 1891 1056 1938 quae
1092 1874 1351 1931 consumit,
1387 1873 1439 1921 id
1474 1880 1563 1932 est,
1599 1873 1694 1921 nisi
1721 1882 1778 1922 ut

393 1954 576 2000 tributa
610 1969 707 1999 non
743 1951 978 2015 personis,
1018 1950 1104 1998 sed
1133 1950 1277 1997 rebus
1308 1949 1424 2012 ipsis
1463 1965 1571 2011 quae
1602 1964 1777 1997 consu-

393 2028 568 2076 menda
602 2036 729 2086 sunt,
755 2027 1083 2090 imponantur.

460 2104 706 2152 Quoniam
733 2110 897 2150 autem
923 2109 1048 2161 sunt,
1067 2102 1151 2164 qui
1169 2101 1303 2148 nullo
1324 2117 1411 2149 suo
1434 2100 1571 2159 vitio,
1591 2100 1678 2148 sed
1699 2116 1779 2148 ac-

393 2178 666 2226 cidentibus
704 2194 811 2241 quae
845 2177 1113 2240 praevidere
1143 2193 1243 2224 non
1265 2184 1548 2240 potuerunt,
1573 2176 1625 2223 in
1649 2175 1777 2224 cala-

394 2254 586 2302 mitates
606 2254 841 2310 incidunt,
865 2253 934 2300 ita
949 2260 1004 2300 ut
1028 2252 1259 2300 alimenta
1282 2268 1370 2299 sua
1383 2252 1517 2300 nulla
1536 2251 1777 2299 industria

392 2345 653 2392 procurare
687 2328 913 2383 valeant3
951 2328 1014 2375 ad
1038 2327 1210 2374 summi
1248 2327 1532 2390 imperantis
1562 2327 1775 2375 officium

393 2405 538 2452 etiam
559 2404 786 2467 pertinet,
811 2419 874 2450 ne
910 2419 1018 2465 quae
1053 2402 1116 2450 ad
1149 2403 1302 2450 vitam
1335 2403 1610 2451 necessaria
1643 2410 1774 2461 sunt,

392 2479 484 2526 illis
519 2479 694 2527 desint.
765 2479 887 2526 Cum
922 2478 1051 2525 enim
1075 2478 1125 2525 in
1151 2494 1340 2526 summa
1362 2479 1655 2527 necessitate
1691 2494 1775 2527 ex-

392 2555 659 2613 istentibus,
684 2554 843 2601 aliena
866 2554 1122 2616 surripere,
1142 2560 1227 2600 aut
1262 2554 1410 2601 etiam
1446 2570 1632 2618 rapere,
1663 2555 1774 2618 jure

393 2638 578 2677 naturae
615 2629 904 2692 permissum
942 2628 1041 2683 sit;
1089 2644 1150 2675 ne
1193 2628 1381 2677 civitati
1423 2629 1542 2678 alias
1579 2629 1772 2678 molesti

393 2705 504 2762 sint,
529 2721 559 2751 a
593 2704 789 2751 civitate
825 2702 986 2751 alendi
1021 2711 1150 2759 sunt,
1174 2719 1331 2766 neque
1367 2704 1685 2768 singularium
1707 2706 1774 2753 ci-

394 2779 522 2826 vium
548 2779 746 2826 incertae
770 2778 997 2826 charitati
1022 2777 1340 2840 relinquendi.

462 2854 612 2902 Iidem
649 2851 810 2902 aute‘m
848 2853 887 2901 si
921 2868 1124 2915 corpora
1159 2852 1334 2901 idonea
1362 2853 1590 2913 habeant,
1617 2853 1680 2902 ad
1703 2853 1771 2902 la-
