1968 3236
231 418 397 451 CAPAI.

221 514 266 543 De
278 514 392 543 him-esi.

462 273 555 315 546
771 278 1054 313 APPENDIX
1079 276 1151 310 AD
1179 275 1515 309 LEVIATHAN.

461 394 694 441 habentes
729 390 969 437 rationem
1002 388 1065 435 ad
1104 387 1390 447 religionem
1423 387 1474 434 in
1499 386 1720 433 Romano
1745 383 1835 431 im-

461 469 595 533 perio
621 466 897 523 stabilitam,
932 480 1072 527 quam
1098 463 1295 511 haeresis
1323 462 1468 510 hodie
1493 461 1555 509 ad
1579 460 1834 509 ecclesiam

463 543 765 591 catholicam.
836 540 1037 588 Gravius
1061 547 1226 586 autem
1249 538 1495 601 aliquanto
1520 544 1593 585 est
1629 535 1835 584 Christi-

462 636 578 667 anos
602 635 631 666 a
655 616 955 671 Christianis,
981 631 1127 677 quam
1152 615 1211 661 ab
1235 613 1510 660 infidelibus
1534 611 1755 659 cruciari.

527 695 589 742 B.
628 693 763 740 Idem
786 691 980 739 videtur
1015 698 1064 738 et
1086 689 1219 736 mihi.
1293 688 1389 736 Sed
1411 695 1575 735 tamen
1598 687 1650 734 in
1673 686 1835 749 regnis

463 778 511 818 et
529 767 893 831 rebuspublicis,
917 774 972 813 ut
995 765 1157 812 cautio
1181 764 1468 812 adhibeatur
1491 778 1553 810 ne
1577 762 1837 810 seditiones

461 853 509 893 et
531 845 658 892 bella
676 842 836 890 civilia
850 841 1084 898 oriantur,
1106 839 1385 887 omnimodo
1404 838 1730 886 necessarium
1745 845 1835 885 est.

463 922 585 969 Quae
609 936 719 966 cum
744 917 1003 980 saepissime
1022 924 1285 964 nascantur
1307 931 1337 962 a
1360 915 1638 962 diversitate
1657 913 1837 961 doctri-

460 1011 632 1042 narum
657 1003 706 1042 et
743 991 1185 1040 concertationibus
1216 991 1276 1038 de
1301 990 1512 1053 ingenio,
1537 1005 1682 1053 poena
1705 997 1837 1037 certe

461 1071 622 1133 aliqua
658 1069 727 1116 illi
763 1067 1019 1116 coercendi
1058 1074 1185 1125 sunt,
1222 1067 1304 1129 qui
1342 1067 1393 1113 in
1426 1065 1738 1113 concionibus
1760 1063 1839 1112 vel

461 1146 594 1193 libris
630 1161 688 1193 ea
722 1144 913 1201 docent,
940 1158 1047 1206 quae
1072 1142 1237 1190 doceri
1261 1141 1535 1205 principum
1569 1148 1620 1188 et
1652 1155 1839 1188 rerum-

461 1221 763 1285 publicarum
803 1219 992 1282 legibus
1028 1218 1364 1281 prohibentur.
1436 1217 1608 1279 Itaque
1648 1215 1838 1279 Angliae

461 1298 629 1360 regina
669 1295 968 1351 Elizabetha,
1010 1293 1167 1341 sorori
1208 1292 1379 1340 Mariae
1426 1290 1706 1350 succedens,
1749 1291 1838 1340 sub

463 1390 558 1437 qua
580 1372 721 1420 multi
758 1371 975 1419 haeretici
998 1369 1238 1418 combusti
1263 1375 1389 1427 sunt,
1418 1367 1531 1430 (nec
1554 1367 1661 1430 ipsa
1681 1366 1840 1416 Eliza-

461 1448 609 1496 betha
644 1448 746 1494 sine
783 1445 999 1509 periculo
1037 1445 1183 1506 erat),
1209 1451 1411 1507 accepto
1448 1458 1618 1506 regno,
1651 1443 1732 1506 jus
1761 1457 1839 1490 re-

462 1523 632 1586 gendae
663 1521 877 1569 ecclesiae
901 1520 1201 1583 Anglicanae,
1233 1520 1343 1582 jure
1380 1517 1589 1566 naturali
1618 1517 1841 1566 omnibus

463 1599 656 1662 regibus
679 1599 730 1645 in
755 1598 852 1645 suis
878 1596 1106 1644 dominiis
1131 1595 1364 1654 debitum,
1389 1600 1503 1642 ante
1526 1592 1703 1649 omnia,
1727 1608 1843 1641 con-

466 1691 608 1722 sensu
647 1689 906 1737 procerum
946 1680 996 1719 et
1032 1671 1216 1734 populi,
1259 1670 1482 1718 omnibus
1517 1668 1841 1732 potestatibus

466 1750 705 1798 extraneis
723 1748 938 1797 ecclesiae
955 1747 1239 1810 Anglicanae
1257 1753 1591 1809 suprematum
1608 1743 1809 1792 abstulit
1827 1765 1840 1800 ;

466 1835 515 1875 et
549 1825 1017 1874 administrationem
1047 1822 1261 1886 ejusdem
1300 1822 1388 1870 sub
1425 1820 1582 1884 seipsa
1602 1819 1842 1884 'episcopis

462 1902 578 1961 suis,
598 1918 695 1949 una
714 1918 824 1949 cum
848 1900 1015 1964 paucis
1039 1915 1098 1947 ex
1122 1898 1323 1946 consilio
1348 1913 1434 1946 suo
1455 1897 1666 1960 privato,
1690 1895 1842 1960 diplo-

464 1985 593 2025 mate
618 1978 704 2024 sub
742 1976 907 2040 sigillo
933 1991 1112 2039 magno
1138 1974 1328 2037 Angliae
1363 1973 1606 2021 commisit
1638 1979 1690 2020 et
1725 1986 1841 2020 con·

463 2054 689 2101 firmavit.
739 2053 796 2100 In
821 2068 916 2115 quo
941 2051 1207 2114 diplomate
1225 2049 1477 2113 provisum
1491 2055 1600 2096 erat
1617 2063 1680 2096 ne
1695 2063 1842 2111 quam

466 2129 738 2176 doctrinam
761 2127 1042 2175 haereticam
1061 2142 1162 2174 esse
1194 2125 1586 2188 pronuntiarent,
1612 2138 1720 2187 quae
1741 2123 1844 2171 hae-

466 2204 618 2252 retica
653 2203 898 2250 declarata
931 2218 1030 2249 non
1063 2201 1234 2249 fuisset
1258 2200 1309 2247 in
1340 2199 1503 2263 aliquo
1526 2214 1711 2258 eorum,
1735 2213 1843 2262 quae

466 2279 581 2337 dixi,
617 2278 944 2326 Conciliorum
983 2284 1195 2340 quatuor
1225 2276 1494 2339 primorum
1524 2274 1841 2339 generalium.

467 2356 636 2417 Itaque
655 2354 787 2417 quod
811 2353 988 2401 attinet
1011 2352 1074 2400 ad
1094 2353 1317 2410 haereseS,
1337 2357 1491 2399 status
1515 2349 1730 2398 ecclesiae
1743 2349 1844 2398 An-

466 2430 667 2492 glicanae
691 2429 857 2477 similis
888 2436 994 2475 erat
1017 2428 1119 2491 ejus
1144 2428 1229 2491 qui
1252 2435 1358 2475 erat
1375 2425 1591 2474 ecclesiae
1609 2425 1843 2473 Romanae

467 2506 554 2552 sub
594 2504 915 2552 Constantino
958 2503 1142 2565 Magno
1165 2524 1176 2558 ;
1223 2510 1274 2550 et
1314 2501 1382 2550 sic
1419 2500 1653 2550 remansit
1690 2515 1843 2564 usque

467 2580 529 2626 ad
563 2596 743 2627 annum
781 2579 1022 2626 decimum
1060 2579 1318 2641 septimum
1354 2577 1482 2641 regis
1510 2575 1673 2625 Caroli
1695 2575 1734 2635 I,
1758 2575 1844 2639 qui

468 2654 771 2702 subditorum
805 2669 1018 2711 suorum,
1048 2660 1234 2700 tantam
1268 2658 1559 2716 potestatem
1591 2651 1843 2715 episcopo-

468 2746 575 2777 rum
599 2746 698 2777 non
722 2729 998 2786 ferentium,
1023 2727 1246 2790 precibus
1265 2727 1366 2775 fere
1391 2733 1604 2785 coactus,
1626 2725 1845 2790 diploma

469 2804 586 2851 illud
609 2803 902 2852 Elizabethae
936 2802 1196 2860 revocavit,
1221 2802 1393 2850 relicta
1421 2801 1658 2865 episcopis
1681 2808 1844 2866 potes-

469 2885 569 2925 tate
601 2887 790 2926 tantum
822 2876 1083 2934 ordinaria,
1112 2876 1340 2924 nimirum
1371 2875 1582 2924 faciendi
1617 2890 1842 2934 canoneS,

472 2954 554 3017 qui
579 2952 910 3000 consentiente
934 2967 1047 3015 rege
1070 2951 1202 3014 leges
1224 2951 1396 2998 fierent
1421 2950 1776 2999 ecclesiasticae.
