1968 3236
692 257 762 290 nn
789 256 1067 291 CIVITATB.
1483 243 1572 285 159

188 379 311 429 tum,
335 370 420 434 qui
443 369 494 416 in
518 384 688 416 causas
705 378 756 416 et
779 377 1006 416 naturam
1030 382 1194 415 rerum
1212 365 1427 414 civilium
1449 378 1576 411 nun·
1628 384 1733 416 eff,
1754 382 1837 415 xx,

189 461 336 511 quam
369 445 612 509 profunde
645 445 974 508 inspexerunt,
1011 442 1276 491 invalidum
1310 450 1400 490 est.
1469 439 1576 487 Etsi

188 521 321 570 enim
343 520 566 569 homines
589 519 910 567 fundamenta
933 519 1189 567 domorum
1212 532 1409 565 suarum
1428 531 1576 578 super

189 612 390 646 arenam
413 596 726 654 collocarent,
750 611 850 643 non
875 603 1039 642 tamen
1073 593 1187 641 inde
1221 591 1390 640 inferri
1411 598 1577 655 potest

189 680 248 721 ut
269 672 341 721 ita
361 672 468 719 fieri
492 671 684 719 debeat.
770 671 985 718 Scientia
1018 667 1351 718 constituendi
1380 682 1576 715 conser-

189 747 436 811 vandique
456 747 695 805 civitates,
720 746 913 809 regulas
938 754 1095 793 certas
1112 745 1262 793 habet
1281 751 1331 792 et
1347 741 1577 791 infallibi-

191 822 263 871 les
285 838 387 871 non
411 822 571 870 minus
595 839 741 885 quam
764 821 1075 869 arithmetica
1094 830 1145 869 et
1162 819 1458 884 geometria3
1493 835 1580 867 ne-

192 914 289 962 que
311 899 375 946 ab
397 914 490 946 usu
525 907 718 945 tantum
753 897 1012 960 dependet.
1100 897 1236 946 Quas
1271 895 1465 959 regulas
1496 911 1580 943 ex-

193 974 445 1038 cogitandi
468 974 622 1022 otium
646 989 805 1036 neque
829 973 1106 1020 habuerunt
1133 987 1387 1036 pauperes,
1421 987 1581 1034 neque

192 1050 278 1114 qui
301 1050 455 1098 otium
490 1058 541 1098 et
575 1051 879 1098 voluntatem
903 1049 1133 1107 habuere,
1156 1064 1254 1111 qua
1274 1046 1507 1095 methodo
1530 1046 1583 1094 id

193 1125 474 1175 faciendum
498 1136 606 1175 erat
628 1126 990 1174 intellexerunt.

696 1407 916 1456 CAPUT
949 1407 1091 1455 XXI.

603 1511 665 1544 DE
690 1512 957 1544 unna-rna
982 1512 1167 1545 curum.

198 1578 445 1627 Libertas
479 1580 724 1644 significat
753 1581 950 1644 proprie
973 1581 1245 1629 absentiam
1266 1581 1587 1645 impedimen-

197 1663 363 1704 torum
402 1664 565 1705 motus
603 1665 949 1713 externorum3
985 1664 1036 1705 et
1074 1657 1257 1705 dicitur
1301 1673 1403 1705 non
1426 1658 1587 1705 minus

197 1730 261 1780 de
284 1732 429 1780 rebus
443 1732 808 1780 irrationalibus
824 1740 876 1780 et
899 1732 1196 1791 inanimatis,
1218 1749 1364 1796 quam
1379 1732 1589 1780 rationa-

197 1807 341 1855 libus.
411 1807 662 1871 Quicquid
684 1808 815 1856 enim
838 1808 909 1856 ita
930 1808 1114 1871 ligatur
1148 1808 1228 1856 vel
1261 1808 1587 1867 concluditur,

201 1890 262 1931 ut
282 1883 376 1931 nisi
409 1882 461 1930 in
494 1883 652 1947 spatio
687 1884 749 1931 ab
784 1883 1000 1932 externis
1035 1885 1323 1948 corporibus
1358 1884 1589 1932 determi-

199 1966 319 2007 nato
330 1959 516 2007 moveri
534 1966 763 2023 nequeat,
782 1959 835 2007 id
850 1959 1057 2008 ulterius
1074 1959 1422 2024 progrediendi
1440 1959 1591 2007 liber-

199 2040 310 2082 tate
339 2049 507 2082 carere
536 2034 759 2083 dicimus.
830 2035 1004 2099 Itaque
1027 2036 1258 2084 animalia
1287 2035 1405 2083 dum
1438 2035 1590 2083 muris

198 2109 520 2158 includuntur
535 2110 615 2158 vel
631 2110 815 2159 catenis
828 2110 894 2159 ad
915 2111 1078 2159 locum
1102 2119 1292 2160 certum
1309 2112 1589 2175 alligantur,

199 2184 350 2233 eundi
386 2201 483 2249 quo
523 2186 707 2250 alioqui
751 2187 883 2235 itura
926 2195 1091 2236 essent
1130 2187 1370 2235 libertate
1403 2194 1590 2235 carent.

202 2259 417 2310 Quando
441 2277 555 2310 vero
575 2261 980 2326 impedimentum
1003 2262 1055 2310 in
1076 2263 1184 2326 ipsa
1206 2272 1283 2310 est
1304 2270 1482 2310 natura
1502 2262 1590 2320 rei,

200 2351 301 2384 non
325 2335 565 2384 libertate
586 2336 673 2384 sed
686 2338 923 2402 potentia
960 2353 1127 2386 carere
1165 2338 1373 2392 dicitur3
1410 2337 1482 2384 sic
1506 2337 1595 2385 ho-

201 2426 301 2470 mo,
340 2411 426 2475 qui
460 2413 634 2461 morbo
657 2413 829 2461 affixus
864 2413 995 2461 lecto
1030 2422 1120 2473 aet,
1156 2413 1306 2462 eundi
1337 2412 1591 2478 potentia,

201 2502 305 2535 non
338 2486 593 2547 libertate,
628 2488 811 2552 privari
847 2489 1045 2538 dicitur.

268 2563 422 2612 Juxta
437 2563 566 2612 hanc
588 2565 837 2628 propriam
854 2574 906 2613 et
928 2572 1176 2629 receptam
1194 2564 1326 2612 vocis
1350 2563 1595 2627 signifiea-

203 2638 405 2699 tionem,
430 2638 561 2687 liber
584 2640 766 2688 dicitur
788 2640 829 2688 is
864 2640 950 2703 qui
986 2656 1047 2688 ex
1086 2640 1161 2698 iis,
1194 2654 1304 2702 quae
1326 2638 1511 2686 viribus
1544 2648 1596 2688 et

205 2721 312 2763 arte
332 2715 535 2779 propria
555 2715 719 2763 facere
740 2722 920 2779 potaet,
945 2716 1065 2779 quin
1082 2714 1231 2762 faciat
1246 2713 1476 2777 quicquid
1491 2714 1598 2763 vult

205 2804 308 2838 non
327 2790 607 2854 impeditur.
678 2790 777 2839 Sed
797 2805 943 2838 voces
960 2789 1089 2838 liber
1111 2798 1163 2837 et
1186 2788 1401 2836 libertas
1424 2788 1509 2852 qui
1531 2789 1595 2838 ad

204 2864 325 2914 alias
343 2880 423 2914 res
438 2873 623 2929 praeter
636 2880 845 2929 corpora
857 2864 1121 2929 applicant,
1139 2864 1422 2912 abutuntur.
1448 2863 1597 2913 Quod

1631 438 1823 461 -q—-ae

1634 485 1679 513 De
1693 483 1822 512 dominio

1633 533 1754 566 paterno
1765 531 1795 555 et

1632 572 1788 609 despotico.
