1968 3236
7 56 17 111 ἲ,

3 111 21 148 ‘i‘

698 208 768 242 na
795 206 1071 242 ctvrrAra.
1480 191 1571 242 173

179 340 282 390 qne
309 322 522 372 hominis
545 321 760 369 absentis
783 319 966 367 factum
991 327 1081 367 est
1151 317 1322 366 Coetus
1344 315 1476 363 enim
1499 315 1571 399 ip-
1606 333 1709 367 eff.
1727 332 1845 365 χχιι.

185 400 286 449 sius
309 398 419 447 ideo
440 397 627 445 factum
652 405 741 454 est,
761 395 875 458 quia
896 394 1094 457 majoris
1116 392 1271 457 partis
1294 398 1398 446 est;
1434 399 1485 439 et
1507 389 1572 438 si-
1608 389 1815 459 m

186 474 384 540 quidem
419 473 604 521 crimen
628 472 707 529 sit,
731 469 1006 534 puniendus
1031 476 1187 517 coetus
1211 474 1300 526 est,
1332 474 1572 530 quatenus
1608 460 1715 502 tibuit
1717 472 1815 502 inum

185 566 344 616 poeuae
362 565 517 613 capax
539 555 615 596 est
636 565 647 594 :
681 545 890 609 exempli
913 561 1075 601 causa,
1098 559 1187 608 per
1204 542 1573 591 dissolutionem

186 624 479 692 systematis,
504 639 613 687 quae
637 621 833 685 quidem
866 619 1103 684 ejusmodi
1127 618 1414 682 corporibus
1445 616 1574 665 ficti-

186 701 269 751 tiis
304 699 525 765 capitalis
567 706 656 755 est,
680 697 774 756 vel,
805 696 847 744 si
876 695 1022 743 modo
1058 694 1283 743 aerarium
1317 709 1573 741 commune

186 777 367 827 habeat
391 782 564 832 coetuS‚
582 790 672 838 per
695 772 927 821 mulctam
942 768 1287 835 pecuniariam.
1337 770 1466 817 Nam
1482 769 1574 817 hu-

181 851 400 919 jusmodi
424 858 688 915 systemata
710 866 741 897 a
770 848 929 912 poenis
966 846 1214 911 corporeis
1251 847 1356 909 ipsa
1394 845 1576 893 exemit

186 937 380 978 natura.
451 926 550 975 Qui
587 934 753 973 autem
785 923 978 972 crimini
1007 939 1038 970 a
1069 930 1335 987 systemate
1374 920 1574 969 decreto

188 1002 474 1066 suffragium
511 1016 655 1048 suum
691 1015 791 1047 non
829 998 1085 1055 dederunt,
1109 997 1394 1045 innocentes
1430 1003 1574 1050 sunt;

188 1087 240 1128 et
262 1078 380 1143 quia
401 1084 575 1133 coetus‚
607 1091 696 1139 per
718 1075 883 1122 literas
907 1089 1033 1132 suas,
1058 1073 1303 1121 neminem
1321 1072 1372 1120 in
1396 1071 1576 1120 illicitis

188 1162 544 1218 repraesentare
583 1158 760 1215 potest,
798 1150 1084 1197 innoeentes
1122 1148 1191 1197 illi
1236 1148 1288 1196 in
1333 1147 1577 1212 sufflagiis

189 1229 472 1278 nocentium
490 1243 590 1275 non
614 1224 1114 1289 comprehenduntur.

257 1304 311 1352 Si
333 1318 542 1368 persona
559 1300 835 1365 systematis
858 1300 920 1347 sit
943 1299 994 1347 in
1017 1299 1215 1346 homine
1233 1314 1348 1356 uno,
1365 1306 1414 1346 et
1431 1298 1471 1346 is
1492 1313 1579 1361 pe-

189 1380 384 1428 cuniam
407 1385 629 1426 mutuam
652 1375 911 1439 sumpserit
934 1376 995 1423 ab
1020 1382 1268 1433 extraneo,
1304 1374 1357 1422 id
1393 1382 1484 1438 est,
1517 1373 1579 1421 ab

189 1470 252 1503 eo
275 1455 360 1519 qui
383 1453 657 1502 membrum
682 1451 960 1515 systematis
986 1451 1092 1514 ejus
1120 1466 1220 1498 non
1244 1458 1320 1498 est
1340 1471 1352 1505 ;
1389 1449 1581 1497 debitor

187 1536 265 1578 est
300 1529 357 1588 is,
389 1529 475 1592 qui
511 1527 660 1575 habet
694 1542 956 1590 personam
990 1525 1282 1589 systematis,
1319 1541 1479 1588 neque
1512 1524 1577 1572 ad

98 1654 112 1665 .
188 1604 481 1654 solutionem
503 1611 701 1651 tenetur
723 1602 848 1650 alius
872 1601 1163 1664 quicunque.
1234 1601 1446 1664 Alioqui,
1469 1600 1580 1648 lite-

188 1695 351 1729 rarum
377 1694 576 1727 suarum
606 1676 907 1725 authoritate
941 1676 1104 1724 facere
1133 1685 1317 1740 posset,
1353 1683 1410 1724 ut
1446 1676 1582 1739 quic-

190 1754 346 1820 quid
332 1770 438 1818 lpse
473 1760 700 1801 mutuum
732 1751 935 1799 sumerit
958 1751 1042 1799 alii
1064 1751 1322 1800 solverent.
1416 1751 1583 1816 Syste-

190 1830 335 1879 matis
375 1844 495 1892 ergo
535 1826 841 1875 subordinati
881 1826 1156 1874 membrum
1193 1826 1256 1874 ad
1287 1827 1583 1875 solutionem

190 1904 430 1970 pecuniae,
465 1919 612 1967 quam
648 1917 859 1966 persona
893 1901 1171 1965 systematis
1198 1902 1412 1965 (quoties
1434 1901 1583 1950 homo

192 1982 287 2043 est)
326 1988 547 2028 mutuam
586 1977 864 2041 sumpserit,
901 1977 1060 2025 teneri
1099 1993 1199 2024 non
1234 1984 1413 2041 potest.
1485 1977 1584 2031 Qui

194 2055 452 2121 pecuniam
485 2061 707 2103 mutuam
741 2053 843 2111 dat,
878 2069 990 2101 cum
1029 2053 1283 2116 systemati
1316 2062 1579 2102 extraneus

194 2131 276 2191 sit,
320 2147 412 2196 pro
453 2130 755 2179 debitoribus
791 2129 940 2177 habet
975 2145 1060 2176 eos
1102 2129 1231 2177 solos
1269 2129 1355 2192 qui
1389 2129 1577 2177 solvere

192 2207 547 2272 promiserant;
579 2220 841 2270 personam
873 2204 1004 2252 enim
1036 2212 1260 2252 mutuum
1292 2204 1581 2267 accipientis

193 2282 393 2341 nullam,
415 2290 599 2346 praeter
621 2280 774 2344 ipsius
796 2280 1007 2328 hominis
1040 2289 1286 2338 naturam,
1310 2280 1581 2343 cognoscit.

196 2357 340 2407 Solus
372 2373 491 2421 ergo
525 2356 718 2405 debitor
748 2355 790 2403 is
826 2364 918 2413 est,
943 2362 993 2402 et
1030 2355 1217 2403 solvere
1255 2355 1402 2402 debet
1423 2354 1502 2402 vel
1525 2370 1586 2402 ex

196 2433 444 2482 communi
468 2432 713 2490 thesauro,
737 2430 815 2479 vel
838 2446 898 2478 ex
920 2430 1131 2494 pecunia
1153 2430 1366 2494 propria.
1449 2429 1587 2477 Idem

197 2506 459 2557 dicendum
481 2515 555 2556 est
578 2506 639 2555 de
662 2506 861 2564 mulcta,
877 2505 919 2554 si
936 2505 1191 2569 contingat
1204 2520 1465 2569 personam
1483 2520 1587 2568 sys-

197 2583 394 2632 oematis
417 2582 738 2638 subordinati‚
762 2597 910 2646 quam
931 2580 1059 2644 gerit
1081 2581 1230 2628 homo
1252 2595 1394 2638 unus,
1421 2595 1452 2627 a
1473 2595 1585 2643 per-

200 2674 322 2708 sona
338 2659 551 2708 civitatis
573 2657 784 2722 pecunia
803 2656 1048 2705 mulctari.

267 2733 478 2783 Quando
500 2740 665 2781 autem
687 2747 899 2796 persona
930 2730 1209 2795 systematis
1243 2730 1295 2778 in
1330 2737 1463 2777 coetu
1493 2736 1586 2788 est,

200 2807 502 2873 debeturque
507 2807 717 2872 pecunia
728 2814 976 2866 extranee,
984 2804 1287 2855 tenenturad
1298 2804 1590 2854 solutionem
