1968 3236
524 275 811 309 APPEme
837 276 909 308 An
937 275 1275 309 mvn-riuis.
1492 266 1580 311 531

209 386 423 445 nomina,
447 395 649 451 propter
671 388 999 451 apparitiones
1032 388 1260 446 diversas,
1285 387 1477 436 diversa
1500 388 1587 435 im-

207 462 475 526 posuerint,
517 472 747 511 vocantes
792 463 996 511 eandem
1031 479 1132 511 rem
1174 480 1420 528 magnam,
1458 463 1587 511 colo-

207 543 391 595 ratam,
439 538 631 597 duram,
675 554 881 602 gravene
902 556 920 592 ‚·
969 538 1281 587 considerant
1326 539 1377 586 in
1416 538 1498 587 illa
1536 555 1588 587 re

208 612 471 676 aliquando
513 614 643 676 quod
690 620 832 661 tanta
874 623 962 671 est,
1004 630 1111 677 quae
1151 623 1235 662 est·
1267 614 1588 663 consideratio

208 696 566 752 geometrarum
587 710 599 743 ;
635 688 895 751 aliquando
918 689 1048 752 quod
1073 689 1314 747 colorata,
1337 689 1414 737 vel
1443 689 1587 748 dura,

209 764 287 813 vel
316 764 497 829 gra-cis
530 774 619 822 est,
652 781 761 828 quae
796 764 1121 812 consideratio
1157 772 1229 812 est
1262 764 1587 827 physicorum.

207 840 274 889 Et
295 849 571 904 propterea,
596 840 659 888 ad
682 840 1044 887 distinctionem
1068 840 1433 903 phantasmatis,
1451 841 1588 903 cujus

210 931 404 964 causam
443 916 494 963 in
530 925 759 964 concreto
800 931 903 963 esse
939 915 1232 978 intelligunt,
1269 915 1330 963 ab
1365 916 1589 963 omnibus

208 990 318 1039 aliis
339 991 758 1055 phantasmatibus
782 991 998 1054 ejusdem
1022 991 1107 1050 rei,
1127 991 1403 1039 detorsione
1427 991 1591 1054 aliqua

209 1067 462 1114 nominum
498 1067 568 1114 ita
602 1083 705 1114 rem
740 1067 950 1130 signant,
982 1074 1168 1131 ut§non
1204 1068 1306 1130 jam
1347 1083 1588 1131 magnam,

210 1141 502 1201 coloratam,
530 1142 720 1200 duram,
741 1158 949 1207 gravem
974 1139 1153 1200 dicant,
1178 1142 1263 1190 sed
1285 1142 1588 1206 magnitudi-

208 1233 330 1275 nem,
355 1217 582 1275 colorem,
607 1217 856 1276 duritiem,
877 1217 1185 1282 gravitatem
1216 1217 1396 1264 dicant.
1466 1210 1589 1266 Quae

208 1307 383 1340 vocum
407 1293 689 1350 abstractio,
715 1309 825 1340 cum
860 1292 980 1340 nihil
1015 1292 1148 1339 aliud
1179 1292 1244 1339 sit
1268 1307 1413 1354 quam
1435 1291 1589 1355 phan-

208 1369 430 1416 tasmatis
464 1369 541 1416 vel
584 1369 813 1426 nominis,
854 1368 916 1415 ab
962 1367 1069 1415 aliis
1107 1367 1329 1415 omnibus
1374 1366 1590 1429 ejusdem

208 1444 428 1492 concreti
470 1443 937 1492 considerationibus
969 1451 1018 1490 et
1051 1442 1328 1490 nominibus
1352 1451 1588 1505 separata,

208 1519 551 1577 consideratio,
576 1518 638 1566 ad
663 1518 935 1566 doctrinam
955 1532 1208 1565 causarum
1235 1516 1337 1564 fere
1368 1533 1590 1565 necessa-

208 1594 284 1642 ria
318 1602 407 1642 aet.
480 1595 602 1642 Haec
639 1594 679 1642 si
716 1601 849 1641 recte
884 1594 1143 1655 intelligas,
1178 1592 1408 1655 intelligis
1442 1593 1588 1640 etiam

208 1669 505 1733 impossibile
540 1686 660 1727 esse,
695 1679 752 1716 ut
787 1670 996 1716 essentia
1028 1669 1171 1716 ullius
1206 1668 1331 1715 entis
1366 1675 1593 1732 separata

209 1745 387 1794 existat
423 1747 485 1794 ab
519 1746 626 1809 ipso
650 1753 780 1800 ente,
803 1760 994 1807 nempe,
1018 1751 1074 1791 ut
1113 1743 1181 1790 ibi
1214 1742 1278 1791 sit
1311 1742 1475 1790 album
1507 1743 1592 1790 ubi

207 1836 308 1869 non
332 1829 408 1869 est
429 1821 620 1879 albedo,
645 1829 731 1868 aut
769 1820 942 1868 albedo
973 1820 1055 1867 ubi
1088 1834 1186 1867 non
1210 1826 1283 1866 est
1305 1818 1485 1877 album,
1505 1827 1591 1866 aut

208 1894 356 1944 homo
378 1896 462 1943 ubi
484 1912 585 1944 non
609 1904 683 1943 est
704 1895 980 1943 humanitas
1002 1916 1014 1949 3
1039 1894 1310 1957 falsumque
1330 1909 1435 1942 esse
1459 1893 1591 1957 quod

210 1971 383 2019 asserit
418 1971 719 2029 Aristoteles,
755 1970 999 2018 essentias
1039 1970 1239 2034 aliquas
1271 1969 1488 2017 existere
1527 1968 1590 2017 ab

210 2044 318 2094 illis
339 2045 488 2094 rebus
510 2052 796 2111 separatas,
821 2061 1029 2110 quarum
1054 2045 1154 2093 illae
1187 2050 1301 2092 sunt
1333 2044 1556 2092 essentioe
1571 2063 1589 2098 ;

210 2127 262 2169 et
298 2121 503 2185 proinde
543 2122 753 2170 animam
775 2121 853 2168 vel
886 2137 986 2170 non
1021 2137 1139 2179 esse,
1164 2128 1219 2168 ut
1254 2119 1333 2167 ille
1357 2119 1491 2177 dicit,
1515 2134 1588 2166 ω-

210 2197 419 2245 sentiam
441 2197 678 2255 animalis,
693 2206 779 2245 aut
801 2206 996 2245 mortuo
1014 2196 1211 2244 animali
1230 2211 1328 2242 non
1353 2194 1588 2248 existere;

211 2278 263 2320 et
299 2287 390 2335 per
426 2288 727 2336 consequens
768 2288 952 2320 errasse
990 2271 1318 2327 Aristotelem,
1357 2285 1415 2316 eo
1461 2268 1590 2331 quod

212 2362 314 2395 non
353 2346 629 2395 distinxerit
663 2348 794 2395 inter
835 2356 1080 2411 separatas
1117 2362 1210 2403 res,
1252 2354 1300 2393 et
1345 2352 1590 2408 separatas

213 2422 429 2486 ejusdem
452 2423 524 2471 rei
547 2422 974 2471 considerationes.

278 2498 345 2545 A.
382 2498 610 2562 Intelligo
645 2513 790 2546 voces
825 2499 1092 2546 abstractas
1127 2495 1189 2543 ad
1223 2510 1392 2543 causas
1426 2509 1589 2542 rerum

212 2573 568 2636 apparentium,
591 2589 683 2620 nec
705 2573 798 2621 nisi
820 2573 871 2621 in
905 2572 1251 2636 imaginatione
1273 2578 1443 2617 nostra
1465 2569 1590 2616 exis-

212 2648 439 2706 tentium,
462 2647 764 2711 indagandas
786 2648 1082 2696 necessarias
1105 2646 1205 2694 fere
1228 2660 1360 2698 esse;
1397 2643 1483 2691 sed
1505 2660 1591 2691 no-

213 2738 325 2771 men
350 2724 568 2771 essentia
592 2722 890 2786 simpliciter,
908 2739 1006 2771 non
1031 2721 1313 2784 impositum
1326 2727 1431 2766 erat
1444 2734 1590 2782 prop-

213 2808 291 2847 ter
329 2798 618 2862 phantasma
656 2804 894 2853 nostrum,
930 2797 1055 2846 sicut
1094 2793 1399 2859 magnitude,
1436 2792 1589 2852 color,

215 2881 308 2922 etc.
333 2889 443 2936 quae
478 2888 675 2921 causam
697 2872 880 2921 habent
918 2872 968 2920 in
1003 2871 1218 2934 quinque
1249 2868 1445 2932 organis
1481 2884 1589 2917 sen-

1284 2959 1325 2992 M
1348 2958 1390 2992 Μ
1407 2961 1427 2994 ²

1661 410 1763 443 CAP.
1780 411 1810 444 1.

1643 466 1830 486 ἣ-Ὓ--ό

1647 506 1691 534 Do
1705 507 1835 544 symbolo

1647 550 1766 578 Nieeno.
