<?xml version="1.0" encoding="UTF-8"?>
<!DOCTYPE html PUBLIC "-//W3C//DTD XHTML 1.0 Transitional//EN"
    "http://www.w3.org/TR/xhtml1/DTD/xhtml1-transitional.dtd">
<html xmlns="http://www.w3.org/1999/xhtml" xml:lang="en" lang="en">
 <head>
  <title>
</title>
<meta http-equiv="Content-Type" content="text/html;charset=utf-8" />
  <meta name='ocr-system' content='tesseract 3.04.00' />
  <meta name='ocr-capabilities' content='ocr_page ocr_carea ocr_par ocr_line ocrx_word'/>
</head>
<body>
  <div class='ocr_page' id='page_1' title='image "./operaphilosophic03hobbuoft_0447.png"; bbox 0 0 1968 3236; ppageno 0'>
   <div class='ocr_carea' id='block_1_1' title="bbox 484 216 1543 272">
    <p class='ocr_par' dir='ltr' id='par_1_1' title="bbox 484 216 1543 272">
     <span class='ocr_line' id='line_1_1' title="bbox 484 216 1543 272; baseline -0.009 0"><span class='ocrx_word' id='word_1_1' title='bbox 484 238 555 272; x_wconf 77' lang='lat' dir='ltr'><strong>na</strong></span> <span class='ocrx_word' id='word_1_2' title='bbox 582 237 840 272; x_wconf 71' lang='lat' dir='ltr'><strong>clvrrATa</strong></span> <span class='ocrx_word' id='word_1_3' title='bbox 867 233 1223 270; x_wconf 71' lang='lat' dir='ltr'><strong>cums-HANA.</strong></span> <span class='ocrx_word' id='word_1_4' title='bbox 1448 216 1543 270; x_wconf 57' lang='lat'><strong>447</strong></span> 
     </span>
    </p>
   </div>
   <div class='ocr_carea' id='block_1_2' title="bbox 157 342 1829 574">
    <p class='ocr_par' dir='ltr' id='par_1_2' title="bbox 157 342 1829 574">
     <span class='ocr_line' id='line_1_2' title="bbox 157 342 1827 416; baseline -0.008 -17"><span class='ocrx_word' id='word_1_5' title='bbox 157 349 399 416; x_wconf 72' lang='lat' dir='ltr'><strong>iustitiam</strong></span> <span class='ocrx_word' id='word_1_6' title='bbox 441 348 744 412; x_wconf 85' lang='lat' dir='ltr'>intelligatur</span> <span class='ocrx_word' id='word_1_7' title='bbox 775 348 968 412; x_wconf 85' lang='lat' dir='ltr'><strong>justitia</strong></span> <span class='ocrx_word' id='word_1_8' title='bbox 1007 361 1241 410; x_wconf 88' lang='lat' dir='ltr'><strong>operum;</strong></span> <span class='ocrx_word' id='word_1_9' title='bbox 1272 342 1546 407; x_wconf 88' lang='lat' dir='ltr'><strong>justificari,</strong></span> <span class='ocrx_word' id='word_1_10' title='bbox 1565 360 1668 392; x_wconf 65' lang='lat' dir='ltr'><strong>eff.</strong></span> <span class='ocrx_word' id='word_1_11' title='bbox 1694 357 1827 390; x_wconf 76' lang='lat' dir='ltr'><strong>xun.</strong></span> 
     </span>
     <span class='ocr_line' id='line_1_3' title="bbox 165 414 1828 497; baseline -0.007 -23"><span class='ocrx_word' id='word_1_12' title='bbox 165 426 250 491; x_wconf 91' lang='lat' dir='ltr'><strong>qui</strong></span> <span class='ocrx_word' id='word_1_13' title='bbox 271 425 431 489; x_wconf 87' lang='lat' dir='ltr'><strong>legem</strong></span> <span class='ocrx_word' id='word_1_14' title='bbox 455 425 545 472; x_wconf 91' lang='lat' dir='ltr'><strong>Dei</strong></span> <span class='ocrx_word' id='word_1_15' title='bbox 570 424 717 472; x_wconf 83' lang='lat' dir='ltr'><strong>semel</strong></span> <span class='ocrx_word' id='word_1_16' title='bbox 742 433 1070 486; x_wconf 88' lang='lat' dir='ltr'><strong>transgressus</strong></span> <span class='ocrx_word' id='word_1_17' title='bbox 1094 430 1183 478; x_wconf 88' lang='lat' dir='ltr'><strong>est,</strong></span> <span class='ocrx_word' id='word_1_18' title='bbox 1204 425 1364 483; x_wconf 86' lang='lat' dir='ltr'><strong>potest</strong></span> <span class='ocrx_word' id='word_1_19' title='bbox 1386 433 1546 465; x_wconf 88' lang='lat' dir='ltr'><strong>nemo.</strong></span> <span class='ocrx_word' id='word_1_20' title='bbox 1566 414 1828 497; x_wconf 39' lang='lat' dir='ltr'><strong>new„</strong></span> 
     </span>
     <span class='ocr_line' id='line_1_4' title="bbox 166 494 1829 574; baseline -0.007 -25"><span class='ocrx_word' id='word_1_21' title='bbox 166 500 494 565; x_wconf 84' lang='lat' dir='ltr'><strong>Intelligenda</strong></span> <span class='ocrx_word' id='word_1_22' title='bbox 526 516 643 563; x_wconf 89' lang='lat' dir='ltr'><strong>ergo</strong></span> <span class='ocrx_word' id='word_1_23' title='bbox 676 508 749 547; x_wconf 89' lang='lat' dir='ltr'><strong>est</strong></span> <span class='ocrx_word' id='word_1_24' title='bbox 781 500 974 562; x_wconf 85' lang='lat' dir='ltr'><strong>justitia</strong></span> <span class='ocrx_word' id='word_1_25' title='bbox 1010 497 1235 555; x_wconf 89' lang='lat' dir='ltr'><strong>hominis,</strong></span> <span class='ocrx_word' id='word_1_26' title='bbox 1270 496 1428 559; x_wconf 88' lang='lat' dir='ltr'><strong>legem</strong></span> <span class='ocrx_word' id='word_1_27' title='bbox 1457 494 1548 541; x_wconf 89' lang='lat' dir='ltr'><strong>Dei</strong></span> <span class='ocrx_word' id='word_1_28' title='bbox 1565 502 1829 574; x_wconf 52' lang='lat' dir='ltr'><strong>effeminan-</strong></span> 
     </span>
    </p>
   </div>
   <div class='ocr_carea' id='block_1_3' title="bbox 166 545 1815 2973">
    <p class='ocr_par' dir='ltr' id='par_1_3' title="bbox 166 545 1815 716">
     <span class='ocr_line' id='line_1_5' title="bbox 166 545 1815 634; baseline -0.005 -9"><span class='ocrx_word' id='word_1_29' title='bbox 166 577 426 625; x_wconf 84' lang='lat' dir='ltr'><strong>observare</strong></span> <span class='ocrx_word' id='word_1_30' title='bbox 444 576 681 623; x_wconf 88' lang='lat' dir='ltr'><strong>conantis.</strong></span> <span class='ocrx_word' id='word_1_31' title='bbox 732 576 1047 623; x_wconf 85' lang='lat' dir='ltr'><strong>Voluntatem</strong></span> <span class='ocrx_word' id='word_1_32' title='bbox 1071 573 1201 621; x_wconf 89' lang='lat' dir='ltr'><strong>enim</strong></span> <span class='ocrx_word' id='word_1_33' title='bbox 1224 571 1401 634; x_wconf 90' lang='lat' dir='ltr'><strong>accipit</strong></span> <span class='ocrx_word' id='word_1_34' title='bbox 1418 570 1550 618; x_wconf 87' lang='lat' dir='ltr'><strong>Deus</strong></span> <span class='ocrx_word' id='word_1_35' title='bbox 1565 545 1815 619; x_wconf 50' lang='lat' dir='ltr'><strong>&amp;KQ</strong></span> 
     </span>
     <span class='ocr_line' id='line_1_6' title="bbox 167 644 1550 716; baseline -0.005 -17"><span class='ocrx_word' id='word_1_36' title='bbox 167 667 258 716; x_wconf 87' lang='lat' dir='ltr'><strong>pro</strong></span> <span class='ocrx_word' id='word_1_37' title='bbox 291 650 397 715; x_wconf 89' lang='lat' dir='ltr'><strong>ipso</strong></span> <span class='ocrx_word' id='word_1_38' title='bbox 428 667 588 714; x_wconf 83' lang='lat' dir='ltr'><strong>opere.</strong></span> <span class='ocrx_word' id='word_1_39' title='bbox 659 651 820 713; x_wconf 83' lang='lat' dir='ltr'>Atque</span> <span class='ocrx_word' id='word_1_40' title='bbox 856 650 950 697; x_wconf 91' lang='lat' dir='ltr'><strong>hoc</strong></span> <span class='ocrx_word' id='word_1_41' title='bbox 991 665 1135 697; x_wconf 90' lang='lat' dir='ltr'><strong>sensu</strong></span> <span class='ocrx_word' id='word_1_42' title='bbox 1170 647 1272 696; x_wconf 92' lang='lat' dir='ltr'><strong>solo</strong></span> <span class='ocrx_word' id='word_1_43' title='bbox 1306 654 1396 704; x_wconf 55' lang='grc' dir='ltr'><strong>ωε,</strong></span> <span class='ocrx_word' id='word_1_44' title='bbox 1419 644 1550 709; x_wconf 91' lang='lat' dir='ltr'><strong>quod</strong></span> 
     </span>
    </p>

    <p class='ocr_par' dir='ltr' id='par_1_4' title="bbox 167 721 1552 790">
     <span class='ocr_line' id='line_1_7' title="bbox 167 721 1552 790; baseline -0.005 -15"><span class='ocrx_word' id='word_1_45' title='bbox 167 726 315 775; x_wconf 85' lang='lat' dir='ltr'><strong>homo</strong></span> <span class='ocrx_word' id='word_1_46' title='bbox 333 726 508 790; x_wconf 91' lang='lat' dir='ltr'><strong>aliquis</strong></span> <span class='ocrx_word' id='word_1_47' title='bbox 532 726 628 773; x_wconf 89' lang='lat' dir='ltr'><strong>dici</strong></span> <span class='ocrx_word' id='word_1_48' title='bbox 653 735 813 789; x_wconf 92' lang='lat' dir='ltr'><strong>potest</strong></span> <span class='ocrx_word' id='word_1_49' title='bbox 836 727 1024 788; x_wconf 73' lang='lat' dir='ltr'><strong>justus,</strong></span> <span class='ocrx_word' id='word_1_50' title='bbox 1048 733 1099 772; x_wconf 90' lang='lat' dir='ltr'><strong>et</strong></span> <span class='ocrx_word' id='word_1_51' title='bbox 1123 723 1256 787; x_wconf 93' lang='lat' dir='ltr'><strong>quod</strong></span> <span class='ocrx_word' id='word_1_52' title='bbox 1287 737 1377 786; x_wconf 89' lang='lat' dir='ltr'><strong>per</strong></span> <span class='ocrx_word' id='word_1_53' title='bbox 1407 721 1552 784; x_wconf 87' lang='lat' dir='ltr'><strong>justi-</strong></span> 
     </span>
    </p>

    <p class='ocr_par' dir='ltr' id='par_1_5' title="bbox 168 797 1553 942">
     <span class='ocr_line' id='line_1_8' title="bbox 168 797 1551 864; baseline -0.004 -14"><span class='ocrx_word' id='word_1_54' title='bbox 168 802 288 851; x_wconf 85' lang='lat' dir='ltr'><strong>tiam</strong></span> <span class='ocrx_word' id='word_1_55' title='bbox 311 817 448 850; x_wconf 89' lang='lat' dir='ltr'><strong>suam</strong></span> <span class='ocrx_word' id='word_1_56' title='bbox 480 802 773 864; x_wconf 87' lang='lat' dir='ltr'><strong>justificatus</strong></span> <span class='ocrx_word' id='word_1_57' title='bbox 797 801 876 848; x_wconf 90' lang='lat' dir='ltr'><strong>sit.</strong></span> <span class='ocrx_word' id='word_1_58' title='bbox 943 801 972 848; x_wconf 92' lang='lat' dir='ltr'>J</span> <span class='ocrx_word' id='word_1_59' title='bbox 978 799 1143 848; x_wconf 91' lang='lat' dir='ltr'><strong>ustitia</strong></span> <span class='ocrx_word' id='word_1_60' title='bbox 1165 814 1282 861; x_wconf 86' lang='lat' dir='ltr'><strong>ergo</strong></span> <span class='ocrx_word' id='word_1_61' title='bbox 1299 797 1551 861; x_wconf 85' lang='lat' dir='ltr'><strong>justificat,</strong></span> 
     </span>
     <span class='ocr_line' id='line_1_9' title="bbox 168 873 1553 942; baseline -0.004 -17"><span class='ocrx_word' id='word_1_62' title='bbox 168 885 409 942; x_wconf 89' lang='lat' dir='ltr'><strong>quatenus</strong></span> <span class='ocrx_word' id='word_1_63' title='bbox 438 877 628 939; x_wconf 76' lang='lat' dir='ltr'><strong>justum</strong></span> <span class='ocrx_word' id='word_1_64' title='bbox 666 876 964 933; x_wconf 86' lang='lat' dir='ltr'><strong>denominat,</strong></span> <span class='ocrx_word' id='word_1_65' title='bbox 988 891 1088 923; x_wconf 90' lang='lat' dir='ltr'><strong>non</strong></span> <span class='ocrx_word' id='word_1_66' title='bbox 1120 882 1359 937; x_wconf 88' lang='lat' dir='ltr'><strong>quatenus</strong></span> <span class='ocrx_word' id='word_1_67' title='bbox 1394 873 1553 936; x_wconf 87' lang='lat' dir='ltr'><strong>legem</strong></span> 
     </span>
    </p>

    <p class='ocr_par' dir='ltr' id='par_1_6' title="bbox 170 949 1280 1016">
     <span class='ocr_line' id='line_1_10' title="bbox 170 949 1280 1016; baseline -0.004 -15"><span class='ocrx_word' id='word_1_68' title='bbox 170 953 242 1001; x_wconf 86' lang='lat' dir='ltr'><strong>ita</strong></span> <span class='ocrx_word' id='word_1_69' title='bbox 263 952 552 1016; x_wconf 81' lang='lat' dir='ltr'>impleverit,</span> <span class='ocrx_word' id='word_1_70' title='bbox 575 962 630 999; x_wconf 90' lang='lat' dir='ltr'><strong>ut</strong></span> <span class='ocrx_word' id='word_1_71' title='bbox 654 952 815 1015; x_wconf 89' lang='lat' dir='ltr'><strong>puniri</strong></span> <span class='ocrx_word' id='word_1_72' title='bbox 833 953 965 1015; x_wconf 86' lang='lat' dir='ltr'><strong>juste</strong></span> <span class='ocrx_word' id='word_1_73' title='bbox 989 966 1088 998; x_wconf 91' lang='lat' dir='ltr'><strong>non</strong></span> <span class='ocrx_word' id='word_1_74' title='bbox 1111 949 1280 1014; x_wconf 84' lang='lat' dir='ltr'><strong>possit.</strong></span> 
     </span>
    </p>

    <p class='ocr_par' dir='ltr' id='par_1_7' title="bbox 170 1023 1562 1770">
     <span class='ocr_line' id='line_1_11' title="bbox 239 1023 1551 1091; baseline -0.004 -16"><span class='ocrx_word' id='word_1_75' title='bbox 239 1027 338 1076; x_wconf 85' lang='lat' dir='ltr'><strong>Sed</strong></span> <span class='ocrx_word' id='word_1_76' title='bbox 372 1027 631 1091; x_wconf 87' lang='lat' dir='ltr'><strong>justificari</strong></span> <span class='ocrx_word' id='word_1_77' title='bbox 671 1027 819 1074; x_wconf 89' lang='lat' dir='ltr'><strong>etiam</strong></span> <span class='ocrx_word' id='word_1_78' title='bbox 855 1026 1033 1074; x_wconf 90' lang='lat' dir='ltr'><strong>dicitur</strong></span> <span class='ocrx_word' id='word_1_79' title='bbox 1063 1026 1119 1084; x_wconf 80' lang='lat' dir='ltr'><strong>is,</strong></span> <span class='ocrx_word' id='word_1_80' title='bbox 1150 1026 1287 1088; x_wconf 87' lang='lat' dir='ltr'><strong>cujus</strong></span> <span class='ocrx_word' id='word_1_81' title='bbox 1317 1023 1551 1082; x_wconf 82' lang='lat' dir='ltr'><strong>defensio,</strong></span> 
     </span>
     <span class='ocr_line' id='line_1_12' title="bbox 171 1102 1554 1173; baseline -0.003 -22"><span class='ocrx_word' id='word_1_82' title='bbox 171 1119 450 1168; x_wconf 80' lang='lat' dir='ltr'><strong>quanquam</strong></span> <span class='ocrx_word' id='word_1_83' title='bbox 468 1119 567 1150; x_wconf 90' lang='lat' dir='ltr'><strong>non</strong></span> <span class='ocrx_word' id='word_1_84' title='bbox 591 1103 848 1161; x_wconf 85' lang='lat' dir='ltr'><strong>sufficiens,</strong></span> <span class='ocrx_word' id='word_1_85' title='bbox 864 1102 1097 1173; x_wconf 57' lang='lat' dir='ltr'><strong>recipitur</strong></span> <span class='ocrx_word' id='word_1_86' title='bbox 1117 1108 1282 1149; x_wconf 90' lang='lat' dir='ltr'><strong>tamen</strong></span> <span class='ocrx_word' id='word_1_87' title='bbox 1305 1108 1354 1148; x_wconf 88' lang='lat' dir='ltr'><strong>ct</strong></span> <span class='ocrx_word' id='word_1_88' title='bbox 1377 1115 1554 1163; x_wconf 90' lang='lat' dir='ltr'><strong>appro-</strong></span> 
     </span>
     <span class='ocr_line' id='line_1_13' title="bbox 170 1172 1556 1241; baseline -0.004 -14"><span class='ocrx_word' id='word_1_89' title='bbox 170 1180 348 1235; x_wconf 83' lang='lat' dir='ltr'><strong>batur3</strong></span> <span class='ocrx_word' id='word_1_90' title='bbox 384 1186 439 1226; x_wconf 91' lang='lat' dir='ltr'><strong>ut</strong></span> <span class='ocrx_word' id='word_1_91' title='bbox 461 1194 571 1226; x_wconf 92' lang='lat' dir='ltr'><strong>cum</strong></span> <span class='ocrx_word' id='word_1_92' title='bbox 595 1194 684 1241; x_wconf 90' lang='lat' dir='ltr'><strong>pro</strong></span> <span class='ocrx_word' id='word_1_93' title='bbox 709 1178 989 1226; x_wconf 87' lang='lat' dir='ltr'><strong>defensione</strong></span> <span class='ocrx_word' id='word_1_94' title='bbox 1001 1172 1293 1240; x_wconf 51' lang='lat' dir='ltr'><strong>{legamuffi</strong></span> <span class='ocrx_word' id='word_1_95' title='bbox 1318 1174 1451 1239; x_wconf 93' lang='lat' dir='ltr'><strong>quod</strong></span> <span class='ocrx_word' id='word_1_96' title='bbox 1463 1190 1556 1222; x_wconf 34' lang='lat' dir='ltr'><strong>‘vo-</strong></span> 
     </span>
     <span class='ocr_line' id='line_1_14' title="bbox 171 1249 1557 1317; baseline -0.004 -14"><span class='ocrx_word' id='word_1_97' title='bbox 171 1255 367 1310; x_wconf 85' lang='lat' dir='ltr'><strong>luimus,</strong></span> <span class='ocrx_word' id='word_1_98' title='bbox 392 1253 525 1317; x_wconf 91' lang='lat' dir='ltr'><strong>quod</strong></span> <span class='ocrx_word' id='word_1_99' title='bbox 546 1253 710 1301; x_wconf 87' lang='lat' dir='ltr'><strong>conati</strong></span> <span class='ocrx_word' id='word_1_100' title='bbox 734 1269 901 1301; x_wconf 88' lang='lat' dir='ltr'><strong>sumus</strong></span> <span class='ocrx_word' id='word_1_101' title='bbox 922 1252 1082 1316; x_wconf 88' lang='lat' dir='ltr'><strong>legem</strong></span> <span class='ocrx_word' id='word_1_102' title='bbox 1109 1252 1326 1314; x_wconf 89' lang='lat' dir='ltr'><strong>implere,</strong></span> <span class='ocrx_word' id='word_1_103' title='bbox 1351 1259 1401 1298; x_wconf 90' lang='lat' dir='ltr'><strong>et</strong></span> <span class='ocrx_word' id='word_1_104' title='bbox 1424 1249 1557 1314; x_wconf 92' lang='lat' dir='ltr'><strong>quod</strong></span> 
     </span>
     <span class='ocr_line' id='line_1_15' title="bbox 171 1327 1556 1394; baseline -0.004 -16"><span class='ocrx_word' id='word_1_105' title='bbox 171 1338 378 1394; x_wconf 87' lang='lat' dir='ltr'><strong>peccata</strong></span> <span class='ocrx_word' id='word_1_106' title='bbox 397 1338 568 1377; x_wconf 90' lang='lat' dir='ltr'><strong>nostra</strong></span> <span class='ocrx_word' id='word_1_107' title='bbox 584 1329 677 1392; x_wconf 80' lang='lat' dir='ltr'><strong>ipsi</strong></span> <span class='ocrx_word' id='word_1_108' title='bbox 694 1327 1139 1376; x_wconf 85' lang='lat' dir='ltr'><strong>condemnavimus.</strong></span> <span class='ocrx_word' id='word_1_109' title='bbox 1177 1327 1419 1376; x_wconf 79' lang='lat' dir='ltr'><strong>Quoniam</strong></span> <span class='ocrx_word' id='word_1_110' title='bbox 1439 1340 1556 1388; x_wconf 89' lang='lat' dir='ltr'><strong>ergo</strong></span> 
     </span>
     <span class='ocr_line' id='line_1_16' title="bbox 173 1405 1557 1468; baseline -0.004 -15"><span class='ocrx_word' id='word_1_111' title='bbox 173 1405 310 1454; x_wconf 82' lang='lat' dir='ltr'><strong>Deus</strong></span> <span class='ocrx_word' id='word_1_112' title='bbox 328 1405 630 1453; x_wconf 81' lang='lat' dir='ltr'><strong>voluntatem</strong></span> <span class='ocrx_word' id='word_1_113' title='bbox 654 1421 744 1468; x_wconf 89' lang='lat' dir='ltr'><strong>pro</strong></span> <span class='ocrx_word' id='word_1_114' title='bbox 767 1405 873 1468; x_wconf 91' lang='lat' dir='ltr'><strong>ipso</strong></span> <span class='ocrx_word' id='word_1_115' title='bbox 897 1419 1043 1467; x_wconf 90' lang='lat' dir='ltr'><strong>opere</strong></span> <span class='ocrx_word' id='word_1_116' title='bbox 1067 1419 1234 1451; x_wconf 88' lang='lat' dir='ltr'><strong>eorum</strong></span> <span class='ocrx_word' id='word_1_117' title='bbox 1259 1410 1452 1450; x_wconf 89' lang='lat' dir='ltr'><strong>tantum</strong></span> <span class='ocrx_word' id='word_1_118' title='bbox 1475 1416 1557 1448; x_wconf 93' lang='lat' dir='ltr'><strong>ac-</strong></span> 
     </span>
     <span class='ocr_line' id='line_1_17' title="bbox 174 1472 1556 1545; baseline -0.004 -17"><span class='ocrx_word' id='word_1_119' title='bbox 174 1472 311 1545; x_wconf 80' lang='lat' dir='ltr'><strong>cipit,</strong></span> <span class='ocrx_word' id='word_1_120' title='bbox 336 1480 420 1544; x_wconf 91' lang='lat' dir='ltr'><strong>qui</strong></span> <span class='ocrx_word' id='word_1_121' title='bbox 457 1479 664 1528; x_wconf 90' lang='lat' dir='ltr'><strong>credunt</strong></span> <span class='ocrx_word' id='word_1_122' title='bbox 697 1481 747 1527; x_wconf 91' lang='lat' dir='ltr'><strong>in</strong></span> <span class='ocrx_word' id='word_1_123' title='bbox 778 1480 946 1528; x_wconf 88' lang='lat' dir='ltr'><strong>Jesum</strong></span> <span class='ocrx_word' id='word_1_124' title='bbox 971 1478 1247 1533; x_wconf 88' lang='lat' dir='ltr'><strong>Christum;</strong></span> <span class='ocrx_word' id='word_1_125' title='bbox 1282 1477 1403 1525; x_wconf 91' lang='lat' dir='ltr'><strong>fides</strong></span> <span class='ocrx_word' id='word_1_126' title='bbox 1437 1475 1556 1534; x_wconf 91' lang='lat' dir='ltr'><strong>sola,</strong></span> 
     </span>
     <span class='ocr_line' id='line_1_18' title="bbox 174 1552 1557 1618; baseline -0.004 -14"><span class='ocrx_word' id='word_1_127' title='bbox 174 1556 227 1604; x_wconf 90' lang='lat' dir='ltr'><strong>in</strong></span> <span class='ocrx_word' id='word_1_128' title='bbox 256 1556 349 1604; x_wconf 91' lang='lat' dir='ltr'><strong>hac</strong></span> <span class='ocrx_word' id='word_1_129' title='bbox 379 1556 515 1603; x_wconf 82' lang='lat' dir='ltr'><strong>verbi</strong></span> <span class='ocrx_word' id='word_1_130' title='bbox 545 1555 898 1618; x_wconf 85' lang='lat' dir='ltr'><strong>acceptatione,</strong></span> <span class='ocrx_word' id='word_1_131' title='bbox 921 1554 1190 1617; x_wconf 90' lang='lat' dir='ltr'><strong>justificare</strong></span> <span class='ocrx_word' id='word_1_132' title='bbox 1232 1552 1329 1600; x_wconf 92' lang='lat' dir='ltr'><strong>dici</strong></span> <span class='ocrx_word' id='word_1_133' title='bbox 1362 1559 1557 1616; x_wconf 89' lang='lat' dir='ltr'><strong>potest;</strong></span> 
     </span>
     <span class='ocr_line' id='line_1_19' title="bbox 174 1626 1562 1692; baseline -0.002 -14"><span class='ocrx_word' id='word_1_134' title='bbox 174 1630 299 1680; x_wconf 89' lang='lat' dir='ltr'><strong>adeo</strong></span> <span class='ocrx_word' id='word_1_135' title='bbox 322 1638 378 1678; x_wconf 92' lang='lat' dir='ltr'><strong>ut</strong></span> <span class='ocrx_word' id='word_1_136' title='bbox 396 1630 539 1692; x_wconf 73' lang='lat' dir='ltr'><strong>fide-s·</strong></span> <span class='ocrx_word' id='word_1_137' title='bbox 561 1639 612 1678; x_wconf 91' lang='lat' dir='ltr'><strong>et</strong></span> <span class='ocrx_word' id='word_1_138' title='bbox 634 1629 916 1678; x_wconf 80' lang='lat' dir='ltr'><strong>obedientia</strong></span> <span class='ocrx_word' id='word_1_139' title='bbox 940 1637 1147 1692; x_wconf 91' lang='lat' dir='ltr'><strong>utraque</strong></span> <span class='ocrx_word' id='word_1_140' title='bbox 1165 1628 1454 1692; x_wconf 87' lang='lat' dir='ltr'><strong>justificent,</strong></span> <span class='ocrx_word' id='word_1_141' title='bbox 1474 1626 1562 1676; x_wconf 89' lang='lat' dir='ltr'><strong>sed</strong></span> 
     </span>
     <span class='ocr_line' id='line_1_20' title="bbox 174 1705 1294 1770; baseline -0.004 -15"><span class='ocrx_word' id='word_1_142' title='bbox 174 1706 228 1755; x_wconf 89' lang='lat' dir='ltr'><strong>in</strong></span> <span class='ocrx_word' id='word_1_143' title='bbox 250 1706 445 1755; x_wconf 87' lang='lat' dir='ltr'><strong>diversa</strong></span> <span class='ocrx_word' id='word_1_144' title='bbox 466 1706 821 1770; x_wconf 87' lang='lat' dir='ltr'><strong>significatione</strong></span> <span class='ocrx_word' id='word_1_145' title='bbox 845 1705 978 1753; x_wconf 86' lang='lat' dir='ltr'><strong>vocis</strong></span> <span class='ocrx_word' id='word_1_146' title='bbox 988 1705 1294 1767; x_wconf 64' lang='lat' dir='ltr'><strong>justificare.</strong></span> 
     </span>
    </p>

    <p class='ocr_par' dir='ltr' id='par_1_8' title="bbox 175 1781 1573 2973">
     <span class='ocr_line' id='line_1_21' title="bbox 243 1781 1561 1844; baseline -0.002 -14"><span class='ocrx_word' id='word_1_147' title='bbox 243 1781 367 1830; x_wconf 90' lang='lat' dir='ltr'><strong>Cum</strong></span> <span class='ocrx_word' id='word_1_148' title='bbox 391 1789 643 1829; x_wconf 90' lang='lat' dir='ltr'><strong>ostensum</strong></span> <span class='ocrx_word' id='word_1_149' title='bbox 660 1782 763 1844; x_wconf 90' lang='lat' dir='ltr'><strong>jam</strong></span> <span class='ocrx_word' id='word_1_150' title='bbox 787 1781 867 1839; x_wconf 88' lang='lat' dir='ltr'><strong>sit,</strong></span> <span class='ocrx_word' id='word_1_151' title='bbox 894 1796 1118 1844; x_wconf 88' lang='lat' dir='ltr'><strong>quaenam</strong></span> <span class='ocrx_word' id='word_1_152' title='bbox 1141 1796 1200 1828; x_wconf 86' lang='lat' dir='ltr'><strong>ea</strong></span> <span class='ocrx_word' id='word_1_153' title='bbox 1222 1781 1318 1828; x_wconf 90' lang='lat' dir='ltr'><strong>sint</strong></span> <span class='ocrx_word' id='word_1_154' title='bbox 1343 1795 1453 1843; x_wconf 88' lang='lat' dir='ltr'><strong>quae</strong></span> <span class='ocrx_word' id='word_1_155' title='bbox 1476 1795 1561 1828; x_wconf 91' lang='lat' dir='ltr'><strong>ne-</strong></span> 
     </span>
     <span class='ocr_line' id='line_1_22' title="bbox 176 1855 1564 1920; baseline -0.002 -15"><span class='ocrx_word' id='word_1_156' title='bbox 176 1857 387 1906; x_wconf 79' lang='lat' dir='ltr'><strong>cessario</strong></span> <span class='ocrx_word' id='word_1_157' title='bbox 410 1857 727 1920; x_wconf 87' lang='lat' dir='ltr'><strong>requiruntur</strong></span> <span class='ocrx_word' id='word_1_158' title='bbox 748 1855 812 1904; x_wconf 88' lang='lat' dir='ltr'><strong>ad</strong></span> <span class='ocrx_word' id='word_1_159' title='bbox 834 1855 1069 1911; x_wconf 89' lang='lat' dir='ltr'><strong>salutem;</strong></span> <span class='ocrx_word' id='word_1_160' title='bbox 1094 1855 1422 1903; x_wconf 88' lang='lat' dir='ltr'><strong>obedientiam</strong></span> <span class='ocrx_word' id='word_1_161' title='bbox 1446 1871 1564 1919; x_wconf 90' lang='lat' dir='ltr'><strong>erga</strong></span> 
     </span>
     <span class='ocr_line' id='line_1_23' title="bbox 177 1930 1562 1995; baseline -0.002 -14"><span class='ocrx_word' id='word_1_162' title='bbox 177 1932 337 1981; x_wconf 81' lang='lat' dir='ltr'><strong>Deum</strong></span> <span class='ocrx_word' id='word_1_163' title='bbox 358 1948 471 1980; x_wconf 86' lang='lat' dir='ltr'><strong>cum</strong></span> <span class='ocrx_word' id='word_1_164' title='bbox 497 1932 776 1981; x_wconf 86' lang='lat' dir='ltr'><strong>obedientia</strong></span> <span class='ocrx_word' id='word_1_165' title='bbox 799 1948 916 1995; x_wconf 90' lang='lat' dir='ltr'><strong>erga</strong></span> <span class='ocrx_word' id='word_1_166' title='bbox 952 1947 1091 1995; x_wconf 89' lang='lat' dir='ltr'><strong>reges</strong></span> <span class='ocrx_word' id='word_1_167' title='bbox 1131 1931 1445 1979; x_wconf 89' lang='lat' dir='ltr'><strong>reconciliare</strong></span> <span class='ocrx_word' id='word_1_168' title='bbox 1469 1930 1562 1978; x_wconf 87' lang='lat' dir='ltr'><strong>dif-</strong></span> 
     </span>
     <span class='ocr_line' id='line_1_24' title="bbox 175 2007 1565 2065; baseline -0.002 -9"><span class='ocrx_word' id='word_1_169' title='bbox 175 2007 305 2056; x_wconf 86' lang='lat' dir='ltr'><strong>ficile</strong></span> <span class='ocrx_word' id='word_1_170' title='bbox 326 2023 427 2056; x_wconf 91' lang='lat' dir='ltr'><strong>non</strong></span> <span class='ocrx_word' id='word_1_171' title='bbox 451 2016 542 2055; x_wconf 88' lang='lat' dir='ltr'><strong>est.</strong></span> <span class='ocrx_word' id='word_1_172' title='bbox 613 2008 717 2056; x_wconf 85' lang='lat' dir='ltr'><strong>Rex</strong></span> <span class='ocrx_word' id='word_1_173' title='bbox 755 2008 884 2055; x_wconf 89' lang='lat' dir='ltr'><strong>enim</strong></span> <span class='ocrx_word' id='word_1_174' title='bbox 920 2016 1005 2055; x_wconf 91' lang='lat' dir='ltr'><strong>aut</strong></span> <span class='ocrx_word' id='word_1_175' title='bbox 1033 2007 1340 2055; x_wconf 86' lang='lat' dir='ltr'><strong>Christianus</strong></span> <span class='ocrx_word' id='word_1_176' title='bbox 1363 2014 1452 2065; x_wconf 90' lang='lat' dir='ltr'><strong>est,</strong></span> <span class='ocrx_word' id='word_1_177' title='bbox 1477 2014 1565 2054; x_wconf 90' lang='lat' dir='ltr'><strong>aut</strong></span> 
     </span>
     <span class='ocr_line' id='line_1_25' title="bbox 176 2081 1565 2141; baseline -0.002 -10"><span class='ocrx_word' id='word_1_178' title='bbox 176 2082 401 2131; x_wconf 86' lang='lat' dir='ltr'><strong>infidelis.</strong></span> <span class='ocrx_word' id='word_1_179' title='bbox 471 2082 524 2130; x_wconf 93' lang='lat' dir='ltr'><strong>Si</strong></span> <span class='ocrx_word' id='word_1_180' title='bbox 564 2082 883 2141; x_wconf 85' lang='lat' dir='ltr'><strong>Christianus,</strong></span> <span class='ocrx_word' id='word_1_181' title='bbox 915 2082 1177 2130; x_wconf 87' lang='lat' dir='ltr'><strong>articulum</strong></span> <span class='ocrx_word' id='word_1_182' title='bbox 1212 2082 1359 2139; x_wconf 88' lang='lat' dir='ltr'><strong>hunc,</strong></span> <span class='ocrx_word' id='word_1_183' title='bbox 1393 2081 1565 2129; x_wconf 73' lang='lat' dir='ltr'><strong>Jesum</strong></span> 
     </span>
     <span class='ocr_line' id='line_1_26' title="bbox 176 2156 1564 2222; baseline -0.001 -16"><span class='ocrx_word' id='word_1_184' title='bbox 176 2173 288 2206; x_wconf 73' lang='lat' dir='ltr'><strong>esse</strong></span> <span class='ocrx_word' id='word_1_185' title='bbox 326 2156 595 2216; x_wconf 71' lang='lat' dir='ltr'><strong>Christum,</strong></span> <span class='ocrx_word' id='word_1_186' title='bbox 638 2159 881 2206; x_wconf 92' lang='lat' dir='ltr'><strong>neminem</strong></span> <span class='ocrx_word' id='word_1_187' title='bbox 921 2174 1101 2222; x_wconf 88' lang='lat' dir='ltr'><strong>negare</strong></span> <span class='ocrx_word' id='word_1_188' title='bbox 1135 2157 1282 2220; x_wconf 86' lang='lat' dir='ltr'><strong>cogit.</strong></span> <span class='ocrx_word' id='word_1_189' title='bbox 1353 2156 1564 2220; x_wconf 84' lang='lat' dir='ltr'><strong>Legibus</strong></span> 
     </span>
     <span class='ocr_line' id='line_1_27' title="bbox 177 2232 1564 2297; baseline -0.001 -16"><span class='ocrx_word' id='word_1_190' title='bbox 177 2238 344 2281; x_wconf 86' lang='lat' dir='ltr'><strong>autem</strong></span> <span class='ocrx_word' id='word_1_191' title='bbox 367 2232 605 2292; x_wconf 81' lang='lat' dir='ltr'><strong>civilibus,</strong></span> <span class='ocrx_word' id='word_1_192' title='bbox 630 2234 680 2281; x_wconf 94' lang='lat' dir='ltr'><strong>in</strong></span> <span class='ocrx_word' id='word_1_193' title='bbox 705 2234 880 2297; x_wconf 90' lang='lat' dir='ltr'><strong>quibus</strong></span> <span class='ocrx_word' id='word_1_194' title='bbox 903 2234 1218 2282; x_wconf 89' lang='lat' dir='ltr'><strong>continentur</strong></span> <span class='ocrx_word' id='word_1_195' title='bbox 1240 2233 1371 2295; x_wconf 87' lang='lat' dir='ltr'><strong>leges</strong></span> <span class='ocrx_word' id='word_1_196' title='bbox 1394 2246 1564 2279; x_wconf 89' lang='lat' dir='ltr'><strong>omnes</strong></span> 
     </span>
     <span class='ocr_line' id='line_1_28' title="bbox 185 2307 1565 2373; baseline -0.001 -17"><span class='ocrx_word' id='word_1_197' title='bbox 185 2307 448 2365; x_wconf 70' lang='lat' dir='ltr'><strong>naturaloe,</strong></span> <span class='ocrx_word' id='word_1_198' title='bbox 470 2316 604 2356; x_wconf 88' lang='lat' dir='ltr'><strong>recte</strong></span> <span class='ocrx_word' id='word_1_199' title='bbox 639 2316 689 2356; x_wconf 89' lang='lat' dir='ltr'><strong>et</strong></span> <span class='ocrx_word' id='word_1_200' title='bbox 720 2310 831 2373; x_wconf 83' lang='lat' dir='ltr'><strong>jure</strong></span> <span class='ocrx_word' id='word_1_201' title='bbox 867 2309 1064 2358; x_wconf 88' lang='lat' dir='ltr'><strong>obedire</strong></span> <span class='ocrx_word' id='word_1_202' title='bbox 1104 2308 1251 2371; x_wconf 85' lang='lat' dir='ltr'><strong>cogit.</strong></span> <span class='ocrx_word' id='word_1_203' title='bbox 1321 2307 1420 2356; x_wconf 79' lang='lat' dir='ltr'><strong>Qui</strong></span> <span class='ocrx_word' id='word_1_204' title='bbox 1447 2322 1565 2369; x_wconf 89' lang='lat' dir='ltr'><strong>ergo</strong></span> 
     </span>
     <span class='ocr_line' id='line_1_29' title="bbox 186 2381 1566 2447; baseline -0.001 -16"><span class='ocrx_word' id='word_1_205' title='bbox 186 2383 294 2446; x_wconf 79' lang='lat' dir='ltr'><strong>regi</strong></span> <span class='ocrx_word' id='word_1_206' title='bbox 333 2398 421 2431; x_wconf 84' lang='lat' dir='ltr'><strong>suo</strong></span> <span class='ocrx_word' id='word_1_207' title='bbox 456 2382 734 2433; x_wconf 87' lang='lat' dir='ltr'><strong>Christiano</strong></span> <span class='ocrx_word' id='word_1_208' title='bbox 766 2385 1093 2434; x_wconf 89' lang='lat' dir='ltr'><strong>obedientiam</strong></span> <span class='ocrx_word' id='word_1_209' title='bbox 1128 2390 1344 2447; x_wconf 86' lang='lat' dir='ltr'><strong>praestat,</strong></span> <span class='ocrx_word' id='word_1_210' title='bbox 1367 2381 1566 2430; x_wconf 90' lang='lat' dir='ltr'><strong>obedire</strong></span> 
     </span>
     <span class='ocr_line' id='line_1_30' title="bbox 187 2457 1567 2522; baseline -0.003 -15"><span class='ocrx_word' id='word_1_211' title='bbox 187 2459 295 2507; x_wconf 81' lang='lat' dir='ltr'><strong>Deo</strong></span> <span class='ocrx_word' id='word_1_212' title='bbox 316 2473 415 2506; x_wconf 91' lang='lat' dir='ltr'><strong>non</strong></span> <span class='ocrx_word' id='word_1_213' title='bbox 448 2458 724 2522; x_wconf 87' lang='lat' dir='ltr'><strong>impeditur.</strong></span> <span class='ocrx_word' id='word_1_214' title='bbox 794 2460 891 2508; x_wconf 90' lang='lat' dir='ltr'><strong>Sed</strong></span> <span class='ocrx_word' id='word_1_215' title='bbox 926 2460 967 2508; x_wconf 91' lang='lat' dir='ltr'><strong>si</strong></span> <span class='ocrx_word' id='word_1_216' title='bbox 1002 2461 1106 2507; x_wconf 82' lang='lat' dir='ltr'><strong>Rex</strong></span> <span class='ocrx_word' id='word_1_217' title='bbox 1143 2458 1459 2514; x_wconf 87' lang='lat' dir='ltr'><strong>Christianus,</strong></span> <span class='ocrx_word' id='word_1_218' title='bbox 1483 2457 1567 2519; x_wconf 93' lang='lat' dir='ltr'><strong>qui</strong></span> 
     </span>
     <span class='ocr_line' id='line_1_31' title="bbox 187 2531 1567 2591; baseline -0.001 -10"><span class='ocrx_word' id='word_1_219' title='bbox 187 2532 559 2582; x_wconf 86' lang='lat' dir='ltr'><strong>fundamentum</strong></span> <span class='ocrx_word' id='word_1_220' title='bbox 595 2542 732 2582; x_wconf 89' lang='lat' dir='ltr'><strong>tenet</strong></span> <span class='ocrx_word' id='word_1_221' title='bbox 752 2533 920 2583; x_wconf 69' lang='lat' dir='ltr'><strong>Jecum</strong></span> <span class='ocrx_word' id='word_1_222' title='bbox 951 2551 1060 2583; x_wconf 73' lang='lat' dir='ltr'><strong>esse</strong></span> <span class='ocrx_word' id='word_1_223' title='bbox 1098 2533 1363 2591; x_wconf 73' lang='lat' dir='ltr'><strong>Christum,</strong></span> <span class='ocrx_word' id='word_1_224' title='bbox 1386 2531 1567 2580; x_wconf 90' lang='lat' dir='ltr'><strong>doctri—</strong></span> 
     </span>
     <span class='ocr_line' id='line_1_32' title="bbox 189 2606 1569 2674; baseline -0.002 -17"><span class='ocrx_word' id='word_1_225' title='bbox 189 2625 278 2657; x_wconf 87' lang='lat' dir='ltr'><strong>nas</strong></span> <span class='ocrx_word' id='word_1_226' title='bbox 300 2608 487 2672; x_wconf 85' lang='lat' dir='ltr'><strong>aliquas</strong></span> <span class='ocrx_word' id='word_1_227' title='bbox 520 2625 609 2672; x_wconf 87' lang='lat' dir='ltr'><strong>per</strong></span> <span class='ocrx_word' id='word_1_228' title='bbox 639 2610 934 2674; x_wconf 84' lang='lat' dir='ltr'><strong>imperitiam</strong></span> <span class='ocrx_word' id='word_1_229' title='bbox 965 2609 1079 2658; x_wconf 91' lang='lat' dir='ltr'><strong>inde</strong></span> <span class='ocrx_word' id='word_1_230' title='bbox 1120 2609 1380 2666; x_wconf 89' lang='lat' dir='ltr'><strong>deducens,</strong></span> <span class='ocrx_word' id='word_1_231' title='bbox 1404 2606 1569 2655; x_wconf 90' lang='lat' dir='ltr'><strong>doceri</strong></span> 
     </span>
     <span class='ocr_line' id='line_1_33' title="bbox 191 2681 1571 2749; baseline -0.001 -17"><span class='ocrx_word' id='word_1_232' title='bbox 191 2693 243 2732; x_wconf 92' lang='lat' dir='ltr'><strong>et</strong></span> <span class='ocrx_word' id='word_1_233' title='bbox 265 2684 423 2732; x_wconf 87' lang='lat' dir='ltr'><strong>teneri</strong></span> <span class='ocrx_word' id='word_1_234' title='bbox 447 2683 670 2747; x_wconf 88' lang='lat' dir='ltr'><strong>imperet,</strong></span> <span class='ocrx_word' id='word_1_235' title='bbox 683 2685 920 2749; x_wconf 86' lang='lat' dir='ltr'><strong>imperato</strong></span> <span class='ocrx_word' id='word_1_236' title='bbox 944 2684 1270 2734; x_wconf 89' lang='lat' dir='ltr'><strong>obediendum</strong></span> <span class='ocrx_word' id='word_1_237' title='bbox 1292 2691 1382 2731; x_wconf 87' lang='lat' dir='ltr'><strong>est.</strong></span> <span class='ocrx_word' id='word_1_238' title='bbox 1440 2681 1571 2730; x_wconf 86' lang='lat' dir='ltr'><strong>Obe-</strong></span> 
     </span>
     <span class='ocr_line' id='line_1_34' title="bbox 191 2758 1573 2824; baseline -0.001 -18"><span class='ocrx_word' id='word_1_239' title='bbox 191 2758 286 2806; x_wconf 89' lang='lat' dir='ltr'><strong>diri</strong></span> <span class='ocrx_word' id='word_1_240' title='bbox 309 2758 439 2807; x_wconf 88' lang='lat' dir='ltr'><strong>enim</strong></span> <span class='ocrx_word' id='word_1_241' title='bbox 462 2759 568 2807; x_wconf 83' lang='lat' dir='ltr'><strong>sine</strong></span> <span class='ocrx_word' id='word_1_242' title='bbox 587 2759 763 2808; x_wconf 88' lang='lat' dir='ltr'><strong>animae</strong></span> <span class='ocrx_word' id='word_1_243' title='bbox 779 2761 995 2824; x_wconf 90' lang='lat' dir='ltr'><strong>periculo</strong></span> <span class='ocrx_word' id='word_1_244' title='bbox 1018 2767 1179 2824; x_wconf 86' lang='lat' dir='ltr'><strong>potest</strong></span> <span class='ocrx_word' id='word_1_245' title='bbox 1198 2781 1211 2815; x_wconf 91' lang='lat'>;</span> <span class='ocrx_word' id='word_1_246' title='bbox 1241 2758 1463 2822; x_wconf 87' lang='lat' dir='ltr'><strong>judicare</strong></span> <span class='ocrx_word' id='word_1_247' title='bbox 1485 2772 1573 2805; x_wconf 89' lang='lat' dir='ltr'><strong>au-</strong></span> 
     </span>
     <span class='ocr_line' id='line_1_35' title="bbox 192 2831 1572 2899; baseline -0.001 -17"><span class='ocrx_word' id='word_1_248' title='bbox 192 2842 310 2893; x_wconf 90' lang='lat' dir='ltr'><strong>tem,</strong></span> <span class='ocrx_word' id='word_1_249' title='bbox 332 2833 385 2881; x_wconf 92' lang='lat' dir='ltr'><strong>in</strong></span> <span class='ocrx_word' id='word_1_250' title='bbox 408 2833 678 2897; x_wconf 57' lang='lat' dir='ltr'><strong>quastione</strong></span> <span class='ocrx_word' id='word_1_251' title='bbox 715 2834 776 2883; x_wconf 90' lang='lat' dir='ltr'><strong>de</strong></span> <span class='ocrx_word' id='word_1_252' title='bbox 808 2850 897 2883; x_wconf 89' lang='lat' dir='ltr'><strong>sua</strong></span> <span class='ocrx_word' id='word_1_253' title='bbox 931 2836 1081 2899; x_wconf 87' lang='lat' dir='ltr'><strong>ipsius</strong></span> <span class='ocrx_word' id='word_1_254' title='bbox 1120 2833 1396 2883; x_wconf 90' lang='lat' dir='ltr'><strong>obedientia</strong></span> <span class='ocrx_word' id='word_1_255' title='bbox 1426 2831 1572 2890; x_wconf 83' lang='lat' dir='ltr'><strong>civili,</strong></span> 
     </span>
     <span class='ocr_line' id='line_1_36' title="bbox 188 2908 1571 2973; baseline 0.001 -16"><span class='ocrx_word' id='word_1_256' title='bbox 188 2911 300 2973; x_wconf 71' lang='lat' dir='ltr'><strong>Jure</strong></span> <span class='ocrx_word' id='word_1_257' title='bbox 323 2925 467 2958; x_wconf 89' lang='lat' dir='ltr'><strong>nemo</strong></span> <span class='ocrx_word' id='word_1_258' title='bbox 489 2917 667 2972; x_wconf 87' lang='lat' dir='ltr'><strong>potest.</strong></span> <span class='ocrx_word' id='word_1_259' title='bbox 735 2909 933 2959; x_wconf 84' lang='lat' dir='ltr'><strong>Judicat</strong></span> <span class='ocrx_word' id='word_1_260' title='bbox 955 2910 1084 2958; x_wconf 89' lang='lat' dir='ltr'><strong>enim</strong></span> <span class='ocrx_word' id='word_1_261' title='bbox 1109 2908 1170 2957; x_wconf 92' lang='lat' dir='ltr'><strong>de</strong></span> <span class='ocrx_word' id='word_1_262' title='bbox 1201 2908 1436 2957; x_wconf 88' lang='lat' dir='ltr'><strong>doctrinis</strong></span> <span class='ocrx_word' id='word_1_263' title='bbox 1458 2908 1571 2958; x_wconf 90' lang='lat' dir='ltr'><strong>fidei</strong></span> 
     </span>
    </p>
   </div>
   <div class='ocr_carea' id='block_1_4' title="bbox 0 777 106 3236">
    <p class='ocr_par' dir='ltr' id='par_1_9' title="bbox 0 777 106 3236">
     <span class='ocr_line' id='line_1_37' title="bbox 0 777 106 3236; baseline 0 0"><span class='ocrx_word' id='word_1_264' title='bbox 0 777 106 3236; x_wconf 95' lang='lat' dir='ltr'><strong> </strong></span> 
     </span>
    </p>
   </div>
  </div>
 </body>
</html>
