1910 3236
352 227 440 271 112
869 239 940 272 DE
970 239 1212 273 HOMINE.

91 368 194 400 CAP.
211 369 291 402 xv.
345 358 420 398 est
455 350 706 413 injustum.
777 351 1040 399 Manifesta
1075 352 1188 399 hinc
1218 359 1293 400 est
1332 353 1583 415 injustitiae
1617 352 1735 400 defi-

96 423 286 500 Μ
343 425 481 484 nitio,
507 426 756 488 injustitia
794 432 871 473 est
897 432 1166 490 pactorum
1194 444 1288 475 non
1303 429 1591 492 praestantia,
1617 429 1732 486 sive,

96 510 209 535 ¹¹³t¹¹rae
220 508 291 536 aliis.
343 501 474 563 quod
490 501 619 548 idem
644 510 733 558 est,
742 500 877 562 fidei
901 501 1037 548 datae
1061 501 1281 550 violatio,
1350 503 1548 551 Justum
1567 511 1733 551 autem

341 585 430 635 est,
458 577 586 639 quod
610 578 846 639 injustum
869 592 969 623 non
993 584 1081 623 est.

408 653 654 701 Quoniam
677 661 843 700 autem
876 661 1022 715 pacta
1057 652 1174 700 fidei
1210 661 1410 712 mutuae,
1435 662 1491 701 ut
1515 663 1630 702 ante
1654 670 1733 702 os-

339 735 533 776 tensum
563 735 652 787 est,
677 736 880 792 propter
917 735 1102 775 metum
1139 728 1283 776 unius
1320 745 1383 777 ne
1421 730 1546 777 alter
1578 731 1731 788 fallat,

339 803 551 851 invalida
575 812 705 862 sunt,
725 804 817 852 etsi
833 804 970 868 origo
990 805 1194 868 justitiae
1218 806 1280 853 sit
1296 813 1510 869 pactum,
1530 814 1731 871 pactum

338 886 502 926 tamen
525 895 626 927 non
648 887 896 943 praestare,
922 881 1007 928 ubi
1036 897 1184 929 causa
1218 890 1378 930 metus
1415 883 1608 931 sublata
1630 899 1730 931 non

339 962 426 1014 est,
452 972 551 1003 non
576 963 652 1003 est
670 956 924 1019 injustitia.
996 956 1199 1004 Sublata
1215 964 1379 1005 autem
1402 974 1503 1006 non
1522 966 1611 1018 est,
1625 975 1730 1006 ma-

337 1039 484 1079 nente
494 1033 604 1095 jure
621 1032 840 1079 omnium
854 1032 906 1079 in
922 1033 1099 1080 omnia.
1136 1033 1390 1081 Vocabula
1407 1050 1524 1098 ergo
1536 1035 1729 1097 justum

337 1114 386 1154 et
401 1107 633 1170 injustum
648 1115 761 1155 ante
779 1109 1051 1171 potentiam
1068 1108 1274 1167 civilem,
1291 1126 1400 1173 quae
1415 1109 1729 1158 violationem

335 1190 593 1246 pactorum
610 1184 778 1231 ulcisci
793 1192 957 1247 posset
972 1193 1021 1233 et
1036 1186 1211 1248 cuique
1225 1186 1577 1248 proprietatem
1591 1201 1729 1234 suam

335 1259 491 1321 pactis
524 1260 814 1323 acquisitam
852 1260 1082 1319 stabilire,
1115 1268 1351 1323 usurpata
1381 1277 1482 1308 non
1512 1261 1727 1310 fuerunt.

336 1334 473 1382 Idem
488 1335 778 1399 intelligitur
794 1352 854 1383 ex
873 1344 1074 1399 recepta
1096 1337 1147 1384 in
1174 1337 1363 1384 Scholis
1382 1337 1587 1400 justitiae
1611 1337 1728 1386 defi-

334 1410 534 1469 nitione,
547 1410 761 1472 justitia
784 1417 861 1457 est
883 1411 1110 1459 voluntas
1135 1418 1368 1459 constans
1391 1428 1527 1459 suum
1552 1413 1731 1477 cuique

336 1485 604 1533 tribuendi.
675 1486 803 1533 Nam
826 1486 911 1532 ubi
934 1502 1071 1533 suum
1089 1503 1189 1534 non
1214 1493 1304 1546 est,
1320 1486 1371 1533 id
1389 1495 1478 1546 est,
1502 1487 1586 1534 ubi
1600 1503 1730 1552 pro-

324 1561 498 1625 prium
521 1578 621 1609 non
644 1570 732 1621 est,
756 1562 824 1609 ibi
848 1562 1083 1624 injustum
1099 1562 1222 1609 nihil
1237 1569 1311 1610 est
1331 1583 1342 1617 ;
1368 1570 1419 1609 θῖ
1436 1563 1522 1610 ubi
1546 1563 1728 1611 civitas

335 1653 434 1685 non
459 1645 548 1696 est,
567 1638 688 1685 nihil
705 1645 778 1685 est
792 1638 1076 1702 proprium.
1145 1638 1174 1685 J
1178 1638 1358 1685 ustitiae
1378 1645 1545 1686 autem
1563 1653 1726 1686 essen-

334 1713 406 1761 tia
442 1714 666 1761 consistit
705 1714 756 1761 in
795 1714 1111 1776 praestatione
1148 1722 1422 1776 pactorum,
1457 1730 1566 1776 quae
1605 1721 1727 1763 tunc

333 1789 494 1837 valida
517 1805 622 1837 esse
646 1789 902 1852 incipiunt,
919 1789 1114 1852 quando
1138 1789 1407 1837 constituta
1426 1796 1500 1837 est
1523 1789 1723 1846 civitas;

333 1864 500 1928 itaque
525 1865 711 1923 civitas,
735 1863 1008 1928 proprietas
1026 1864 1284 1922 bonorum,
1301 1871 1350 1911 et
1368 1865 1559 1927 justitia
1582 1865 1724 1913 simul

333 1947 450 1988 nata
474 1948 602 1988 sunt.

399 2016 536 2063 Dixit
554 2015 802 2078 insipiens,
823 2015 976 2062 “Non
993 2021 1067 2062 est
1080 2015 1272 2078 justitia
1289 2036 1300 2070 ;
1337 2016 1723 2064 conservationis

331 2107 432 2140 suae
455 2091 634 2155 singuli
658 2098 707 2138 et
731 2091 821 2139 soli
845 2107 1013 2138 curam
1035 2098 1242 2154 gerunt3
1278 2091 1481 2139 rationis
1505 2108 1623 2155 ergo
1647 2099 1722 2140 est
1746 2083 1754 2088 ’

331 2175 386 2215 11ῖ
420 2167 602 2215 faciant
644 2166 822 2230 singuli
857 2165 1088 2229 quicquid
1122 2181 1180 2213 eo
1217 2166 1491 2215 conducere
1527 2168 1722 2216 sibimet

331 2243 448 2306 ipsis
474 2242 730 2300 videbitur,
754 2241 806 2289 id
829 2249 918 2301 est,
942 2249 1088 2305 pacta
1110 2242 1272 2289 facere
1296 2242 1371 2289 vel
1408 2259 1506 2290 non
1541 2243 1720 2303 facere,

331 2318 579 2366 custodire
602 2318 680 2366 vel
714 2334 815 2366 non
846 2317 1091 2366 custodire
1123 2318 1327 2366 arbitrio
1365 2319 1500 2367 suo.''
1571 2320 1723 2369 Pacta

328 2395 490 2442 facere
513 2394 702 2442 licitum
744 2409 848 2441 esse
888 2409 988 2441 non
1025 2400 1188 2456 negat,
1214 2409 1306 2441 nec
1330 2395 1721 2445 observationem

328 2486 497 2518 eorum
506 2469 748 2534 justitiam
763 2468 940 2528 vocari,
947 2468 1262 2516 violationem
1277 2469 1583 2533 injustitiam.
1622 2471 1720 2520 Sed

327 2546 635 2610 injustitiam,
653 2545 842 2593 sublato
856 2545 1031 2593 timore
1051 2545 1158 2603 Dei,
1168 2545 1435 2594 consistere
1454 2547 1719 2610 aliquando

325 2638 465 2684 posse
486 2621 607 2670 dicit
630 2638 741 2669 cum
764 2628 900 2669 recta
921 2622 1126 2669 ratione.
1198 2624 1228 2645 ‘⁶
1247 2621 1518 2685 Regnum,'’
1542 2624 1717 2688 inquit,

327 2701 358 2723 ‘⁶
376 2698 467 2746 Dei
491 2697 762 2761 acquiritur
782 2697 1031 2745 violentia.
1102 2696 1236 2746 Quid
1259 2697 1298 2745 si
1322 2699 1384 2746 ab
1408 2699 1605 2747 homine
1636 2716 1718 2748 ac-

327 2773 455 2836 quiri
490 2773 643 2836 possit
675 2787 764 2836 per
795 2772 1077 2821 violentiam
1113 2772 1361 2835 injustam,
1389 2791 1516 2823 anne
1543 2783 1718 2824 contra

326 2858 512 2898 rectam
525 2849 766 2898 rationem
784 2855 928 2908 esset,
945 2865 1055 2897 cum
1071 2849 1367 2912 impossibile
1383 2858 1510 2899 esset
1526 2858 1583 2899 ut
1600 2850 1715 2899 inde
