1968 3236
111 369 168 401 CA
175 369 215 401 P.
231 370 314 402 XX.

122 424 311 446 *ηρ-κ

123 466 169 493 De
183 466 311 494 dominio

121 513 243 547 paterno
255 513 284 537 et

125 553 280 590 despotico.

372 227 465 270 152
867 237 939 269 DE
967 236 1244 270 CIVITATE.

369 340 637 388 dominium
677 340 831 403 patris
869 356 973 387 esse
1008 350 1211 403 propter
1234 341 1569 404 praestantiam
1594 355 1754 398 sexus,

368 433 469 464 non
487 423 620 463 recte
638 415 833 463 dicitur.
872 415 1046 478 Neque
1063 416 1193 463 enim
1216 433 1317 465 mas
1331 417 1545 465 foeminae
1564 423 1759 465 tantum

370 500 456 539 aut
478 492 661 538 viribus
686 500 772 538 aut
795 491 1057 554 prudentia
1081 507 1271 555 semper
1289 501 1507 557 praestat,
1522 502 1579 541 ut
1603 491 1759 540 domi-

371 568 507 614 nium
535 566 863 614 determinare
887 566 1041 630 possit
1066 567 1169 614 sine
1188 568 1332 616 bello.
1403 570 1461 617 In
1481 568 1761 616 civitatibus

372 642 561 690 obtinet
581 643 662 705 jus
688 642 844 689 civile.
888 643 1060 705 Itaque
1088 643 1173 689 ubi
1197 659 1301 691 mas
1319 652 1509 707 regnat,
1529 644 1597 691 ibi
1622 643 1762 701 mari,

372 719 456 765 ubi
482 717 702 775 foemina,
719 718 786 765 ibi
805 718 1017 766 foeminae
1037 718 1306 766 dominium
1324 720 1557 767 tribuitur
1570 719 1621 767 in
1638 718 1765 766 filios

372 793 544 856 regios.
616 793 711 840 Sed
749 794 953 856 quaestio
993 810 1123 841 nunc
1159 802 1234 842 est
1269 794 1330 842 de
1349 796 1458 858 jure
1485 794 1687 843 dominii
1709 794 1763 841 in

373 868 658 916 conditione
697 869 924 927 naturali,
949 869 1035 917 ubi
1053 869 1186 933 leges
1211 871 1591 919 matrimoniales
1615 870 1764 918 nullae

373 952 487 991 sunt
507 951 687 1007 praeter
719 960 924 992 sexuum
947 961 1164 993 amorem
1184 955 1411 994 mutuum
1434 955 1483 995 et
1506 946 1657 1010 prolis
1682 962 1766 994 cu-

373 1036 480 1067 ram
504 1019 796 1067 naturaliter
819 1020 1032 1079 insitam,
1056 1022 1140 1069 ubi
1164 1029 1306 1084 pater
1343 1032 1391 1071 et
1417 1030 1572 1071 mater
1591 1022 1652 1070 de
1677 1021 1766 1070 do·-

374 1095 525 1143 minio
548 1096 598 1142 in
617 1095 854 1144 infantem
879 1105 964 1144 aut
987 1105 1130 1160 pacto
1156 1097 1438 1161 disponunt,
1463 1105 1548 1146 aut
1566 1097 1766 1146 omnino

374 1187 473 1218 non
500 1171 782 1234 disponunt.
855 1172 907 1219 Si
932 1187 1048 1235 ergo
1074 1173 1355 1236 disponunt,
1381 1190 1470 1237 per
1492 1181 1691 1237 paetum
1714 1172 1767 1221 id

373 1247 575 1305 faciunt,
598 1255 648 1294 et
681 1247 951 1295 dominium
994 1250 1132 1311 cujus
1167 1249 1231 1297 sit
1267 1266 1297 1297 a
1319 1257 1463 1313 paeto
1505 1249 1766 1297 indicatur.

377 1323 458 1370 Sic
483 1323 756 1370 Amazones
781 1339 893 1370 cum
917 1324 1133 1372 maribus
1163 1325 1435 1373 vicinorum
1472 1325 1606 1389 pacti
1635 1332 1767 1383 sunt,

375 1407 432 1446 ut
455 1399 609 1462 geniti
640 1399 779 1462 pueri
804 1399 868 1447 ad
890 1400 998 1448 illos
1033 1401 1413 1460 remitterentur,
1437 1402 1612 1465 puellae
1636 1399 1768 1464 apud

375 1482 557 1522 matres
580 1482 908 1523 remanerent.

446 1550 531 1597 Sin
556 1558 755 1612 paetum
775 1550 961 1597 nullum
980 1551 1290 1610 interveniat,
1311 1552 1579 1600 dominium
1598 1551 1770 1599 matris

377 1633 465 1674 est.
539 1626 598 1673 In
622 1625 904 1674 conditione
922 1627 1052 1674 enim
1084 1628 1312 1686 naturali,
1336 1628 1420 1675 ubi
1443 1629 1576 1691 leges
1602 1627 1770 1675 matri-

377 1701 613 1749 moniales
661 1700 809 1749 nullae
850 1710 1035 1761 extant,
1063 1703 1170 1766 quis
1206 1711 1346 1766 pater
1386 1712 1461 1751 est
1498 1705 1769 1767 ignoratur,

379 1777 474 1824 nisi
508 1776 759 1824 indicante
795 1785 967 1825 matre.
1036 1778 1081 1825 A
1104 1779 1275 1826 matris
1316 1794 1432 1842 ergo
1456 1779 1659 1827 arbitrio
1685 1778 1769 1826 de-

377 1851 563 1915 pendet
586 1851 855 1899 dominium
875 1873 886 1906 ;
911 1852 1062 1915 ipsius
1078 1869 1195 1916 ergo
1216 1862 1304 1902 est.
1376 1855 1580 1912 Rursus,
1606 1854 1768 1902 infans

378 1927 429 1974 in
452 1933 697 1990 potestate
721 1928 892 1975 matris
915 1929 1146 1988 nascitur,
1172 1930 1242 1977 ita
1276 1939 1331 1978 ut
1366 1946 1516 1994 penes
1550 1931 1684 1978 illam
1707 1929 1771 1978 sit

379 2010 467 2050 aut
491 2002 700 2050 educare
726 2010 811 2050 aut
835 2019 1076 2066 exponere
1100 2005 1176 2052 vel
1211 2006 1501 2054 interficere.
1575 2007 1627 2055 Si
1651 2022 1771 2070 ergo

380 2078 495 2136 alat,
519 2078 663 2125 matri
687 2079 839 2126 vitam
864 2079 1010 2127 debet
1032 2079 1207 2138 infanS,
1225 2089 1275 2128 et
1292 2089 1551 2145 propterea
1574 2082 1645 2129 illi
1667 2098 1771 2146 prae

382 2153 605 2201 omnibus
643 2152 749 2200 aliis
775 2153 973 2201 obedire
1004 2155 1263 2219 obligatur.
1335 2157 1617 2205 Dominium
1650 2173 1771 2221 ergo

382 2229 552 2276 matris
577 2237 664 2276 est.
737 2229 823 2276 Sin
849 2238 1061 2292 exponat
1084 2231 1220 2279 illum
1244 2240 1415 2291 mater,
1441 2233 1564 2280 alius
1605 2240 1771 2281 autem

382 2312 631 2367 repertum
680 2312 841 2352 servet
883 2305 1094 2367 alatque,
1142 2306 1315 2355 alentis
1363 2308 1632 2356 dominium
1678 2315 1768 2356 est.

383 2380 573 2427 Servati
611 2380 740 2427 euim
782 2395 972 2443 semper
1007 2381 1231 2430 dominus
1269 2392 1342 2431 est
1371 2392 1620 2440 servator;
1657 2385 1774 2448 quia

381 2455 510 2513 finis,
534 2462 735 2518 propter
758 2471 902 2519 quem
923 2455 1063 2504 alteri
1086 2457 1253 2506 alteris
1277 2475 1327 2507 se
1348 2460 1628 2523 subjiciunt,
1653 2476 1771 2508 con-

383 2531 593 2578 servatio
619 2538 706 2579 est.

451 2606 502 2654 Si
526 2614 666 2670 pater
707 2607 877 2654 matris
919 2606 1144 2655 dominus
1181 2608 1258 2666 sit,
1284 2610 1429 2657 etiam
1461 2610 1661 2658 infantis
1684 2610 1771 2659 do-

382 2682 544 2730 minus
587 2691 676 2730 est.
749 2682 835 2730 Sin
869 2690 1025 2730 mater
1060 2683 1214 2746 patris
1246 2683 1309 2731 sit
1355 2684 1569 2744 domina,
1614 2693 1672 2734 ut
1714 2687 1773 2735 fit

384 2758 578 2820 quando
596 2758 782 2822 regina,
797 2773 1035 2806 summam
1050 2759 1234 2807 habens
1249 2767 1559 2823 potestatem,
1576 2760 1772 2810 subdito

384 2848 471 2880 suo
513 2833 669 2891 nubit,
718 2833 944 2884 dominus
985 2835 1187 2884 infantis
1232 2844 1389 2885 mater
1434 2845 1522 2896 est,
1559 2844 1615 2886 ut
1661 2853 1773 2901 quae

384 2908 581 2957 domina
604 2918 676 2957 est
702 2909 862 2958 mariti
883 2910 971 2959 sui.
