1968 3236
477 236 548 270 nn
575 235 831 269 civrrATn
858 231 1211 268 cnms'riANA.
1424 217 1521 269 407

145 348 247 397 sive
263 345 678 396 fundamentalem
696 360 817 394 esse.
868 342 1016 393 Quod
1033 343 1075 391 si
1094 343 1291 391 Petrum
1309 350 1428 389 tunc
1442 355 1521 387 ec-
1551 360 1653 392 οη,
1673 358 1786 391 xm.

145 423 304 472 claeiae
326 437 491 485 regem
508 421 806 469 constituere
830 420 1075 478 voluisset,
1091 434 1236 482 quam
1249 417 1391 465 facile
1403 415 1523 463 fuis-
1574 412 1773 492 m

146 507 221 548 set
243 497 404 547 verbis
428 496 622 544 disertis
654 496 704 543 id
729 496 922 543 dixisse.
1572 497 1779 527 wanno..

211 571 448 622 Proximis
484 578 648 619 autem
690 570 866 627 verbis,
901 568 1031 616 dabo
1066 567 1159 616 tibi
1183 566 1350 616 claves
1373 565 1525 615 coelo-

143 664 253 696 rum
275 653 388 703 etc„
413 646 482 693 nil
506 645 713 708 amplius
730 646 872 693 Petro
891 660 1037 707 quam
1060 643 1250 692 caeteris
1274 642 1524 706 discipulis

147 722 318 772 datum
335 730 411 770 est
438 721 636 781 (Matth.
658 721 789 768 xviii.
816 723 894 780 18)
916 739 927 766 :
971 719 1212 783 quicquid
1232 717 1525 783 ligaveritis

147 799 199 846 in
222 805 381 856 terra,
406 796 655 861 ligabitur
680 797 730 843 in
765 795 905 854 coelo,
929 802 979 843 et
1013 794 1255 859 quicquid
1274 792 1527 842 solveritis

58 943 62 947 ὁ
147 874 198 922 in
222 881 380 931 terra,
404 871 623 919 solvetur
648 872 698 919 in
735 870 875 919 coelo.
963 870 1062 919 Sed
1094 883 1342 933 utcunque
1365 869 1528 917 locum

146 950 279 998 hunc
302 949 668 1011 interpretetur,
687 946 888 995 dubium
910 946 1099 994 nullum
1121 954 1212 1004 est,
1231 946 1348 1009 quin
1364 952 1528 1009 potes-

147 1034 223 1074 tas
244 1025 338 1073 hoc
361 1024 471 1072 loco
495 1024 611 1072 data
632 1023 875 1087 pertineat
893 1022 957 1070 ad
979 1037 1062 1070 eos
1085 1037 1267 1079 omnes,
1291 1021 1377 1084 qui
1399 1036 1528 1069 sum-

147 1117 279 1150 mam
301 1101 353 1149 in
384 1100 663 1148 civitatibus
686 1099 785 1147 suis
821 1106 1113 1185 potaetqem
1148 1097 1347 1155 habent,
1383 1094 1530 1143 modo

150 1177 415 1226 Christiani
434 1176 546 1223 sint.
615 1174 754 1222 Adeo
777 1181 833 1222 ut
858 1174 1064 1222 Sanctus
1079 1174 1266 1232 Petrus,
1290 1172 1367 1220 vel
1384 1171 1531 1219 etiam

152 1253 382 1302 Servator
417 1260 583 1299 noster
621 1251 739 1314 ipse,
764 1250 805 1297 si
841 1249 1055 1311 aliquem
1089 1264 1257 1296 eorum
1287 1247 1352 1295 ad
1383 1246 1533 1294 fidem

151 1328 483 1376 Christianam
542 1325 878 1382 convertisset,
937 1325 1052 1388 quia
1105 1333 1271 1372 tamen
1327 1337 1534 1386 regnum

153 1403 337 1453 Christi
364 1419 466 1451 non
489 1410 564 1450 est
585 1402 729 1464 hujus
752 1400 938 1459 mundi,
963 1398 1281 1447 convertendi
1315 1397 1534 1446 subditos

151 1478 375 1544 proprios
410 1477 480 1525 illi
516 1476 606 1525 soli
643 1475 950 1539 reliquisset;
996 1474 1179 1537 alioqui
1211 1489 1363 1537 regno
1397 1473 1536 1520 illum

151 1554 407 1619 privasset,
440 1552 520 1600 cui
544 1551 753 1600 docendi
771 1551 852 1613 jus
889 1549 1107 1598 adhaeret
1130 1548 1534 1611 inseparabiliter.

156 1629 281 1678 Haec
303 1645 420 1692 ergo
445 1627 689 1676 sufficiant
702 1626 767 1674 ad
788 1626 1133 1674 refutationem
1146 1625 1257 1673 libri
1273 1625 1418 1688 hujus
1435 1624 1536 1687 pri-

155 1705 240 1764 mi,
264 1705 315 1753 in
345 1719 442 1767 quo
465 1703 674 1766 probare
706 1709 911 1750 conatus
933 1708 1006 1749 aet
1030 1700 1347 1749 monarcham
1382 1699 1538 1748 eecle-

157 1781 243 1830 siae
264 1778 564 1838 universaliS,
587 1778 639 1826 id
656 1785 746 1835 est,
766 1777 1169 1834 Christianorum,
1203 1776 1352 1824 fuisse
1388 1776 1538 1824 Sanc-

157 1864 266 1906 tum
288 1856 501 1904 Petrum.

227 1931 372 1980 Liber
388 1929 630 1978 secundus
645 1929 767 1977 duas
782 1928 930 1976 habet
943 1927 1300 1975 conclusiones:
1320 1926 1540 1984 alteram,

162 2006 399 2055 Sanctum
435 2005 634 2053 Petrum
674 2004 845 2052 Romae
879 2003 1027 2051 fuisse
1062 2002 1359 2066 episcopum,
1394 2010 1541 2064 atque

161 2081 231 2130 ibi
263 2089 513 2129 mortuum
534 2095 671 2128 oese:
707 2079 927 2137 alteram,
952 2093 1256 2126 successores
1288 2076 1416 2124 illius
1439 2092 1543 2124 esse

163 2157 418 2221 pontificos
440 2156 701 2204 Romanos.
771 2154 989 2203 Quarum
1014 2162 1221 2216 utraque
1239 2152 1378 2214 quasi
1398 2151 1546 2199 dubia

164 2231 313 2281 hodie
352 2230 643 2294 disputatur.
729 2229 827 2278 Sed
862 2229 904 2277 si
942 2238 1199 2292 utramque
1234 2243 1398 2275 veram
1439 2241 1545 2274 esse

168 2306 578 2360 concesserimus;
606 2305 647 2353 si
670 2313 836 2353 tamen
858 2321 946 2368 per
968 2305 1254 2369 episcopum
1278 2303 1545 2349 Romanum

169 2380 484 2430 monarcham
520 2379 762 2438 ecclesiae,
794 2380 895 2428 sive
934 2386 1180 2443 pastorem
1222 2377 1439 2425 omnium
1466 2391 1547 2424 su-

169 2472 395 2523 premum
419 2455 674 2519 intelligat,
698 2471 797 2503 non
813 2455 1074 2519 Sylvester,
1089 2454 1176 2502 sed
1198 2451 1549 2501 Constantinus

173 2534 385 2596 Magnus
399 2530 663 2578 monarcha
684 2530 764 2578 ille
787 2538 922 2586 erat;
946 2539 999 2578 et
1020 2537 1075 2578 ut
1090 2526 1456 2585 ConstantinuS,
1479 2526 1551 2574 ita

175 2608 324 2657 etiam
358 2606 677 2669 imperatores
711 2606 975 2654 Christiani
1012 2619 1180 2653 omnes
1224 2602 1415 2666 imperii
1455 2601 1552 2649 Ro-

175 2683 308 2731 mani
329 2680 543 2745 episcopi
565 2681 675 2744 jure
692 2689 860 2737 erant3
896 2679 1103 2729 Romani
1126 2678 1324 2740 inquam
1346 2675 1554 2740 imperii,

177 2774 278 2807 non
300 2757 452 2805 totius
475 2756 606 2803 orbis
638 2755 917 2804 Christiani.
985 2756 1139 2803 Erant
1171 2753 1301 2801 enim
1324 2752 1556 2815 tempori-

179 2834 271 2882 bus
293 2831 387 2880 illis
409 2839 581 2894 gentes
611 2826 902 2879 Christianae
925 2827 1185 2886 nonnullae,
1217 2842 1325 2890 quae
1354 2826 1557 2890 imperio
