1968 3236
390 253 487 296 266
710 264 779 296 DE
808 261 1062 296 civl'rATE
1091 261 1445 295 cnms‘rlANA.

110 395 368 428 cmuxxxu,
392 375 625 437 Mysteria
648 374 791 432 enim,
812 381 866 420 ut
889 373 1085 436 pillulae,
1102 388 1221 435 quas
1240 375 1410 422 morbo
1434 374 1764 422 laborantibus

147 450 333 534 m
391 451 711 513 praescribunt
749 449 941 507 medici,
978 449 1018 495 si
1054 448 1386 511 deglutiantur
1430 450 1648 514 integrae,
1693 467 1766 499 sa-

148 539 321 589 clffriqtifgnae
391 536 530 582 nant;
551 544 730 575 mansae
748 535 912 575 autem
929 527 1211 589 plerumque
1235 536 1565 576 revomuntur.

146 592 301 620 ¹'‘¹¹¹⁰'²¹¹⁸'
458 603 702 665 Subjectio
744 610 907 649 autem
942 602 1213 649 intellectus
1247 619 1346 650 non
1369 603 1439 650 ita
1461 603 1763 666 intelligitur,

389 694 445 726 ac
469 678 508 725 si
540 685 788 725 teneretur
821 677 995 740 aliquis
1035 677 1237 740 alicujus
1278 678 1475 726 alterius
1511 679 1764 727 sententiae

388 754 692 808 consentire3
728 770 842 800 nam
882 768 1064 811 sensus,
1101 754 1348 812 memoria,
1389 754 1679 812 intellectus,
1716 762 1765 802 et

387 830 509 876 ratio
534 836 699 876 nostra
722 830 771 876 in
796 837 1039 892 potestate
1075 836 1242 876 nostra
1264 845 1362 878 non
1387 838 1515 889 sunt,
1534 830 1620 878 sed
1643 831 1765 878 tales

386 913 513 962 sunt,
539 905 703 967 quales
733 921 811 952 res
847 905 964 967 ipsae
996 904 1265 952 necessario
1297 905 1347 952 in
1371 906 1512 953 nobis
1536 906 1763 954 efficiunt.

387 979 692 1027 Intellectum
724 988 841 1027 tunc
877 979 1114 1041 subjicere
1147 979 1339 1027 dicendi
1363 996 1544 1039 sumus,
1570 981 1764 1044 quando

384 1055 492 1113 illis,
518 1071 726 1118 quorum
752 1062 826 1102 est
849 1054 908 1101 de
940 1054 1174 1102 doctrinis
1197 1063 1426 1114 statuere,
1450 1072 1549 1104 non
1573 1064 1764 1104 contra-

385 1130 604 1177 dicimus.

450 1206 726 1269 Alloquitur
749 1206 966 1254 homines
991 1206 1121 1253 Deus
1158 1214 1242 1254 aut
1273 1206 1566 1265 immediate,
1591 1215 1676 1255 aut
1699 1208 1766 1256 al-

387 1283 535 1330 terius
558 1283 786 1341 hominis,
812 1283 889 1330 cui
926 1282 1203 1330 immediate
1240 1283 1470 1345 loquutus
1503 1291 1618 1331 ante
1642 1291 1762 1342 erat,

385 1358 693 1406 mediatione.
764 1358 874 1406 Quo
906 1358 1049 1405 modo
1076 1358 1322 1405 hominem
1346 1358 1624 1407 immediate
1648 1359 1765 1407 allo-

385 1443 577 1498 quatur,
601 1434 807 1497 intelligi
839 1434 965 1482 forte
1002 1441 1163 1497 potest
1203 1434 1264 1481 ab
1300 1434 1358 1482 iis
1399 1451 1518 1497 quos
1554 1435 1623 1483 ita
1645 1435 1764 1483 allo-

384 1518 564 1572 quutus
589 1518 663 1557 est
683 1530 694 1565 ;
732 1509 816 1557 sed
839 1509 968 1557 idem
985 1518 1040 1556 ut
1064 1510 1124 1556 ab
1148 1509 1242 1557 alio
1266 1510 1580 1573 intelligatur,
1605 1510 1645 1558 si
1662 1527 1763 1559 non

383 1586 692 1648 impossibile,
730 1593 860 1633 certe
899 1585 1214 1632 difficilimum
1250 1593 1339 1632 est.
1416 1586 1543 1633 Nam
1579 1586 1619 1633 si
1656 1586 1763 1649 quis

383 1660 502 1708 mihi
527 1661 727 1719 diceret,
753 1661 909 1709 Deum
942 1659 1031 1708 sibi
1055 1660 1484 1722 supernaturaliter
1524 1669 1574 1708 et
1597 1661 1763 1710 imme-

384 1736 512 1784 diate
547 1737 803 1800 loquutum
838 1751 957 1793 esse,
983 1735 1225 1783 dubitanti
1260 1751 1322 1782 an
1353 1735 1403 1782 id
1426 1752 1593 1783 verum
1617 1745 1759 1796 esset,

382 1828 481 1859 non
516 1812 657 1860 facile
694 1812 912 1874 intelligo
949 1811 1122 1874 quibus
1155 1811 1451 1874 argumentis
1475 1811 1591 1859 mihi
1614 1813 1761 1860 fidem

382 1887 580 1935 faceret.
652 1887 901 1951 Siquidem
942 1886 1011 1934 ita
1046 1886 1164 1933 dicit
1187 1886 1228 1933 is
1260 1886 1338 1932 cui
1369 1885 1521 1934 debeo
1547 1888 1759 1947 obedire,

383 1963 580 2011 obedire
597 1971 782 2022 teneor,
802 1971 1016 2021 eatenus,
1030 1970 1087 2009 ut
1109 1977 1267 2025 neque
1282 1962 1430 2009 verbo
1455 1979 1611 2026 neque
1630 1963 1760 2012 facto

383 2038 652 2086 dissensum
688 2054 848 2086 meum
885 2037 1187 2100 patefaciam.
1259 2036 1327 2084 Ut
1358 2037 1551 2085 credam
1579 2047 1759 2098 autem,

382 2130 479 2161 non
502 2121 663 2177 potest
686 2129 876 2177 cogere.
948 2112 1094 2161 Quod
1116 2113 1156 2159 si
1180 2112 1263 2175 qui
1287 2113 1631 2162 authoritatem
1655 2116 1762 2164 nuh

382 2190 477 2236 lam
511 2189 705 2246 habeat,
740 2187 1016 2251 hujusmodi
1052 2186 1235 2249 aliquid
1276 2187 1421 2246 dicat,
1446 2205 1593 2237 causa
1627 2190 1760 2239 nulla

381 2272 453 2312 est
475 2280 633 2328 neque
656 2271 711 2311 ut
735 2263 929 2311 credam
951 2278 1107 2325 neque
1131 2270 1186 2309 ut
1209 2262 1447 2310 obediam.

446 2339 635 2388 Quibus
669 2338 800 2386 Deus
835 2337 1063 2400 loquutus
1101 2345 1175 2384 est
1209 2337 1257 2384 in
1295 2338 1558 2402 Scripturis
1593 2341 1758 2400 sacris,

379 2430 476 2461 non
523 2413 799 2461 immediate
840 2413 1068 2476 loquutus
1105 2419 1194 2470 est,
1233 2412 1318 2460 sed
1357 2430 1445 2476 per
1482 2415 1758 2479 prophetas,

379 2489 523 2552 idque
565 2490 788 2537 omnibus
825 2488 1087 2551 aequaliter.
1159 2488 1257 2536 Qui
1289 2489 1444 2536 Deum
1484 2490 1534 2538 in
1571 2491 1757 2540 somnio

379 2564 441 2611 ad
478 2581 528 2612 se
565 2565 819 2628 loquutum
849 2579 950 2611 esse
975 2563 1108 2620 dicit,
1133 2563 1290 2611 Deum
1320 2564 1383 2611 ad
1414 2581 1464 2612 se
1501 2565 1756 2630 loquutum

378 2656 480 2687 esse
513 2639 774 2688 somniasse
798 2655 848 2686 se
873 2638 1006 2687 dicit.
1078 2639 1275 2687 Somnia
1301 2648 1463 2688 autem
1487 2641 1645 2689 aliena
1667 2657 1756 2706 pro

377 2715 525 2762 verbo
551 2715 640 2763 Dei
664 2730 807 2762 nemo
830 2713 1049 2777 accipiet,
1065 2714 1333 2777 praesertim
1353 2715 1392 2762 si
1416 2716 1603 2764 somnia
1625 2732 1758 2765 max-

379 2788 475 2836 ima
512 2805 569 2837 ex
605 2797 743 2853 parte
789 2788 1029 2836 naturalia
1064 2804 1167 2836 esse
1208 2796 1256 2836 et
1293 2790 1352 2837 ab
1393 2791 1673 2854 arrogantia
1705 2799 1756 2840 et

379 2863 602 2926 superbia
639 2863 921 2912 somniantis
958 2863 1220 2926 procedere
1261 2880 1401 2927 posse
1442 2866 1578 2914 sciat.
1657 2865 1755 2916 Qui
