1968 3236
522 244 593 279 nn
620 245 803 279 amno
829 244 1233 280 TRNEBRARUM.
1470 233 1560 284 497

181 355 442 404 conciones
467 363 518 403 et
558 356 742 419 scripta
780 355 927 413 edita,
964 355 1138 404 animis
1178 354 1566 403 Christianorum
1597 377 1701 410 οη,
1720 378 1847 412 mm,

181 430 400 480 omnium
423 429 748 479 indelebiliter
770 431 974 478 infixum
992 439 1082 488 est,
1110 428 1335 495 regulum
1347 429 1484 492 justi
1517 436 1567 478 et
1618 433 1811 502 m

181 505 357 569 injusti
379 505 532 554 aliam
551 506 737 554 nullam
752 523 862 554 esse
877 513 1076 571 prceter
1100 505 1323 553 ecclesioe
1338 505 1567 553 Romame
1616 515 1780 566 ,14me

181 580 455 630 dictamina
475 600 494 636 ;
519 581 724 646 regibus
749 582 958 629 ulterius
982 580 1301 628 obediendum
1325 596 1418 628 non
1442 597 1567 637 esse,
1615 558 1809 598 phssmpm

181 673 329 722 quam
351 656 416 704 ab
440 657 653 704 ecclesia
690 658 912 704 Romana
939 656 1415 721 permissamfuerit
1435 674 1454 710 ;
1489 671 1568 703 re·

177 747 275 796 ges
307 731 446 797 ipso-5
472 733 703 796 pontefici
724 732 945 780 Romano
970 731 1150 779 debere
1185 738 1419 796 tanquam
1454 747 1567 779 oves

182 805 386 855 obedire
402 826 421 862 ;
444 807 724 870 factumque
748 815 837 863 est,
856 807 988 870 quod
1012 814 1117 854 erat
1139 807 1432 855 faciendum.

249 882 409 931 Locus
444 883 495 930 in
527 883 926 931 universitatibus
950 891 1056 930 erat
1079 882 1226 930 etiam
1250 882 1411 930 studio
1441 882 1566 945 juris

183 957 393 1006 Romani
433 958 620 1022 antiqui
657 967 707 1007 et
747 958 1031 1012 medicinae;
1067 957 1183 1006 solae
1217 957 1433 1005 scientiae
1465 973 1566 1004 ma-

181 1032 479 1091 thematicae,
503 1049 603 1081 non
627 1033 758 1096 quod
782 1033 1019 1081 doctrinae
1053 1032 1343 1081 Christianae
1370 1040 1566 1080 contra-

182 1109 308 1157 rium
328 1108 514 1172 aliquid
537 1109 863 1167 continerent,
880 1108 968 1156 sed
989 1116 1192 1172 prupter
1209 1107 1499 1171 ignorantiae
1516 1117 1567 1156 et

182 1184 362 1232 artium
379 1184 780 1232 irreconciliabile
796 1183 1065 1242 dissidium,
1080 1183 1422 1247 praetermissae
1436 1191 1566 1231 sunt.

182 1259 312 1307 Nam
337 1266 387 1307 et
409 1267 569 1317 antea,
594 1267 650 1306 ut
674 1259 782 1322 quis
806 1259 867 1307 ab
891 1259 1076 1306 honore
1101 1259 1408 1322 episcopatus
1431 1274 1567 1306 arce-

182 1343 334 1394 retur,
360 1335 478 1383 satis
493 1351 653 1382 causae
673 1343 778 1382 erat
794 1334 1019 1382 didicisse
1038 1343 1167 1382 artes
1182 1333 1566 1393 mathematicas,

181 1410 259 1459 vel
281 1419 461 1459 terram
500 1410 698 1458 credere
739 1410 999 1458 rotundam
1035 1425 1155 1466 esse,
1187 1417 1273 1458 aut
1295 1425 1400 1457 esse
1423 1417 1567 1457 terrae

182 1486 368 1535 incolas
391 1502 513 1549 quos
531 1485 788 1549 antipodas
812 1485 1127 1549 appellamus.

249 1560 511 1610 Quomodo
530 1570 694 1608 autem
715 1569 766 1607 et
789 1576 819 1607 a
843 1560 1018 1623 quibus
1042 1560 1353 1623 opinionibus
1377 1560 1567 1606 Aristo-

0 1653 9 1675 ?
180 1635 339 1684 telicis
362 1636 583 1684 derivata
605 1645 682 1684 est
705 1635 928 1683 doctrina
951 1636 1188 1693 Romana,
1212 1635 1290 1683 vel
1320 1635 1568 1698 theologia

181 1711 474 1760 scholastica
493 1727 640 1774 quam
663 1710 1011 1774 reprehendis?
1083 1711 1270 1758 Dicam.
1340 1710 1499 1758 Graeci
1518 1719 1568 1758 et

182 1786 344 1835 Latini
377 1795 428 1835 et
451 1787 679 1850 Europaei
712 1786 948 1850 plerique,
985 1786 1176 1850 quoties
1211 1786 1456 1834 affirmant
1478 1785 1566 1833 ali-

181 1861 316 1926 quid,
348 1863 656 1926 conjungunt
679 1862 777 1910 duo
801 1862 1002 1910 nomina
1022 1877 1112 1925 per
1132 1861 1336 1909 verbum
1360 1868 1437 1909 est
1454 1880 1472 1916 ;
1508 1876 1567 1908 eo

181 1936 329 1986 modo
361 1937 690 2001 significantae
722 1953 901 1986 nomen
934 1945 1197 2000 utrumque
1232 1936 1450 2000 ejusdem
1490 1935 1569 1983 rei

180 2026 362 2060 nomen
385 2028 490 2060 esse
509 2033 522 2067 ;
546 2021 603 2060 ut
626 2013 709 2076 qui
732 2013 853 2060 dicit
875 2012 1013 2060 homo
1037 2018 1115 2059 est
1131 2012 1336 2071 animal,
1360 2011 1567 2074 intelligi

180 2087 252 2136 ita
267 2087 374 2135 vult
396 2103 454 2135 ac
479 2087 519 2135 si
542 2087 758 2145 dixisset,
774 2088 854 2136 “si
878 2103 1022 2151 quem
1041 2095 1174 2135 recte
1192 2087 1427 2134 hominem
1447 2086 1567 2134 dici-

179 2177 304 2220 mus,
328 2162 538 2210 eundem
569 2163 718 2211 etiam
755 2163 945 2211 animal
974 2170 1107 2211 recte
1143 2162 1395 2209 dicimuS.”
1464 2160 1568 2208 Ali-

180 2237 377 2302 quando
422 2238 570 2286 etiam
615 2239 821 2287 verbum
867 2239 1003 2297 illud,
1051 2244 1143 2295 est,
1189 2238 1373 2285 nomini
1419 2236 1566 2284 unico

185 2313 490 2377 apponimus,
513 2321 570 2361 ut
587 2314 783 2377 quando
801 2314 921 2362 dicit
940 2313 1133 2377 aliquiS,
1149 2313 1288 2360 Deus
1304 2318 1395 2359 est.
1429 2311 1568 2359 Tunc

187 2397 352 2437 autem
377 2388 447 2436 ita
468 2388 675 2452 intelligi
699 2389 802 2438 vult
825 2406 883 2438 ac
906 2390 946 2437 si
971 2389 1188 2446 dixisset,
1208 2388 1349 2435 Deus
1373 2393 1450 2434 est
1473 2386 1570 2433 ali-

186 2463 315 2528 quid
343 2462 499 2522 reale,
517 2464 915 2528 nonfigmentum
934 2464 1087 2512 animi
1102 2482 1120 2518 ;
1145 2462 1450 2527 hypostasis,
1475 2477 1571 2509 non

178 2539 487 2606 phantasma
507 2556 525 2592 ;
561 2538 631 2587 sic
654 2539 784 2586 enim
809 2539 1115 2603 distinguunt
1138 2538 1296 2585 Graeci
1330 2537 1459 2584 inter
1487 2551 1571 2583 res

186 2629 335 2662 veras
379 2620 431 2662 et
476 2620 782 2679 apparentes
827 2622 1035 2663 tantum.
1122 2611 1342 2675 Exempli
1391 2627 1569 2667 causa;

186 2689 435 2737 hominem
452 2696 751 2752 spectantem
787 2705 840 2737 se
874 2690 925 2737 in
948 2689 1144 2753 speculo
1168 2687 1461 2751 hypostasin
1484 2703 1570 2734 vo-

187 2764 381 2822 cabant,
427 2763 528 2811 sive
568 2763 931 2819 substantiam;
983 2764 1245 2827 imaginem
1286 2769 1449 2810 autem
1495 2762 1568 2810 sui

187 2840 238 2888 in
262 2838 460 2904 speculo
501 2839 670 2898 visam,
702 2838 1023 2904 phantasma.
1110 2837 1323 2886 Verbum
1363 2837 1457 2885 hoc
1493 2843 1571 2886 est

321 2928 445 2963 vot.
467 2928 552 2962 111.
1342 2928 1377 2960 x
1401 2928 1435 2961 x
