1968 3236
393 230 488 272 494
726 240 796 272 DE
825 238 1011 272 REGNo
1038 237 1441 271 TENEBRARUM.

106 371 209 405 cAP.
229 372 357 406 xtm.
390 368 470 399 mo
496 351 643 406 dicit3
680 350 740 397 de
766 350 956 398 Christo
976 356 1237 412 utrumque
1262 357 1395 396 recte
1420 348 1613 406 dicitur,
1639 348 1772 412 quod

138 428 333 497 W
391 437 464 475 est
487 428 647 485 homo,
673 438 722 473 et
747 425 876 488 quod
901 433 972 472 est
994 424 1142 471 Deus.
1213 424 1310 472 Ubi
1333 424 1512 487 legitur
1534 424 1586 471 in
1612 424 1771 488 Scrip-

136 511 299 562 abstmmi,
390 503 511 550 turis
534 502 778 549 hominem
804 500 1145 558 Christianum,
1170 500 1264 546 nisi
1289 500 1653 563 comparatione
1676 500 1769 548 hac

137 554 328 592 Phss⁰⁸⁰ph¹⁸'
389 576 735 625 incarnationis
771 592 880 623 cum
906 576 1067 622 anima
1090 582 1139 622 et
1165 591 1310 622 carne
1333 575 1543 623 hominis
1567 583 1768 624 conten-

388 661 467 701 tus
492 653 566 709 sit,
593 651 922 699 damnandum
947 666 1051 697 esse
1072 651 1087 697 ?
1158 651 1255 698 Ubi
1278 651 1456 714 legitur
1480 651 1529 697 in
1551 651 1769 715 Scriptu-

389 730 453 776 ris
480 728 653 786 SacriS‚
681 734 765 774 aut
788 728 838 774 in
863 727 1081 790 symbolo
1107 726 1313 786 Niceno,
1339 735 1438 774 tres
1463 742 1566 774 esse
1590 726 1770 791 hypos-

389 809 538 862 taseS,
573 803 625 850 id
663 811 753 860 est,
782 810 881 850 tres
914 802 1239 861 substantia&
1276 803 1327 850 id
1361 810 1448 860 est,
1479 810 1578 850 tres
1613 803 1767 861 Deos,

387 886 473 926 aut
507 878 641 925 aliud
674 879 805 941 quod
829 879 1118 926 tantundem
1141 878 1303 926 valet?
1374 879 1425 926 Si
1448 878 1655 941 legatur,
1681 894 1769 926 cur

387 970 444 1001 ea
460 969 578 1000 voce
603 954 805 1001 ecclesia
830 955 1003 1002 Latina
1022 955 1263 1002 recusavit
1285 955 1357 1002 uti
1377 954 1392 1001 ?
1446 954 1545 1002 Cur
1569 962 1769 1002 excusat

387 1030 579 1077 Graecos
603 1030 921 1092 Augustinus,
947 1032 1006 1078 ab
1032 1047 1089 1078 eo
1115 1031 1245 1093 quod
1268 1046 1438 1078 vocem
1469 1029 1767 1077 commodio-

385 1120 487 1151 rem
510 1121 609 1152 non
632 1105 845 1153 habuere
868 1106 883 1154 ?
935 1107 1118 1153 Verum
1143 1106 1339 1170 quidem
1365 1114 1454 1164 est,
1477 1105 1767 1153 vocabulum

385 1180 435 1227 in
458 1181 624 1244 lingua
645 1182 814 1230 Graeca
836 1183 1023 1230 nullum
1047 1198 1167 1241 esse,
1184 1182 1315 1245 quod
1338 1180 1628 1244 respondeat
1642 1195 1767 1244 per-

384 1272 532 1316 sonoe,
569 1258 805 1306 vocabulo
848 1259 1147 1306 Latinorum.
1219 1258 1430 1306 Necesse
1465 1264 1631 1305 tamen
1666 1271 1768 1304 non

385 1339 490 1379 erat
507 1340 562 1379 ut
586 1334 822 1381 vocabulo
843 1334 1132 1398 hypostasis
1149 1341 1421 1391 uterentur,
1439 1349 1550 1380 cum
1569 1347 1766 1380 necesse

384 1423 483 1455 non
529 1417 655 1456 esset
700 1417 756 1456 ut
801 1410 1086 1473 mysterium
1134 1409 1473 1472 explicaretur.
1560 1407 1765 1466 Deinde,

384 1483 514 1544 quod
538 1491 611 1530 est
634 1484 685 1531 in
708 1485 925 1548 symbolo
952 1485 1223 1543 Athanasii,
1238 1483 1400 1531 Filius
1419 1490 1495 1531 est
1518 1500 1580 1530 ex
1604 1482 1766 1530 Patre

384 1557 504 1615 solo,
523 1558 642 1606 illud
666 1559 769 1606 solo
794 1561 845 1607 in
869 1560 1087 1624 symbolo
1108 1560 1296 1607 Niceno
1320 1576 1420 1607 non
1444 1566 1545 1612 est;
1571 1565 1621 1606 et
1642 1573 1767 1621 prae·

384 1642 518 1681 terea
532 1634 710 1682 dicitur
730 1636 931 1697 (Matth.
951 1637 981 1683 i.
1009 1637 1114 1697 20),
1135 1635 1269 1699 quod
1290 1636 1340 1682 in
1365 1634 1572 1699 Virgine
1586 1633 1765 1681 Maria

380 1710 599 1774 genitum
638 1718 728 1770 est,
765 1729 826 1760 ex
868 1712 1067 1777 Spiritu
1115 1712 1298 1759 Sancto
1345 1717 1435 1758 est.
1506 1709 1602 1757 Sed
1636 1708 1766 1756 dicet

382 1786 587 1833 fortasse
621 1786 808 1850 aliquis,
833 1787 1199 1851 generationem
1237 1794 1470 1834 aeternam
1506 1784 1700 1832 differre
1734 1800 1765 1832 a

382 1861 696 1923 generatione
736 1862 819 1910 illa
849 1879 956 1926 quae
996 1862 1128 1910 facta
1164 1870 1240 1909 est
1277 1861 1328 1908 in
1363 1868 1502 1908 utero
1541 1859 1762 1923 virginis.

384 1936 480 1983 Ubi
498 1945 661 1984 31110111
681 1939 933 2002 Scriptura
957 1939 1120 1996 Sacra,
1143 1945 1227 1986 aut
1251 1936 1478 2001 synodus,
1503 1936 1574 1983 ita
1597 1935 1764 1983 distin·

382 2012 522 2074 guit?
592 2014 767 2062 Nonne
799 2015 931 2062 Deus
966 2022 1071 2062 erat
1101 2014 1248 2062 Filius
1283 2029 1343 2061 ex
1375 2029 1433 2060 eo
1458 2011 1591 2075 quod
1612 2011 1763 2074 Virgo

382 2087 517 2135 illum
542 2105 600 2136 ex
620 2090 806 2153 Spiritu
831 2091 1027 2149 Sancto,
1048 2090 1099 2138 id
1123 2098 1211 2148 est,
1230 2106 1290 2137 ex
1310 2089 1414 2136 Deo
1439 2087 1762 2151 conceperat?

383 2162 503 2222 Imo,
520 2164 650 2212 Deus
675 2166 735 2212 ab
761 2174 943 2214 aeterno
968 2176 1087 2225 erat,
1113 2166 1205 2214 etsi
1226 2165 1445 2213 nondum
1469 2179 1665 2211 carnem
1689 2163 1763 2213 in-

383 2237 581 2286 duisset.
651 2240 778 2288 Nam
814 2241 875 2289 de
907 2257 964 2289 eo
1001 2241 1131 2304 quod
1164 2241 1225 2289 ab
1257 2248 1440 2288 aeterno
1465 2239 1761 2298 decreverat,

383 2313 461 2359 cui
496 2314 659 2362 omnia
693 2323 807 2363 sunt
839 2316 1115 2379 praesentia,
1140 2315 1357 2379 loquitur
1380 2315 1510 2362 Deus
1545 2329 1764 2377 saepenu-

381 2403 514 2435 mero
539 2397 771 2453 tanquam
795 2391 855 2439 de
878 2401 1136 2455 praesente.
1216 2391 1423 2439 Verbum
1447 2390 1562 2449 Dei,
1587 2405 1762 2453 nempe

387 2462 616 2512 Christus
631 2467 929 2530 promissus,
949 2483 978 2514 3
1001 2467 1241 2530 principio
1261 2475 1312 2515 et
1336 2467 1397 2515 ab
1421 2474 1604 2514 aeterno
1628 2474 1760 2521 erat;

382 2539 529 2587 verba
553 2549 717 2588 tamen
752 2542 834 2590 illa
870 2559 979 2606 quae
1013 2543 1199 2590 faciunt
1235 2550 1399 2591 actum
1426 2540 1761 2606 promittendi,

382 2629 481 2660 non
502 2624 638 2663 erant
655 2617 800 2675 Deus,
818 2634 907 2665 nec
927 2618 1213 2676 substantia,
1235 2617 1320 2665 sed
1335 2634 1441 2665 vox.
1479 2617 1570 2665 Per
1588 2617 1762 2664 Filium

383 2688 474 2736 Dei
500 2690 661 2753 facta
696 2699 809 2739 sunt
848 2691 1017 2740 secula
1051 2693 1198 2752 (Heb.
1232 2693 1262 2740 i.
1290 2694 1341 2753 2)
1369 2714 1380 2747 ;
1419 2692 1505 2740 sed
1538 2708 1639 2740 non
1673 2706 1762 2755 per

382 2763 528 2811 alium
553 2765 710 2813 Deum
734 2783 791 2814 ea
813 2767 930 2815 fecit
953 2767 1099 2815 Deus.
1154 2768 1244 2815 Per
1266 2768 1467 2815 verbum
1492 2768 1583 2815 Dei
1597 2767 1761 2830 facta

384 2845 497 2885 sunt
522 2841 698 2900 omnia,
723 2842 1002 2906 quaesacta
1025 2849 1137 2891 sunt
1156 2861 1173 2890 .·
1209 2843 1333 2891 dixit
1356 2843 1484 2891 enim
1501 2843 1758 2904 Deusfiat,
