1968 3236
715 230 785 263 DE
814 230 1090 264 elvini-13.
1513 216 1603 268 177

215 346 331 411 quia
353 345 402 393 in
429 343 655 392 dominiis
680 344 893 391 externis
932 343 1020 391 soli
1045 341 1279 399 vendunt,
1305 340 1464 389 carius
1488 356 1604 387 ven·
1638 360 1741 392 clip.
1759 358 1876 391 χχιι.

214 421 369 476 dunt;
406 421 457 468 id
494 419 625 483 quod
660 421 856 467 sibimet
893 419 1010 483 ipsis
1043 434 1211 466 rursus
1246 418 1399 477 lucro,
1425 415 1604 464 exteris
1645 414 1851 489 Dm

214 496 395 546 damno
411 505 502 544 est.
537 496 721 552 Terti0,
742 496 854 558 quia
872 510 1058 542 merces
1074 501 1299 541 externas
1315 492 1404 540 soli
1419 499 1604 549 emunt,
1643 491 1725 533 tibus'
1735 504 1850 532 ‹z'vium

215 572 358 621 vilius
382 580 581 625 emunt3
620 571 669 618 id
703 571 835 634 quod
867 571 956 618 sibi
997 569 1192 633 quidem
1231 568 1368 626 utile,
1393 567 1608 615 externis

216 656 382 696 autem
406 647 607 694 noxium
629 655 718 693 est.
790 647 997 702 Quarto,
1022 646 1136 708 quia
1172 660 1357 692 merces
1382 652 1610 691 externas

216 722 307 772 soli
338 721 556 769 vendunt
594 721 742 779 domi,
780 722 939 768 carius
970 719 1220 782 vendunt;
1257 719 1308 767 id
1345 719 1478 783 quod
1519 718 1610 767 sibi

215 797 378 846 adhuc
401 797 663 854 lucrosum,
689 796 774 843 sed
798 796 1076 843 concivibus
1096 796 1194 843 suis
1212 795 1500 843 damnosum
1518 803 1608 843 est.

219 873 358 922 Bono
381 888 499 935 ergo
524 872 737 919 civitatis
756 879 897 929 esset,
919 872 958 918 si
982 871 1135 918 literis
1159 886 1443 919 concessum
1467 878 1609 929 esset,

217 958 274 998 ut
296 949 388 997 soli
410 948 528 996 foris
548 949 758 995 civitatis
789 964 889 995 suae
912 963 1100 995 merces
1122 946 1393 995 venderent
1417 955 1467 995 et
1484 962 1613 994 mer·

218 1041 301 1074 ces
315 1033 542 1072 externas
558 1024 647 1071 soli
673 1032 896 1071 emerent
913 1045 925 1078 ;
946 1023 1033 1071 sed
1050 1031 1106 1070 ut
1130 1023 1261 1071 domi
1285 1023 1488 1070 arbitrio
1507 1039 1611 1082 suo,

219 1117 318 1165 quo
340 1100 491 1147 velint
515 1100 692 1162 pretio,
718 1100 981 1162 importata
999 1098 1283 1157 venderent,
1302 1099 1490 1146 civibus
1514 1114 1615 1146 ma·

220 1176 323 1224 lum
345 1184 488 1223 esset.
559 1174 769 1238 Expedit
793 1184 956 1222 autem
981 1174 1186 1238 singulis
1211 1173 1491 1237 hujusmodi
1509 1190 1612 1238 sys-

220 1251 415 1300 tematis
438 1251 684 1308 membris,
711 1258 765 1298 ut
786 1251 868 1313 qui
892 1251 1123 1313 pecunias
1149 1266 1260 1298 suas
1284 1250 1613 1308 contulerunt,

222 1334 274 1375 et
308 1334 569 1390 expectant
599 1326 788 1373 lucrum
825 1326 1004 1389 singuli
1039 1326 1259 1389 pecuniae
1293 1342 1393 1373 suae
1425 1326 1614 1373 collatae

222 1401 603 1467 proportionale,
646 1401 1081 1449 consultationibus
1116 1401 1390 1464 systematis
1431 1401 1615 1458 adesse,

223 1478 469 1540 librosque
507 1476 755 1524 rationum
797 1492 993 1524 suarum
1035 1476 1274 1539 inspicere
1296 1498 1308 1531 ;
1351 1476 1402 1523 id
1434 1485 1523 1534 est,
1561 1483 1616 1524 ut

223 1568 433 1617 persona
469 1552 746 1616 systematis
782 1552 845 1600 sit
879 1552 930 1600 in
963 1552 1067 1615 ipso
1100 1560 1232 1600 coetu
1260 1568 1346 1600 seu
1377 1553 1529 1611 curia,
1555 1552 1616 1600 ad

223 1627 428 1676 formam
455 1627 781 1675 democratiae.

294 1704 347 1752 Si
384 1710 597 1766 systema
632 1710 958 1750 mercatorum
995 1704 1198 1762 homini,
1224 1705 1306 1767 qui
1339 1704 1616 1768 systematis

227 1780 500 1829 membrum
523 1795 621 1826 non
648 1780 711 1826 sit
735 1779 822 1827 sed
841 1787 1115 1839 extraneus,
1139 1780 1400 1843 pecuniam
1423 1779 1614 1838 debeat,

227 1854 611 1918 unumquodque
652 1856 983 1903 membrorum
1024 1856 1226 1904 seorsim
1272 1856 1519 1920 obligatur
1554 1855 1619 1904 ad

230 1930 522 1980 solutionem
554 1930 704 1978 totius
733 1931 901 1978 debiti.
972 1931 1019 1979 Is
1054 1932 1200 1990 enim,
1225 1932 1309 1995 qui
1341 1932 1618 1995 systematis

229 2006 502 2055 membrum
517 2021 616 2053 non
632 2013 720 2065 est,
735 2022 958 2070 personae
978 2008 1244 2055 artificialis
1262 2007 1490 2055 notitiam
1509 2007 1618 2055 nul-

231 2080 330 2129 lam
364 2079 529 2138 habet,
568 2081 655 2129 sed
687 2098 922 2145 personas
962 2084 1210 2132 naturales
1242 2100 1411 2132 eorum
1449 2100 1618 2132 omnes

233 2156 437 2220 obligari
461 2156 552 2204 sibi
575 2158 823 2221 supponit.
892 2158 1075 2206 Verum
1108 2159 1148 2207 si
1181 2159 1396 2207 creditor
1421 2161 1485 2207 sit
1515 2176 1617 2223 sys-

234 2232 431 2280 tematis
453 2233 741 2292 membrum,
768 2234 961 2282 debitor
981 2250 1176 2298 quoque
1199 2235 1330 2283 idem
1354 2243 1441 2294 est,
1460 2251 1619 2298 neque

236 2306 454 2356 debitum
489 2323 631 2355 suum
653 2309 746 2357 nisi
770 2326 800 2357 a
823 2317 1085 2373 systemate
1103 2311 1225 2374 ipso,
1249 2310 1301 2358 id
1324 2319 1412 2370 est,
1436 2327 1466 2358 a
1489 2327 1621 2358 com-

236 2382 371 2431 muni
394 2384 616 2446 pecunia,
635 2384 837 2447 siquam
863 2385 1027 2444 habet,
1042 2386 1290 2449 postulare
1309 2387 1419 2449 jure
1442 2394 1620 2449 potest.

239 2457 293 2506 Si
333 2458 502 2506 civitas
535 2475 566 2506 a
604 2467 868 2523 systemate
903 2461 1085 2509 virtute
1126 2462 1384 2525 potestatis
1420 2478 1622 2510 summae

238 2532 494 2596 pecuniam
526 2534 704 2597 exigat,
729 2536 964 2584 solvenda
998 2553 1028 2585 a
1050 2538 1280 2585 membris
1316 2545 1405 2595 est,
1430 2537 1622 2584 collatis

239 2622 272 2655 a
291 2607 494 2671 singulis
507 2609 583 2667 ad,
593 2618 919 2659 mercaturam
941 2613 1161 2676 pecuniis
1175 2612 1621 2676 proportionaliter.

242 2680 370 2730 Nam
393 2698 700 2733 communem
722 2687 980 2749 pecuniam
1011 2687 1195 2735 nullam
1226 2688 1373 2735 habet
1412 2695 1625 2751 systema

242 2758 604 2818 mereatorium,
627 2760 721 2809 nisi
751 2777 862 2825 quae
895 2779 924 2810 a
962 2763 1166 2826 singulis
1201 2762 1264 2810 ad
1298 2771 1624 2811 mercaturam

242 2831 421 2881 collata
441 2842 527 2881 est.

377 2922 502 2957 vol„
522 2924 607 2958 111.
1453 2929 1490 2963 N

67 2350 74 2356 ε
47 1970 82 2329 ωνψρτςφμπᾱρυεψικμῑῐ
51 1926 54 1927 ’
49 1893 74 1916 ·ῖ
