1968 3236
720 214 787 247 nn
818 214 1090 248 CIVITATE.
1503 203 1599 246 203

220 323 446 387 applicat.
517 324 860 387 Interpretatio
884 333 1046 372 autem
1085 324 1167 372 illa
1189 322 1472 371 authentica
1506 331 1596 381 est,
1615 348 1717 381 ομ»,
1747 349 1876 384 xxm,

220 414 318 447 non
343 398 456 462 quia
489 414 590 457 sua,
616 399 699 446 sed
736 400 849 462 quia
885 400 1096 448 civitatis
1130 398 1371 447 sententia
1406 405 1512 454 est3
1549 406 1598 446 et
1654 406 1830 471 lm

219 474 297 523 lex
327 475 381 522 fit
405 474 496 522 illis
529 475 657 522 inter
676 491 797 538 quos
821 475 926 539 lege
946 476 1197 538 agebatur,
1222 489 1321 522 non
1345 479 1509 521 autem
1533 474 1599 521 ci·
1655 477 1797 506 civffibm

223 550 366 598 vibus
388 550 640 597 universis.

287 625 530 674 Quoniam
548 633 712 672 autem
731 625 882 687 judex
905 625 1064 673 nullus
1082 633 1173 683 est,
1197 640 1353 687 neque
1377 623 1575 671 subordi

229 708 374 748 natus
397 716 554 763 neque
578 716 844 763 supremus,
870 700 953 763 qui
990 699 1235 747 interdum
1269 715 1366 747 non
1392 706 1520 747 erret
1550 705 1600 747 et

220 776 435 838 iniquam
457 776 747 823 sententiam
766 775 922 829 ferat;
959 774 1104 833 idem,
1129 775 1170 822 si
1188 783 1357 838 postea
1375 775 1423 822 in
1444 790 1599 837 quaes-

220 850 354 899 tione
394 851 536 897 simili
578 867 789 898 errorem
829 866 970 898 suum
1005 858 1285 913 cognoscat,
1309 849 1599 897 sententiam

220 925 347 973 ferre
384 926 647 988 aequiorem
684 926 939 988 obligatur.
1029 926 1155 973 Suus
1190 925 1319 972 enim
1355 925 1444 972 sibi
1465 940 1601 972 error

220 994 300 1048 lex
334 1017 432 1048 non
471 1010 560 1058 est,
603 1017 758 1064 neque
793 1017 901 1048 eum
927 1001 1110 1064 obligat
1145 1001 1207 1049 ad
1242 1000 1600 1064 persistendum

221 1076 271 1123 in
294 1075 549 1138 iniquitate
568 1092 654 1123 sua
674 1096 684 1123 :
711 1076 863 1123 multo
888 1076 1045 1123 minus
1064 1076 1253 1139 judices
1277 1076 1395 1123 alios
1419 1075 1600 1139 obliga-

222 1150 315 1198 bit.
386 1152 676 1214 Quanquam
700 1152 828 1199 enim
862 1152 1121 1210 sententia,
1146 1151 1293 1199 etiam
1318 1151 1498 1214 iniqua,
1513 1166 1601 1214 per

223 1226 571 1274 authoritatem
609 1243 845 1274 summam
890 1227 1036 1274 tacite
1080 1227 1285 1290 probata
1316 1227 1366 1274 in
1411 1226 1599 1290 legibus

224 1316 332 1363 quae
351 1302 604 1349 mutabiles
623 1310 752 1360 sunt,
769 1302 923 1349 instar
939 1318 1079 1349 novae
1096 1302 1217 1365 legis
1237 1303 1323 1357 sit;
1345 1302 1394 1349 in
1410 1301 1599 1365 legibus

223 1383 385 1423 tamen
428 1377 823 1435 immutabilibus,
861 1376 1026 1440 quales
1049 1384 1162 1424 sunt
1183 1377 1314 1440 leges
1337 1376 1598 1435 naturaleS,

222 1451 429 1498 transire
453 1451 502 1498 in
527 1451 683 1514 legem
706 1468 805 1499 non
825 1458 1003 1514 potest,
1027 1459 1082 1499 ut
1106 1451 1289 1515 obliget
1312 1452 1374 1500 ad
1393 1452 1599 1499 similem

223 1526 516 1573 sententiam
534 1541 723 1589 semper
745 1526 994 1573 ferendam
1020 1525 1229 1574 eundem
1252 1535 1338 1574 aut
1361 1526 1510 1574 alium
1521 1528 1599 1590 ju-

224 1599 397 1648 dicem.
468 1601 620 1664 Leges
644 1601 806 1648 civiles
830 1608 880 1648 et
903 1601 1065 1648 civilia
1087 1602 1249 1649 omnia
1271 1610 1527 1650 transeunt
1550 1610 1600 1650 et

222 1683 508 1731 mutantur;
556 1676 642 1724 sed
665 1676 795 1739 leges
825 1676 1087 1735 naturales,
1124 1693 1234 1725 cum
1272 1678 1369 1726 sint
1406 1677 1596 1740 divinae,

225 1751 433 1798 transire
457 1759 543 1798 aut
570 1752 749 1799 mutari
765 1768 864 1800 non
887 1760 1106 1815 possunt.
1178 1753 1236 1800 In
1261 1754 1458 1817 judiciis
1482 1769 1599 1816 ergo

223 1826 506 1890 praejudicia
539 1828 698 1875 valere
733 1844 833 1875 non
879 1827 1073 1887 debent,
1115 1845 1272 1892 neque
1309 1829 1600 1877 sententiam

204 1902 442 1965 'iniquam
467 1917 698 1950 excusare
721 1910 940 1966 possunt.
1012 1904 1286 1967 Unicuique
1310 1921 1427 1969 ergo
1446 1905 1601 1969 judici

225 1977 477 2035 incumbit,
512 1986 569 2025 ut
603 1979 896 2027 sententiam
930 1978 1057 2027 ferat
1091 1995 1151 2027 ex
1186 1996 1273 2028 sua
1308 1981 1460 2044 ipsius
1483 1997 1600 2028 con-

226 2053 428 2101 scientia
450 2061 500 2100 et
522 2054 710 2101 ratione
724 2054 948 2112 naturali,
963 2055 1233 2119 peritiaque
1250 2056 1450 2120 propria
1472 2057 1602 2104 circa

226 2144 417 2192 aequum
442 2136 491 2176 et
513 2129 712 2187 bonum,
736 2145 827 2177 nec
846 2146 876 2177 a
897 2130 1191 2193 praejudiciis
1221 2131 1442 2194 judicum
1476 2147 1601 2194 prae-

227 2203 518 2252 cedentium.
571 2205 791 2268 Exempli
807 2221 967 2262 causa,
973 2205 1150 2270 puniri
1173 2207 1472 2254 innocentem
1487 2222 1603 2253 con-

228 2286 307 2326 tra
326 2278 483 2342 legem
506 2288 693 2328 naturae
717 2289 805 2328 est.
865 2281 1105 2329 Innocens
1129 2290 1294 2330 autem
1318 2290 1407 2339 est,
1424 2281 1505 2345 qui
1522 2297 1603 2330 co-

228 2369 331 2402 ram
339 2354 503 2417 judice
518 2355 767 2404 absolutus
780 2363 867 2404 est.
891 2356 1163 2405 Accusatur
1175 2357 1372 2420 quidam
1387 2356 1602 2405 criminis

229 2429 462 2493 capitaliS,
487 2430 570 2493 qui
595 2431 900 2480 inimicorum
925 2448 1122 2480 suorum
1144 2433 1366 2496 potentia
1390 2440 1439 2480 et
1463 2431 1603 2480 mali-

229 2504 298 2552 tia
330 2504 646 2569 judicumque
680 2507 935 2571 iniquitate
970 2508 1113 2556 solita
1135 2508 1358 2572 cognitis,
1382 2515 1603 2555 metuens

230 2595 293 2628 ne
329 2580 751 2641 condemnaretur,
788 2583 1008 2645 aufugit;
1045 2583 1243 2631 tandem
1278 2591 1516 2631 retractus
1540 2583 1604 2630 ad

231 2654 470 2703 tribunale
508 2656 697 2705 sistitur
732 2673 842 2706 reus
863 2679 876 2714 ;
924 2674 1119 2707 causam
1157 2658 1305 2713 dicit;
1351 2657 1603 2706 absolutus

232 2737 319 2778 est.
357 2730 601 2779 Caeterum
626 2733 853 2795 quoniam
887 2734 1164 2782 obtinuerat
1195 2734 1245 2781 in
1269 2733 1463 2781 civitate
1487 2749 1604 2781 con-

234 2805 439 2854 suetudo
463 2822 520 2853 ex
547 2807 711 2855 multis
734 2809 1028 2872 praejudiciis
1062 2809 1442 2872 praecedentium
1473 2808 1603 2871 judi-

235 2895 360 2939 cum,
397 2888 452 2930 ut
486 2881 570 2944 qui
608 2882 804 2946 fugerit,
838 2900 1113 2947 quanquam
1149 2892 1320 2948 postea
1355 2883 1602 2937 absolutus
