1910 3236
685 199 756 232 DE
785 200 1027 234 ΗοΜιΝΕ.
1485 194 1549 236 63

156 310 262 359 ritu
285 308 553 374 sapientiae
581 311 655 358 ad
667 311 972 374 faciendum
1006 314 1295 362 vestimenta
1320 314 1552 362 Aaroni:
1593 339 1696 371 (Ἃρ
1712 338 1815 372 vm,

157 402 259 435 non
296 385 646 448 intelligendus
682 396 759 434 est
796 389 982 451 peritus
1017 389 1230 437 faciendi
1260 390 1554 438 vestimenta
1571 393 1795 461 nem

157 462 374 528 spiritus
408 461 619 526 iryfuszw,
652 462 739 509 sed
771 465 1011 527 sapientia
1043 466 1262 529 ipsorum
1296 466 1577 514 hominumi
1578 476 1696 504 noellect
1698 475 1824 507 mfibus:

158 538 212 587 in
234 553 294 586 eo
316 553 498 602 genere
522 538 696 602 operis.
769 539 1004 588 Similiter
1036 542 1236 605 spiritus
1258 542 1486 601 hominis,
1512 543 1554 590 si
1570 520 1787 601 ἓμζῗέἒῗφ

0 667 11 676 ..
158 613 403 679 producat
437 614 657 662 actiones
688 614 982 674 immundas,
1007 618 1320 681 appellatur’
1308 634 1359 666 m
1389 618 1554 682 Scrip-

0 697 14 721 ’
158 690 285 738 turis
329 689 544 755 spiritu-3
590 690 879 739 immundus.
962 693 1125 741 Etiam
1170 694 1221 742 in
1281 694 1388 742 aliis
1433 694 1554 742 locis

5 773 15 782 ’
158 765 315 814 virtus
331 766 411 814 vel
427 766 618 824 vitium,
637 766 678 814 si
696 767 950 831 egregium
974 769 1037 816 sit
1060 777 1109 817 et
1132 771 1365 829 eminens,
1389 771 1554 834 appel-

158 842 292 890 latur
313 842 528 906 spiritus.
584 843 758 908 Neque
782 852 896 907 post
914 844 1106 892 Mosem
1127 846 1382 910 prophetae
1406 847 1555 894 Vete-

160 917 230 966 ris
245 917 549 966 Testamenti
565 918 955 967 enthusiasmum
971 921 1339 983 praetenderunt
1357 944 1369 977 ;
1394 938 1553 986 neque

160 993 229 1052 in,
266 993 354 1042 sed
388 993 462 1041 ad
503 1009 555 1041 se
601 994 823 1042 locutum
869 1010 975 1042 esse
1017 995 1190 1054 Deum,
1233 1013 1425 1061 nempe,
1465 1014 1555 1062 per

160 1069 399 1118 visionem
421 1069 500 1117 vel
523 1071 783 1118 somnium.
854 1071 1027 1134 Neque
1058 1072 1180 1120 illud
1210 1089 1331 1120 omes
1354 1073 1555 1121 Domini

153 1145 414 1209 possessio
460 1154 581 1204 erat,
624 1145 711 1193 sed
756 1147 941 1209 ju83i0.
1035 1147 1294 1197 Quomodo
1340 1165 1458 1212 ergo
1503 1150 1555 1196 in

163 1220 446 1284 opinionem
490 1222 618 1269 hanc
663 1222 984 1271 enthusiasmi
1030 1224 1247 1273 incidere
1286 1233 1557 1288 potuerunt

161 1295 357 1345 Judaei?
427 1297 623 1357 Nescio,
669 1298 764 1347 nisi
806 1298 939 1362 quod
982 1299 1229 1363 plerisque
1277 1301 1556 1349 hominibus

164 1388 423 1421 commune
462 1381 553 1433 est,
594 1390 695 1423 non
746 1375 955 1423 nimium
999 1376 1246 1439 inquirere
1291 1377 1343 1424 in
1389 1393 1558 1425 causas

163 1450 444 1508 naturales3
481 1451 868 1516 felicitatemque
890 1452 1132 1500 collocare
1155 1453 1208 1500 in
1225 1444 1559 1516 voluptatibus

165 1541 412 1585 sensuum,
437 1535 489 1575 et
510 1527 659 1576 rebus
681 1527 778 1576 illis
802 1544 912 1591 quae
944 1528 1155 1576 maxime
1179 1528 1307 1576 istuc
1331 1528 1558 1576 tendunt.

166 1602 269 1652 Qui
286 1603 419 1651 enim
435 1602 685 1652 insolitam
701 1603 938 1652 virtutem
951 1604 1029 1651 vel
1048 1603 1293 1652 defectum
1309 1604 1560 1652 insolitum

164 1678 350 1738 vident,
373 1678 468 1726 nisi
491 1679 637 1727 simul
658 1679 859 1727 videant
879 1679 1013 1727 unde
1042 1680 1365 1744 probabiliter
1386 1695 1558 1743 proce-

165 1753 283 1803 dere
327 1754 505 1818 potuit,
551 1771 652 1803 non
697 1755 842 1804 facile
893 1764 1074 1819 putant
1119 1772 1223 1804 esse
1268 1756 1558 1804 naturalem.

168 1829 319 1879 Quod
341 1830 383 1878 si
405 1846 508 1878 non
525 1830 819 1890 naturalem,
839 1831 1114 1880 necessario
1139 1832 1561 1896 supernaturalem

166 1922 273 1956 esse
304 1914 499 1971 putant.
564 1907 813 1957 Quaenam
843 1915 1010 1956 autem
1043 1924 1150 1956 esse
1177 1915 1342 1972 potest
1374 1923 1451 1956 res
1478 1907 1563 1954 illa

167 1989 352 2048 praeter
373 1983 535 2031 Deum
558 1992 644 2032 aut
668 1983 943 2032 daemonem
962 1985 1117 2048 quiin
1135 1985 1386 2032 hominem
1409 1984 1564 2031 intra-

166 2058 328 2108 verit?
398 2060 572 2124 Itaque
596 2076 710 2108 cum
729 2061 963 2109 Servator
980 2071 1148 2109 noster
1176 2061 1353 2123 (Mare.
1379 2060 1446 2107 iii.
1472 2062 1557 2118 21)

166 2151 200 2184 a
226 2135 542 2184 multitudine
580 2136 876 2200 cingeretur,
906 2136 993 2195 illi,
1027 2137 1111 2200 qui
1142 2137 1194 2184 in
1226 2137 1372 2185 domo
1404 2143 1560 2192 erant,

165 2211 330 2260 furere
362 2227 475 2259 eum
516 2212 936 2271 existimaverunt,
970 2213 1291 2276 exieruntque
1325 2211 1470 2259 domo
1506 2217 1564 2257 ut

167 2287 472 2336 cohiberent.
543 2288 728 2336 Scribae
746 2296 914 2336 autem
938 2288 1184 2347 dixerunt,
1205 2287 1337 2351 quod
1359 2287 1562 2334 haberet

169 2363 450 2424 demonem,
458 2379 635 2428 nempe
644 2365 1036 2428 Beelzebub,per
1052 2381 1198 2427 quem
1206 2364 1406 2427 ejecisse
1425 2362 1562 2409 illum

169 2438 414 2488 daemonia
430 2439 678 2488 dixerunt.
749 2440 883 2488 Hinc
907 2440 1057 2487 etiam
1081 2448 1187 2487 erat
1206 2437 1340 2502 quod
1364 2436 1562 2500 quidam

168 2513 403 2564 dixerunt
420 2515 470 2577 (J
473 2516 618 2564 ohan.
637 2532 685 2565 x.
702 2516 810 2578 20),
826 2516 1112 2564 daemonium
1129 2514 1278 2563 habet
1295 2520 1346 2561 et
1361 2513 1564 2560 insanus

164 2595 275 2638 eet.-
321 2591 520 2654 quando
535 2591 635 2651 alii,
651 2593 736 2656 qui
754 2592 892 2640 illum
906 2608 997 2655 pro
1011 2591 1252 2655 propheta
1270 2588 1563 2642 habuerunt,

170 2665 417 2725 dixerunt,
432 2683 527 2715 non
540 2675 657 2716 sunt
680 2668 788 2716 hoec
801 2667 954 2715 verba
968 2668 1091 2730 ejus,
1110 2666 1197 2731 qui
1219 2665 1370 2713 habet
1386 2663 1565 2711 daemo-

170 2741 318 2789 m‘um.
366 2742 491 2790 Item
506 2743 558 2791 in
572 2744 889 2791 Testamento
907 2742 1076 2790 Veteri
1097 2743 1147 2803 (4
1171 2742 1291 2803 Reg.
1312 2740 1375 2787 ix.
1408 2745 1424 2787 1
1443 2740 1507 2800 Ι),
1523 2739 1564 2786 is

171 2817 257 2880 qui
274 2817 452 2865 missus
469 2818 564 2866 fuit
582 2819 646 2867 ad
662 2818 947 2883 ungendum
966 2833 1132 2880 regem
1156 2817 1184 2864 J
1188 2816 1299 2873 ehu,
1323 2814 1565 2878 propheta
