1910 3236
367 210 429 251 58
886 220 956 253 DE
988 220 1232 254 HOMINE.

99 353 200 385 cAp,
219 354 318 385 vm,
361 340 503 379 tenus
528 331 592 379 ad
623 330 897 394 prudentiae
920 331 1159 394 gradum;
1196 332 1405 380 multum
1430 339 1595 380 tamen
1620 333 1756 396 quod

115 408 304 430 W
361 408 539 456 attinet
554 407 617 455 ad
632 407 820 470 negotii
840 408 1051 469 speciem
1069 426 1079 454 ε
1107 408 1518 471 quemadmodum
1537 409 1586 455 in
1604 425 1756 472 parva

77 447 121 474 De
154 449 160 455 ”
227 449 233 455 ’
278 469 282 476 .

75 449 334 526 ἱυωῗοῗῖἒαῗὶῗυω
360 491 445 531 aut
465 500 646 546 magna
663 483 832 530 tabula
855 483 980 530 bene
1003 484 1205 547 pingere
1228 500 1328 532 non
1353 484 1613 548 distinguit
1636 485 1754 532 artis

75 534 294 574 defectibusque
825 558 834 567 .
1117 559 1127 568 .
1349 560 1359 568 .
1404 560 1413 569 .

74 579 219 615 oppozims⁴
358 559 582 622 gradum,
600 558 685 606 sed
704 574 940 621 speclem;
961 566 1012 606 et
1026 559 1241 622 agricola
1253 559 1387 607 rudls
1402 577 1452 607 1n
1468 577 1521 607 re
1537 577 1625 608 sua
1637 576 1754 624 pru-

360 634 554 682 dentior
572 641 644 681 est
667 634 972 696 plerumque,
993 650 1140 697 quam
1163 634 1480 698 philosophus
1500 635 1551 682 in
1577 635 1750 683 aliena.

425 709 504 757 Ad
527 708 840 772 prudentiam
866 709 906 756 si
929 709 1140 757 addatur
1162 709 1435 758 mediorum
1460 710 1752 774 injustorum

358 786 435 832 vel
459 786 830 832 inhonestorum
854 801 987 843 usus,
1011 786 1175 849 qualia
1202 802 1330 849 saepe
1355 787 1574 849 suggerit
1594 795 1752 835 metus

360 862 434 908 vel
471 861 652 923 inopia,
688 861 745 908 fit
779 861 1040 924 prudentia
1074 861 1158 908 illa
1193 861 1402 920 sinistra,
1437 878 1547 924 quae
1583 862 1750 925 appel-

357 936 486 983 latur
510 935 701 983 astutia
717 955 735 991 ;
773 953 882 1000 quae
918 936 1111 1000 signum
1146 937 1433 1000 plerumque
1457 945 1531 984 est
1554 938 1752 1000 pusilla-

356 1011 607 1059 nimitatis.
658 1012 855 1059 Auxilia
873 1012 1002 1059 enim
1022 1013 1203 1076 injusta
1222 1020 1273 1060 et
1287 1012 1546 1060 inhonesta
1559 1013 1751 1061 animus

356 1102 562 1150 magnus
598 1096 902 1150 aspernatur.
972 1089 1061 1135 Est
1099 1088 1247 1135 etiam
1279 1088 1374 1135 alia
1399 1088 1537 1151 quasi
1559 1089 1751 1136 astutiae

355 1163 557 1225 species,
578 1179 688 1226 quae
706 1171 911 1211 vocatur
934 1164 1158 1212 versutia
1174 1183 1192 1219 ;
1229 1181 1339 1227 quae
1360 1173 1435 1211 est
1453 1164 1658 1227 periculi
1674 1164 1751 1212 vel

354 1238 668 1297 incommodi,
685 1239 981 1288 incurrendo
1006 1240 1057 1287 in
1075 1241 1230 1303 pejus,
1247 1239 1311 1287 ad
1334 1256 1540 1303 parvum
1556 1247 1750 1304 tempus

355 1314 554 1369 dilati03
591 1315 882 1378 videturque
908 1315 1005 1363 dici
1042 1332 1071 1363 a
1105 1332 1330 1373 versura,
1368 1332 1477 1378 quae
1508 1315 1752 1380 significat

355 1390 513 1437 mutui
545 1391 871 1454 sumptionem
897 1392 960 1439 ad
983 1392 1141 1439 mutui
1175 1391 1481 1439 solutionem.

421 1465 684 1530 Ingenium
724 1467 1037 1531 acquisitum,
1062 1483 1238 1531 nempe
1276 1467 1510 1515 methodo
1547 1475 1596 1515 et
1633 1467 1749 1515 doc-

353 1540 499 1599 trina,
540 1542 729 1589 nullum
770 1550 844 1590 est
883 1550 1062 1606 praeter
1102 1543 1342 1591 rationem
1361 1561 1372 1598 ;
1424 1559 1532 1606 quae
1570 1551 1680 1591 orta
1719 1560 1749 1591 a

352 1624 489 1664 recto
515 1618 751 1665 sermonis
774 1634 867 1666 usu
890 1618 1120 1681 producit
1152 1618 1396 1666 scientiaS.
1470 1618 1567 1666 Sed
1585 1619 1646 1666 de
1670 1635 1747 1667 ra-

353 1692 487 1740 tione
511 1700 561 1740 et
585 1693 789 1741 scient-ia
812 1693 998 1741 dictum
1024 1702 1099 1741 est
1122 1710 1270 1756 supra
1297 1694 1422 1756 (cap.
1450 1709 1502 1741 v.
1528 1703 1579 1742 et
1602 1696 1722 1751 vl.).

421 1769 737 1832 Ingeniorum
752 1769 1028 1817 differentia
1042 1769 1196 1817 oritur
1211 1785 1239 1816 a
1253 1769 1581 1831 passionibus3
1608 1769 1746 1818 diffe-

351 1844 512 1891 rentia
535 1851 698 1891 autem
715 1844 995 1907 passionum
1017 1845 1199 1908 partim
1218 1861 1247 1892 a
1271 1844 1462 1892 diversa
1485 1861 1744 1909 corporum

353 1920 720 1978 constitutione,
756 1920 935 1983 partim
959 1936 987 1967 a
1015 1919 1295 1967 diversitate
1335 1921 1745 1968 consuetudinum

353 2002 403 2043 et
425 1995 746 2042 educationis.

419 2070 671 2118 Passiones
689 2070 800 2127 illae,
817 2086 925 2133 quae
943 2069 1252 2133 ingeniorum
1271 2069 1570 2118 differentias
1588 2070 1742 2118 maxi-

351 2162 455 2194 mas
477 2146 682 2203 faciunt,
715 2155 828 2193 sunt
859 2146 1146 2208 plerumque
1185 2147 1341 2209 major
1363 2146 1441 2193 vel
1472 2146 1633 2194 minor
1656 2162 1741 2194 cu-

349 2223 529 2286 piditas
563 2222 812 2286 potentiae,
851 2221 1151 2280 divitiarum,
1188 2221 1419 2280 scientiae,
1456 2221 1738 2285 dignitatis;

350 2315 460 2362 quae
485 2314 653 2346 omnes
677 2297 846 2345 reduci
869 2305 1078 2360 possunt
1102 2297 1164 2345 ad
1188 2298 1460 2360 potentiam
1481 2318 1493 2353 ;
1529 2314 1643 2345 nam
1667 2297 1736 2346 di-

348 2375 495 2432 vitiae,
520 2373 737 2432 scientia,
764 2372 993 2436 dignitaS,
1014 2380 1127 2420 sunt
1143 2373 1379 2436 potentiae
1404 2373 1603 2437 species.

416 2451 602 2514 Itaque,
628 2449 668 2497 si
692 2449 800 2512 quis
833 2464 891 2496 ea
921 2464 1019 2496 non
1044 2448 1342 2512 magnifacit,
1367 2449 1459 2497 etsi
1482 2449 1557 2496 vir
1578 2450 1739 2497 bonus

348 2542 452 2574 esse
486 2525 652 2590 possit,
676 2540 926 2587 nunquam
962 2532 1128 2572 tamen
1151 2524 1397 2572 videbitur
1431 2526 1615 2573 bonum
1651 2525 1738 2573 ha-

347 2604 462 2650 bere
503 2601 771 2665 ingenium.
853 2599 1188 2663 Cogitationes
1234 2600 1364 2647 enim
1410 2601 1737 2664 cupiditatum

348 2686 462 2726 sunt
493 2686 729 2740 tanquam
763 2676 1111 2739 exploratores,
1135 2675 1297 2723 emissi
1328 2676 1391 2723 ad
1414 2677 1736 2740 explorandas

347 2754 464 2812 vias,
490 2753 663 2816 quibus
686 2751 749 2800 ad
773 2752 940 2815 cupita
961 2751 1179 2810 ferimur,
1204 2767 1314 2815 quae
1341 2753 1553 2800 motibus
1585 2753 1735 2802 animi

346 2836 450 2876 tum
476 2828 694 2891 regulam
709 2834 814 2875 tum
833 2827 1134 2875 celeritatem
1150 2827 1388 2875 tribuunt.
1461 2828 1598 2876 Sicut
1614 2828 1735 2877 nihil
